1753 2480
563 914 594 76 SEGUNDA PARTE,

192 1008 1340 85 que contiene del modo que se ha de sumar la cuenta para no llevarla

578 1070 586 76 errada en el tribunal de Dios.

245 1253 504 69 Habiendo, lector discreto,

197 1311 453 64 prometido de la cuenta

195 1361 447 63 sacar la segunda parte,

199 1410 516 62 quiero cumplir la promesa.

197 1457 428 66 Lo primero, declarar

202 1505 502 61 es la suma de esta cuenta,

198 1555 553 55 que despues de estar sumada

197 1602 453 63 le sacaremos la prueba.

197 1649 512 66 Suma, pues, lector amigo,

195 1698 511 65 de Dios la suma grandeza,

197 1749 447 64 el poder, la magestad,

201 1799 472 59 el saber, la providencia:

197 1844 515 58 el grande amor, la piedad,

197 1895 549 64 la mansedumbre y paciencia,

199 1953 625 58 y en fin, que es incomprensible

197 1996 484 63 porque nadie lo penetra.

202 2049 428 57 Si lo sumas poderoso,

195 2094 551 64 mira al cielo, á las estrellas,

194 2146 536 55 al sol, la luna, los astros,

199 2193 491 55 con todos esos planetas.

202 2240 456 81 Verás una arquitectura,

874 1252 449 66 cuya fábrica opulenta

889 1307 635 58 dá á entender con su hermosura

882 1357 548 67 que solo Dios pudo hacerla.

892 1410 414 58 Si miras con atencion

883 1452 451 67 al círculo de la tierra,

884 1504 501 63 verás las gentes, las aves,

883 1554 530 58 los frutos, las menudencias

883 1602 502 65 de pequeñuelos gusanos,

880 1651 436 66 cuya multitud ostenta

883 1700 586 56 el poder de Dios, que él solo

882 1749 525 65 es quien sustentarlo pueda.

886 1798 468 64 Si lo sumas sábio, mira

887 1846 506 62 y ten por cosa muy cierta

887 1897 554 63 que el pensamiento mas leve

887 1948 517 59 no se escapa de su ciencia.

886 1996 414 58 Si lo sumas amoroso,

880 2044 496 57 con humildad, considera

872 2094 498 59 que de tu amor obligado

882 2144 449 56 dió la vida con afrenta.

882 2193 488 61 Si piadoso, ¿dónde pudo

895 2240 515 81 caber piedad que ofreciera
