1860 2629
916 280 231 83 — 2 —

355 340 577 74 Pongo el uno: luego al punto

357 397 512 60 con mucho amor considera

357 446 569 65 que hay un solo Dios, que es

359 492 579 71 quien crió el cielo y la tierra;

357 544 582 69 que hay sola una Vírgen pura

359 588 498 75 á quien no tocó la deuda

359 636 378 75 del pecado original

360 682 502 76 que cometió Adan y Eva:

362 720 570 89 que en todo el mundo no hay

362 784 530 70 mas que una ley verdadera,

363 832 532 70 que es la ley de Jesucristo,

365 886 551 67 porque las demas son sectas:

366 934 541 73 que hay una gloria no mas,

368 984 458 61 un purgatorio de penas,

371 1031 534 76 y un infierno donde siempre

369 1085 509 67 los demonios atormentan.

371 1130 415 63 La cuenta será cabal

371 1181 518 61 si es que así lo consideras,

372 1232 490 62 porque por otro camino,

374 1279 466 63 no sé si te saldrá cierta.

374 1323 562 64 Pon el dos, y luego al punto

375 1371 517 64 que tiene dos ojos piensa,

375 1422 475 69 para no ver cosas malas

376 1470 493 65 sí para ver cosas buenas:

376 1517 522 76 que Dios te dió dos oidos,

376 1571 480 69 porque con ellos oyeras

379 1621 490 67 del predicador las voces,

378 1669 536 67 del confesor las sentencias:

381 1704 586 89 que tienes tambien dos labios,

382 1765 544 70 para que pronunciar puedas

384 1819 556 75 las cosas de Dios hien claras

385 1873 542 68 como lo son ellas mesmas:

387 1920 526 66 que tienes en las narices

387 1964 555 66 dos ventanas con que huelas

394 2014 478 65 de la gloria la fragancia

390 2065 536 65 ó el hedor de las cavernas;

391 2107 583 63 que tienes tambien dos manos

398 2160 468 71 para remediar con ellas,

394 2214 430 63 si acaso fuese posible,

394 2262 508 70 del prógimo las miserias;

395 2310 513 104 dos pies para que camines

1037 344 456 59 por la verdadera senda,

1038 389 439 66 huyendo del precipicio

1041 441 455 61 que la culpa te acarrea.

1038 484 604 76 Esto es lo que el dos contiene,

1030 541 508 57 y sabrás que se aumentan

1041 587 509 64 sumando de aquesta suerte

1024 635 508 73 dos millones de riquezas.

1049 682 469 67 Al poner el tres, te digo

1044 728 574 75 que es fuerza que te detengas,

1047 787 437 58 por ser el número tres

1052 833 496 63 el que mas valor encierra.

1046 882 510 65 Contemplarás en principio

1047 930 447 52 con humilde reverencia

1052 978 458 56 las tres divinas personas

1050 1025 481 66 de la Trinidad inmensa:

1059 1074 505 62 luego, que tienes un alma

1054 1127 509 63 formada de tres potencias,

1056 1174 520 70 pero que hay tres enemigos

1057 1218 629 76 que han de combatir con ellas,

1062 1272 568 73 que han de tener tres virtudes

1063 1323 503 64 para que nunca la venzan:

1063 1370 497 68 Fe, Esperanza y Caridad,

1063 1421 519 60 armas con que se defienda.

1065 1470 488 57 Que recien nacido Cristo,

1066 1520 436 64 vinieron con diligencia

1065 1567 385 55 tres reyes á visitarlo

1068 1615 502 60 y á ofrecerle tres ofrendas:

1070 1667 493 65 que subió á transfigurarse

1069 1713 478 65 al Tabor, y con él lleva

1070 1762 494 63 tres discípulos que fuesen

1072 1816 465 69 testigos de su grandeza:

1070 1866 608 70 que oró en el Huerto tres veces,

1075 1919 564 65 y que fue por culpas nuestras

1076 1976 477 45 amarrado con tres sogas,

1075 2008 517 63 de Dios la suma inocencia:

1076 2059 504 69 que negó tres veces Pedro

1084 2113 502 58 y que con lágrimas tiernas

1079 2155 468 67 lloró su culpa, y quedó

1081 2205 487 67 absuelto de culpa y pena:

1084 2256 522 67 que anduvo tres tribunales

1087 2306 457 131 para darle la sentencia;
