1860 2629
813 267 130 79 — 7 —

203 339 387 57 leño para ser tizon

204 387 517 55 en las profundas cavernas,

206 431 377 59 antorcha para lucir

204 474 478 60 en las celestiales fiestas.

204 531 513 51 De ser leño á ser antorcha

203 573 488 57 saca tú la consecuencia,

204 628 526 59 y escoge de estas dos cosas

201 673 487 63 la que mejor te parezca.

201 721 506 66 Si leño quieres quedarte,

203 771 502 57 suma las horribles penas

201 819 520 61 con que son atormentados

201 867 567 61 los que erraron estas cuentas.

201 914 528 68 Procura ser como el agua,

201 963 573 73 que comenzando entre penas,

200 1020 434 63 si pasa por angosturas

200 1072 523 52 sale mas clara y mas fresca;

200 1123 518 54 al contrario si muy ancha,

198 1164 478 58 por donde pasa navega,

200 1216 523 60 saldrá turbia, gorda y mala

197 1261 493 57 que nadie pueda beberla.

200 1315 553 55 Si tú, cristiano, te angostas,

198 1362 482 60 te humillas y te sujetas

201 1408 489 57 á la ley de Dios, saldrás

198 1457 563 63 como el agua clara y fresca;

198 1505 532 60 mas si quieres ensancharte

197 1552 520 61 caminando á rienda suelta,

203 1603 527 62 darás en un precipicio

198 1650 539 63 donde despreciado mueras;

198 1698 493 69 pon freno á tus apetitos,

203 1751 505 61 tírato bien de la rienda

198 1799 579 64 que has costado mucho á Dios

203 1849 524 65 y es lástima que te pierdas.

204 1901 462 63 Ya sé que no pecarás

195 1951 477 54 si con amor consideras,

203 2005 493 51 como Dios por tí pasó

195 2049 501 62 tantas injurias y afrentas.

195 2092 537 60 Considera que bajó

195 2142 561 73 desde el cielo hasta la tierra,

197 2195 486 64 y que nació en un portal

195 2241 471 69 con humildad y pobreza.

195 2288 504 97 Saca de aquí el poco caso

886 346 603 54 que debes hacer de haciendas,

891 387 552 65 de empleos, de dignidades,

892 427 509 76 de mandos ni de riquezas,

892 486 503 63 que las cosas de esta vida

892 536 441 62 son cosas perecederas,

888 573 526 73 y cosas que no son firmes

888 632 602 66 no se ha de hacer caso de ellas.

892 679 558 62 Mira á María Egipciaca,

885 728 624 70 que haciendo á Dios mil ofensas,

883 779 492 62 pasaba lo mas del tiempo

888 830 439 59 necesidades estremas;

888 874 456 65 enmendóse del pecado

888 924 564 68 y haciendo de él penitencia,

881 972 408 62 la sujetaba el Señor

883 1023 614 68 no comiendo mas que yerbas:

881 1069 439 72 de aquí puedes inferir

889 1123 528 64 que el pecado no sustenta,

885 1169 548 73 que antes destruye y acaba

881 1218 553 72 la complexion sana y buena.

883 1266 474 70 La gracia de Dios alivia

881 1321 467 63 las fatigas, las miserias,

881 1364 500 66 las congojas y las ansias,

881 1413 467 72 los trabajos y las penas:

888 1470 478 63 ¿pues cuánto mejor será

881 1511 586 75 buscar á Dios porque puedas

879 1559 478 73 hallar en tus aflicciones

879 1612 426 61 el alivio que deseas?

886 1660 511 61 Animo, pues, lector mio,

881 1713 485 57 valor, tu espíritu alienta

888 1757 403 65 para dejar el pecado

881 1814 529 65 y para buscar la enmienda.

879 1860 426 63 Considera por tu vida

882 1908 593 68 que no hay nadie que merezca

879 1952 467 72 ser mas amado de Dios

879 2006 507 66 en los cielos y en la tierra.

883 2059 490 63 Amale, pues, lector mio,

877 2101 428 65 ofreciéndote de veras

878 2158 514 59 antes perder cien mil vidas

878 2205 553 67 que volver á hacerle ofensa:

879 2259 443 55 mira que su Magestad

878 2297 593 89 te está aguardando que vengas,
