<?xml version="1.0" encoding="UTF-8"?>
<alto xmlns:xsi="http://www.w3.org/2001/XMLSchema-instance"
      xmlns="http://www.loc.gov/standards/alto/ns-v4#"
      xsi:schemaLocation="http://www.loc.gov/standards/alto/ns-v4# http://www.loc.gov/standards/alto/v4/alto-4-2.xsd">
  <Description>
    <MeasurementUnit>pixel</MeasurementUnit>
    <sourceImageInformation>
      <fileName>Varios_393_6.jpg</fileName>
      
    </sourceImageInformation>
  </Description>
  
  <Tags>
    <OtherTag ID="BT221" LABEL="CustomZone:impresorNum" DESCRIPTION="block type CustomZone:impresorNum"/><OtherTag ID="BT222" LABEL="CustomZone:numero_pliego" DESCRIPTION="block type CustomZone:numero_pliego"/><OtherTag ID="BT223" LABEL="CustomZone:title" DESCRIPTION="block type CustomZone:title"/><OtherTag ID="BT224" LABEL="GraphicZone:illustration" DESCRIPTION="block type GraphicZone:illustration"/><OtherTag ID="BT225" LABEL="GraphicZone:ornamentation" DESCRIPTION="block type GraphicZone:ornamentation"/><OtherTag ID="BT226" LABEL="MainZone" DESCRIPTION="block type MainZone"/><OtherTag ID="BT227" LABEL="MainZone:columns" DESCRIPTION="block type MainZone:columns"/><OtherTag ID="BT228" LABEL="MarginTextZone:colophon" DESCRIPTION="block type MarginTextZone:colophon"/><OtherTag ID="BT229" LABEL="MarginTextZone:note" DESCRIPTION="block type MarginTextZone:note"/><OtherTag ID="BT230" LABEL="MusicZone" DESCRIPTION="block type MusicZone"/><OtherTag ID="BT231" LABEL="NumberingZone:page" DESCRIPTION="block type NumberingZone:page"/><OtherTag ID="BT232" LABEL="QuireMarksZone:catchwords" DESCRIPTION="block type QuireMarksZone:catchwords"/><OtherTag ID="BT233" LABEL="QuireMarksZone:signature" DESCRIPTION="block type QuireMarksZone:signature"/><OtherTag ID="BT234" LABEL="RunningTitleZone" DESCRIPTION="block type RunningTitleZone"/>
    <OtherTag ID="LT81" LABEL="CustomLine:propriedad" DESCRIPTION="line type CustomLine:propriedad"/><OtherTag ID="LT82" LABEL="CustomLine:trailer" DESCRIPTION="line type CustomLine:trailer"/><OtherTag ID="LT83" LABEL="DefaultLine" DESCRIPTION="line type DefaultLine"/><OtherTag ID="LT84" LABEL="HeadingLine" DESCRIPTION="line type HeadingLine"/>
  </Tags>
  
  <Layout>
    <Page WIDTH="1860"
          HEIGHT="2629"
          PHYSICAL_IMG_NR="183"
          ID="eSc_dummypage_">
      <PrintSpace HPOS="0"
                  VPOS="0"
                  WIDTH="1860"
                  HEIGHT="2629">
        
        <TextBlock HPOS="872"
                   VPOS="333"
                   WIDTH="218"
                   HEIGHT="89"
                   ID="eSc_textblock_fe681a53"
                   TAGREFS="BT231">
          <Shape><Polygon POINTS="872 333 872 422 1090 422 1090 333"/></Shape>
          
          
          <TextLine ID="eSc_line_4de47992"
                    TAGREFS="LT83"
                    BASELINE="887 398 1072 395" 
                    HPOS="883"
                    VPOS="333"
                    WIDTH="187"
                    HEIGHT="83">
            <Shape><Polygon POINTS="886 396 886 409 1068 416 1070 394 1063 333 883 343 886 396"/></Shape>
	    <String CONTENT="— 6 —"
                    HPOS="883"
                    VPOS="333"
                    WIDTH="187"
                    HEIGHT="83"></String>
          </TextLine>

          
        </TextBlock>
        
        <TextBlock HPOS="287"
                   VPOS="410"
                   WIDTH="663"
                   HEIGHT="2048"
                   ID="block_0"
                   TAGREFS="BT227">
          <Shape><Polygon POINTS="950 410 950 2458 287 2458 287 410"/></Shape>
          
          
          <TextLine ID="line_0"
                    TAGREFS="LT83"
                    BASELINE="293 451 748 448" 
                    HPOS="292"
                    VPOS="410"
                    WIDTH="456"
                    HEIGHT="63">
            <Shape><Polygon POINTS="715 410 701 410 686 410 672 410 657 410 642 410 628 410 613 410 599 410 588 410 561 411 559 410 555 410 540 410 526 410 511 410 496 410 482 410 467 410 452 410 444 410 441 414 410 414 406 410 394 410 379 410 365 410 355 410 352 413 321 410 321 410 306 410 292 410 293 451 293 468 732 473 733 473 734 473 736 473 748 465 748 448 745 413 727 410 715 410"/></Shape>
	    <String CONTENT="la vida siendo tú el reo"
                    HPOS="292"
                    VPOS="410"
                    WIDTH="456"
                    HEIGHT="63"></String>
          </TextLine>

          
          
          <TextLine ID="line_1"
                    TAGREFS="LT83"
                    BASELINE="296 500 780 495" 
                    HPOS="295"
                    VPOS="460"
                    WIDTH="485"
                    HEIGHT="64">
            <Shape><Polygon POINTS="296 500 296 524 778 512 780 495 775 460 295 462 296 500"/></Shape>
	    <String CONTENT="para que tú no murieras?"
                    HPOS="295"
                    VPOS="460"
                    WIDTH="485"
                    HEIGHT="64"></String>
          </TextLine>

          
          
          <TextLine ID="line_2"
                    TAGREFS="LT83"
                    BASELINE="296 552 784 544" 
                    HPOS="295"
                    VPOS="503"
                    WIDTH="489"
                    HEIGHT="66">
            <Shape><Polygon POINTS="296 552 296 566 683 569 685 569 694 568 734 560 781 568 784 544 783 515 752 503 751 503 749 503 689 515 683 515 677 514 641 505 639 505 638 505 637 505 615 514 613 515 612 514 597 505 596 505 594 505 593 505 591 505 561 514 550 517 509 514 433 508 432 508 431 508 417 514 409 517 295 514 296 552"/></Shape>
	    <String CONTENT="Si paciente, ¿dónde pudo"
                    HPOS="295"
                    VPOS="503"
                    WIDTH="489"
                    HEIGHT="66"></String>
          </TextLine>

          
          
          <TextLine ID="line_3"
                    TAGREFS="LT83"
                    BASELINE="295 600 777 595" 
                    HPOS="293"
                    VPOS="555"
                    WIDTH="484"
                    HEIGHT="61">
            <Shape><Polygon POINTS="295 600 295 616 777 616 777 595 774 565 648 555 647 555 582 565 577 565 569 565 480 556 479 556 477 556 445 565 439 566 431 565 384 557 382 557 293 565 295 600"/></Shape>
	    <String CONTENT="tan invencible paciencia,"
                    HPOS="293"
                    VPOS="555"
                    WIDTH="484"
                    HEIGHT="61"></String>
          </TextLine>

          
          
          <TextLine ID="line_4"
                    TAGREFS="LT83"
                    BASELINE="298 648 753 642" 
                    HPOS="296"
                    VPOS="601"
                    WIDTH="457"
                    HEIGHT="65">
            <Shape><Polygon POINTS="298 648 298 666 752 661 753 642 751 610 641 601 639 601 638 601 619 610 442 604 441 604 439 604 438 604 438 606 431 613 296 614 298 648"/></Shape>
	    <String CONTENT="que te ofrece beneficios"
                    HPOS="296"
                    VPOS="601"
                    WIDTH="457"
                    HEIGHT="65"></String>
          </TextLine>

          
          
          <TextLine ID="line_5"
                    TAGREFS="LT83"
                    BASELINE="296 698 832 692" 
                    HPOS="295"
                    VPOS="649"
                    WIDTH="537"
                    HEIGHT="63">
            <Shape><Polygon POINTS="296 698 296 712 831 712 832 692 828 649 733 658 715 652 708 649 707 649 705 649 704 649 696 652 680 661 596 661 587 655 577 651 575 651 574 651 572 651 550 657 536 661 527 658 514 652 512 652 511 652 445 660 433 661 426 661 353 654 352 654 295 664 296 698"/></Shape>
	    <String CONTENT="cuando tú le haces ofensas?"
                    HPOS="295"
                    VPOS="649"
                    WIDTH="537"
                    HEIGHT="63"></String>
          </TextLine>

          
          
          <TextLine ID="line_6"
                    TAGREFS="LT83"
                    BASELINE="299 747 730 743" 
                    HPOS="298"
                    VPOS="699"
                    WIDTH="432"
                    HEIGHT="67">
            <Shape><Polygon POINTS="299 747 299 759 385 766 387 766 388 766 390 766 390 765 395 759 397 759 729 759 730 743 727 709 663 709 644 699 642 699 641 699 559 709 546 701 544 701 543 701 542 701 540 701 515 709 315 702 314 702 312 702 311 702 298 709 299 747"/></Shape>
	    <String CONTENT="Si lo sumas justiciero,"
                    HPOS="298"
                    VPOS="699"
                    WIDTH="432"
                    HEIGHT="67"></String>
          </TextLine>

          
          
          <TextLine ID="line_7"
                    TAGREFS="LT83"
                    BASELINE="299 794 844 790" 
                    HPOS="298"
                    VPOS="747"
                    WIDTH="546"
                    HEIGHT="70">
            <Shape><Polygon POINTS="299 794 299 807 315 816 317 816 318 817 375 817 375 816 376 816 378 816 387 809 438 809 447 816 448 816 450 816 451 816 507 807 514 807 521 807 580 814 581 814 618 807 623 807 843 807 844 790 841 758 732 747 730 747 729 747 727 747 727 749 718 756 692 749 691 749 689 749 688 749 657 758 651 758 615 758 466 752 464 752 463 752 451 758 445 759 428 758 379 750 378 750 298 756 299 794"/></Shape>
	    <String CONTENT="tendrás por cosa muy cierta"
                    HPOS="298"
                    VPOS="747"
                    WIDTH="546"
                    HEIGHT="70"></String>
          </TextLine>

          
          
          <TextLine ID="line_8"
                    TAGREFS="LT83"
                    BASELINE="300 845 749 841" 
                    HPOS="299"
                    VPOS="797"
                    WIDTH="450"
                    HEIGHT="70">
            <Shape><Polygon POINTS="300 845 300 860 311 867 312 867 314 867 315 867 375 858 447 867 448 867 496 866 498 866 499 866 499 864 508 857 543 863 544 863 670 855 677 855 679 855 702 863 704 863 705 863 748 854 749 841 746 807 645 797 644 797 555 807 536 798 534 798 533 798 531 798 508 807 395 800 394 800 393 800 371 809 347 800 346 800 344 800 299 810 300 845"/></Shape>
	    <String CONTENT="que dejará de ser Dios"
                    HPOS="299"
                    VPOS="797"
                    WIDTH="450"
                    HEIGHT="70"></String>
          </TextLine>

          
          
          <TextLine ID="line_9"
                    TAGREFS="LT83"
                    BASELINE="300 893 828 889" 
                    HPOS="299"
                    VPOS="847"
                    WIDTH="529"
                    HEIGHT="68">
            <Shape><Polygon POINTS="300 893 300 908 448 915 450 915 451 915 482 907 486 907 490 907 514 914 515 914 517 914 594 907 597 907 600 907 648 914 650 914 651 914 669 905 672 905 673 905 692 912 694 912 695 912 826 904 828 889 825 857 670 847 669 847 591 855 504 848 502 848 501 848 463 858 362 850 360 850 299 860 300 893"/></Shape>
	    <String CONTENT="antes que injusticia hiciera."
                    HPOS="299"
                    VPOS="847"
                    WIDTH="529"
                    HEIGHT="68"></String>
          </TextLine>

          
          
          <TextLine ID="line_10"
                    TAGREFS="LT83"
                    BASELINE="300 944 837 936" 
                    HPOS="299"
                    VPOS="893"
                    WIDTH="538"
                    HEIGHT="75">
            <Shape><Polygon POINTS="300 944 300 959 368 968 369 968 436 959 476 966 477 966 553 958 555 958 638 963 639 963 641 963 656 956 658 955 660 956 675 962 676 962 677 962 679 962 696 956 699 955 837 955 837 936 834 907 781 893 780 893 778 893 756 905 732 899 730 899 729 899 683 905 654 909 625 909 618 904 607 896 606 896 604 896 603 896 568 904 540 909 511 904 490 899 489 899 463 902 429 908 414 902 406 899 404 899 403 899 401 899 400 899 397 902 387 911 368 902 365 901 363 901 362 901 299 901 300 944"/></Shape>
	    <String CONTENT="Si incomprensible no dudes"
                    HPOS="299"
                    VPOS="893"
                    WIDTH="538"
                    HEIGHT="75"></String>
          </TextLine>

          
          
          <TextLine ID="line_11"
                    TAGREFS="LT83"
                    BASELINE="300 993 840 987" 
                    HPOS="299"
                    VPOS="946"
                    WIDTH="541"
                    HEIGHT="74">
            <Shape><Polygon POINTS="300 993 300 1015 305 1019 305 1020 306 1020 308 1020 309 1020 432 1012 433 1012 435 1012 514 1019 515 1019 517 1019 518 1019 528 1012 562 1019 563 1019 658 1012 704 1009 710 1012 715 1016 717 1016 718 1016 720 1016 721 1016 736 1012 751 1009 838 1012 840 987 835 946 723 953 713 949 705 946 704 946 702 946 701 946 692 949 675 956 658 950 650 947 648 947 647 947 645 947 644 947 644 949 641 950 635 956 620 952 604 947 603 947 601 947 561 953 530 958 499 955 442 950 441 950 439 950 438 950 429 958 426 961 299 961 300 993"/></Shape>
	    <String CONTENT="que es imposible que pueda"
                    HPOS="299"
                    VPOS="946"
                    WIDTH="541"
                    HEIGHT="74"></String>
          </TextLine>

          
          
          <TextLine ID="line_12"
                    TAGREFS="LT83"
                    BASELINE="302 1041 810 1036" 
                    HPOS="300"
                    VPOS="1001"
                    WIDTH="510"
                    HEIGHT="63">
            <Shape><Polygon POINTS="302 1041 302 1064 718 1064 718 1063 720 1063 721 1063 730 1055 732 1055 736 1055 771 1063 772 1063 809 1054 810 1036 807 1010 686 1001 685 1001 622 1010 523 1003 521 1003 520 1003 505 1010 470 1003 469 1003 467 1003 466 1003 457 1010 452 1006 451 1006 450 1006 448 1006 300 1013 302 1041"/></Shape>
	    <String CONTENT="comprenderle cosa alguna"
                    HPOS="300"
                    VPOS="1001"
                    WIDTH="510"
                    HEIGHT="63"></String>
          </TextLine>

          
          
          <TextLine ID="line_13"
                    TAGREFS="LT83"
                    BASELINE="300 1092 897 1086" 
                    HPOS="299"
                    VPOS="1044"
                    WIDTH="598"
                    HEIGHT="70">
            <Shape><Polygon POINTS="300 1092 300 1105 372 1114 374 1114 375 1114 404 1107 588 1111 590 1111 591 1111 593 1111 593 1110 600 1104 745 1111 746 1111 882 1110 883 1110 885 1110 897 1101 897 1086 894 1045 781 1044 780 1044 778 1044 765 1048 745 1054 679 1050 626 1047 625 1047 623 1047 609 1051 597 1055 584 1053 562 1047 561 1047 515 1047 514 1047 512 1047 511 1047 502 1054 499 1055 489 1054 423 1048 422 1048 420 1048 419 1048 409 1057 407 1057 403 1057 328 1048 327 1048 325 1048 299 1057 300 1092"/></Shape>
	    <String CONTENT="ni en los cielos ni en la tierra."
                    HPOS="299"
                    VPOS="1044"
                    WIDTH="598"
                    HEIGHT="70"></String>
          </TextLine>

          
          
          <TextLine ID="line_14"
                    TAGREFS="LT83"
                    BASELINE="303 1139 862 1136" 
                    HPOS="302"
                    VPOS="1096"
                    WIDTH="560"
                    HEIGHT="69">
            <Shape><Polygon POINTS="303 1139 303 1158 337 1165 338 1165 393 1158 395 1158 397 1158 416 1165 417 1165 419 1165 486 1156 495 1156 499 1156 530 1165 531 1165 533 1165 577 1156 584 1155 585 1156 591 1161 591 1162 593 1162 594 1162 596 1162 676 1156 685 1164 686 1164 688 1164 689 1165 822 1165 822 1164 824 1164 862 1153 862 1136 860 1108 816 1096 815 1096 813 1096 812 1096 791 1107 790 1107 777 1107 642 1096 641 1096 639 1096 626 1104 622 1107 620 1104 613 1098 613 1096 612 1096 610 1096 609 1096 556 1098 555 1098 553 1098 553 1099 549 1102 544 1107 537 1102 531 1098 530 1098 528 1098 527 1098 526 1098 514 1102 496 1110 466 1110 458 1101 455 1099 455 1098 454 1098 452 1098 451 1098 450 1098 441 1101 419 1108 302 1099 303 1139"/></Shape>
	    <String CONTENT="Sumando de Dios lo grande,"
                    HPOS="302"
                    VPOS="1096"
                    WIDTH="560"
                    HEIGHT="69"></String>
          </TextLine>

          
          
          <TextLine ID="line_15"
                    TAGREFS="LT83"
                    BASELINE="302 1191 717 1191" 
                    HPOS="300"
                    VPOS="1154"
                    WIDTH="415"
                    HEIGHT="61">
            <Shape><Polygon POINTS="300 1189 300 1209 712 1215 715 1189 715 1154 300 1154 300 1189"/></Shape>
	    <String CONTENT="sumarás de tu bajeza,"
                    HPOS="300"
                    VPOS="1154"
                    WIDTH="415"
                    HEIGHT="61"></String>
          </TextLine>

          
          
          <TextLine ID="line_16"
                    TAGREFS="LT83"
                    BASELINE="309 1237 773 1240" 
                    HPOS="304"
                    VPOS="1191"
                    WIDTH="468"
                    HEIGHT="81">
            <Shape><Polygon POINTS="307 1235 304 1253 517 1255 530 1261 548 1270 550 1270 552 1270 587 1264 642 1255 668 1268 675 1270 677 1270 679 1272 769 1272 772 1237 769 1202 307 1191 307 1235"/></Shape>
	    <String CONTENT="lo débil, lo quebradizo,"
                    HPOS="304"
                    VPOS="1191"
                    WIDTH="468"
                    HEIGHT="81"></String>
          </TextLine>

          
          
          <TextLine ID="line_17"
                    TAGREFS="LT83"
                    BASELINE="305 1288 698 1288" 
                    HPOS="305"
                    VPOS="1245"
                    WIDTH="393"
                    HEIGHT="65">
            <Shape><Polygon POINTS="305 1288 305 1305 550 1302 571 1310 572 1310 574 1310 631 1302 673 1310 675 1310 676 1310 698 1299 698 1288 698 1256 623 1256 620 1253 612 1245 610 1245 609 1245 607 1245 524 1250 463 1254 455 1248 452 1245 451 1245 450 1245 365 1245 363 1245 362 1245 360 1245 360 1247 346 1254 305 1245 305 1288"/></Shape>
	    <String CONTENT="la frágil naturaleza,"
                    HPOS="305"
                    VPOS="1245"
                    WIDTH="393"
                    HEIGHT="65"></String>
          </TextLine>

          
          
          <TextLine ID="line_18"
                    TAGREFS="LT83"
                    BASELINE="305 1337 835 1333" 
                    HPOS="303"
                    VPOS="1286"
                    WIDTH="532"
                    HEIGHT="73">
            <Shape><Polygon POINTS="698 1288 685 1288 685 1289 676 1299 656 1299 587 1292 584 1292 582 1292 581 1292 569 1298 559 1292 552 1289 550 1289 549 1289 547 1289 540 1294 527 1299 507 1294 499 1292 498 1292 496 1292 495 1292 486 1294 460 1301 368 1301 362 1298 346 1291 344 1291 343 1291 303 1298 305 1337 305 1351 340 1351 349 1358 349 1359 350 1359 352 1359 353 1359 448 1351 612 1358 613 1358 654 1349 661 1349 680 1349 783 1356 784 1356 835 1349 835 1333 829 1286 806 1294 761 1288 746 1286 745 1286 743 1286 742 1286 742 1288 740 1288 733 1295 726 1288 724 1288 724 1286 723 1286 721 1286 698 1286 698 1288"/></Shape>
	    <String CONTENT="el poco caudal que tienes;"
                    HPOS="303"
                    VPOS="1286"
                    WIDTH="532"
                    HEIGHT="73"></String>
          </TextLine>

          
          
          <TextLine ID="line_19"
                    TAGREFS="LT83"
                    BASELINE="305 1387 821 1381" 
                    HPOS="303"
                    VPOS="1337"
                    WIDTH="518"
                    HEIGHT="70">
            <Shape><Polygon POINTS="305 1387 305 1407 819 1400 821 1381 818 1349 732 1349 718 1337 717 1337 715 1337 714 1337 619 1349 561 1339 559 1339 512 1349 441 1340 439 1340 438 1340 414 1351 336 1345 334 1345 333 1345 303 1353 305 1387"/></Shape>
	    <String CONTENT="pues si bien lo consideras,"
                    HPOS="303"
                    VPOS="1337"
                    WIDTH="518"
                    HEIGHT="70"></String>
          </TextLine>

          
          
          <TextLine ID="line_20"
                    TAGREFS="LT83"
                    BASELINE="306 1435 854 1429" 
                    HPOS="302"
                    VPOS="1384"
                    WIDTH="551"
                    HEIGHT="72">
            <Shape><Polygon POINTS="304 1434 304 1452 848 1456 853 1428 846 1384 302 1395 304 1434"/></Shape>
	    <String CONTENT="no hay cosa que no sea tuya,"
                    HPOS="302"
                    VPOS="1384"
                    WIDTH="551"
                    HEIGHT="72"></String>
          </TextLine>

          
          
          <TextLine ID="line_21"
                    TAGREFS="LT83"
                    BASELINE="308 1483 794 1480" 
                    HPOS="304"
                    VPOS="1445"
                    WIDTH="487"
                    HEIGHT="62">
            <Shape><Polygon POINTS="307 1481 307 1507 789 1505 791 1478 785 1445 304 1445 307 1481"/></Shape>
	    <String CONTENT="sino es que la culpa sea."
                    HPOS="304"
                    VPOS="1445"
                    WIDTH="487"
                    HEIGHT="62"></String>
          </TextLine>

          
          
          <TextLine ID="line_22"
                    TAGREFS="LT83"
                    BASELINE="306 1535 779 1529" 
                    HPOS="302"
                    VPOS="1487"
                    WIDTH="476"
                    HEIGHT="70">
            <Shape><Polygon POINTS="304 1533 304 1557 778 1551 778 1527 772 1487 302 1496 304 1533"/></Shape>
	    <String CONTENT="Suma ahora la distancia"
                    HPOS="302"
                    VPOS="1487"
                    WIDTH="476"
                    HEIGHT="70"></String>
          </TextLine>

          
          
          <TextLine ID="line_23"
                    TAGREFS="LT83"
                    BASELINE="315 1583 878 1578" 
                    HPOS="311"
                    VPOS="1542"
                    WIDTH="566"
                    HEIGHT="68">
            <Shape><Polygon POINTS="313 1581 313 1610 877 1594 877 1577 870 1542 311 1544 313 1581"/></Shape>
	    <String CONTENT="que hay de la suma grandeza"
                    HPOS="311"
                    VPOS="1542"
                    WIDTH="566"
                    HEIGHT="68"></String>
          </TextLine>

          
          
          <TextLine ID="line_24"
                    TAGREFS="LT83"
                    BASELINE="317 1631 755 1628" 
                    HPOS="313"
                    VPOS="1583"
                    WIDTH="441"
                    HEIGHT="75">
            <Shape><Polygon POINTS="315 1629 315 1658 752 1658 754 1627 750 1594 375 1583 372 1583 313 1594 315 1629"/></Shape>
	    <String CONTENT="de Dios á la poquedad"
                    HPOS="313"
                    VPOS="1583"
                    WIDTH="441"
                    HEIGHT="75"></String>
          </TextLine>

          
          
          <TextLine ID="line_25"
                    TAGREFS="LT83"
                    BASELINE="315 1681 764 1678" 
                    HPOS="311"
                    VPOS="1640"
                    WIDTH="452"
                    HEIGHT="66">
            <Shape><Polygon POINTS="313 1680 313 1706 761 1704 763 1675 758 1643 311 1640 313 1680"/></Shape>
	    <String CONTENT="de tu sobrada miseria,"
                    HPOS="311"
                    VPOS="1640"
                    WIDTH="452"
                    HEIGHT="66"></String>
          </TextLine>

          
          
          <TextLine ID="line_26"
                    TAGREFS="LT83"
                    BASELINE="314 1730 773 1725" 
                    HPOS="311"
                    VPOS="1691"
                    WIDTH="461"
                    HEIGHT="63">
            <Shape><Polygon POINTS="313 1728 313 1754 769 1754 772 1724 765 1691 311 1693 313 1728"/></Shape>
	    <String CONTENT="y en sumándola podrás"
                    HPOS="311"
                    VPOS="1691"
                    WIDTH="461"
                    HEIGHT="63"></String>
          </TextLine>

          
          
          <TextLine ID="line_27"
                    TAGREFS="LT83"
                    BASELINE="312 1780 791 1774" 
                    HPOS="309"
                    VPOS="1739"
                    WIDTH="480"
                    HEIGHT="64">
            <Shape><Polygon POINTS="311 1778 311 1803 787 1800 789 1772 783 1739 309 1743 311 1778"/></Shape>
	    <String CONTENT="afrentarte de vergüenza,"
                    HPOS="309"
                    VPOS="1739"
                    WIDTH="480"
                    HEIGHT="64"></String>
          </TextLine>

          
          
          <TextLine ID="line_29"
                    TAGREFS="LT83"
                    BASELINE="314 1827 978 1821" 
                    HPOS="312"
                    VPOS="1781"
                    WIDTH="666"
                    HEIGHT="75">
            <Shape><Polygon POINTS="314 1827 314 1847 371 1847 372 1847 390 1856 391 1856 393 1856 394 1856 428 1847 431 1847 550 1847 552 1849 559 1854 561 1854 562 1854 563 1854 616 1849 656 1844 743 1849 810 1853 812 1853 910 1851 911 1851 914 1850 929 1843 940 1850 940 1851 942 1851 943 1851 945 1851 978 1850 978 1821 974 1781 796 1790 736 1787 675 1783 673 1783 672 1783 657 1789 648 1792 597 1790 482 1786 480 1786 479 1786 477 1786 477 1787 470 1793 464 1793 321 1786 319 1786 318 1786 317 1786 317 1787 315 1787 312 1790 314 1827"/></Shape>
	    <String CONTENT="de que ofenda á un Dios tan grande"
                    HPOS="312"
                    VPOS="1781"
                    WIDTH="666"
                    HEIGHT="75"></String>
          </TextLine>

          
          
          <TextLine ID="line_30"
                    TAGREFS="LT83"
                    BASELINE="321 1875 761 1873" 
                    HPOS="318"
                    VPOS="1838"
                    WIDTH="440"
                    HEIGHT="59">
            <Shape><Polygon POINTS="320 1873 320 1897 756 1892 758 1870 754 1840 318 1838 320 1873"/></Shape>
	    <String CONTENT="una cosa tan pequeña."
                    HPOS="318"
                    VPOS="1838"
                    WIDTH="440"
                    HEIGHT="59"></String>
          </TextLine>

          
          
          <TextLine ID="line_32"
                    TAGREFS="LT83"
                    BASELINE="324 1927 731 1922" 
                    HPOS="320"
                    VPOS="1886"
                    WIDTH="410"
                    HEIGHT="61">
            <Shape><Polygon POINTS="322 1925 322 1947 728 1943 730 1921 723 1886 320 1890 322 1925"/></Shape>
	    <String CONTENT="Ahora podrás sumar"
                    HPOS="320"
                    VPOS="1886"
                    WIDTH="410"
                    HEIGHT="61"></String>
          </TextLine>

          
          
          <TextLine ID="line_33"
                    TAGREFS="LT83"
                    BASELINE="318 1973 948 1967" 
                    HPOS="317"
                    VPOS="1936"
                    WIDTH="631"
                    HEIGHT="64">
            <Shape><Polygon POINTS="318 1973 318 1992 343 2000 344 2000 346 2000 347 2000 368 1992 369 1992 467 1992 469 1992 476 1999 477 1999 479 1999 480 1999 512 1992 521 1990 531 1992 569 1999 571 1999 631 1992 645 1990 651 1992 669 1998 670 1998 672 1999 720 1999 720 1998 721 1998 723 1998 723 1996 729 1992 730 1990 736 1992 764 1996 765 1996 767 1996 768 1996 772 1992 775 1989 780 1992 790 1996 791 1996 793 1996 794 1996 805 1992 810 1989 945 1990 948 1967 943 1936 317 1939 318 1973"/></Shape>
	    <String CONTENT="que siempre que ingrato pecas,"
                    HPOS="317"
                    VPOS="1936"
                    WIDTH="631"
                    HEIGHT="64"></String>
          </TextLine>

          
          
          <TextLine ID="line_34"
                    TAGREFS="LT83"
                    BASELINE="321 2025 821 2021" 
                    HPOS="318"
                    VPOS="1987"
                    WIDTH="502"
                    HEIGHT="59">
            <Shape><Polygon POINTS="320 2024 320 2041 815 2046 820 2019 813 1987 318 1989 320 2024"/></Shape>
	    <String CONTENT="á donde quiera que estás,"
                    HPOS="318"
                    VPOS="1987"
                    WIDTH="502"
                    HEIGHT="59"></String>
          </TextLine>

          
          
          <TextLine ID="line_35"
                    TAGREFS="LT83"
                    BASELINE="328 2073 821 2069" 
                    HPOS="324"
                    VPOS="2024"
                    WIDTH="496"
                    HEIGHT="70">
            <Shape><Polygon POINTS="563 2024 546 2035 543 2037 324 2037 326 2072 326 2092 815 2094 820 2068 815 2035 570 2024 568 2024 565 2024 563 2024"/></Shape>
	    <String CONTENT="está Dios en tu presencia."
                    HPOS="324"
                    VPOS="2024"
                    WIDTH="496"
                    HEIGHT="70"></String>
          </TextLine>

          
          
          <TextLine ID="line_36"
                    TAGREFS="LT83"
                    BASELINE="324 2126 800 2119" 
                    HPOS="320"
                    VPOS="2081"
                    WIDTH="478"
                    HEIGHT="66">
            <Shape><Polygon POINTS="322 2125 322 2147 796 2140 798 2118 791 2081 320 2083 322 2125"/></Shape>
	    <String CONTENT="Dios está en todo lugar,"
                    HPOS="320"
                    VPOS="2081"
                    WIDTH="478"
                    HEIGHT="66"></String>
          </TextLine>

          
          
          <TextLine ID="line_37"
                    TAGREFS="LT83"
                    BASELINE="324 2173 785 2168" 
                    HPOS="320"
                    VPOS="2131"
                    WIDTH="463"
                    HEIGHT="68">
            <Shape><Polygon POINTS="322 2171 322 2199 780 2188 783 2166 776 2131 320 2133 322 2171"/></Shape>
	    <String CONTENT="así la fe nos lo enseña,"
                    HPOS="320"
                    VPOS="2131"
                    WIDTH="463"
                    HEIGHT="68"></String>
          </TextLine>

          
          
          <TextLine ID="line_38"
                    TAGREFS="LT83"
                    BASELINE="325 2224 914 2215" 
                    HPOS="322"
                    VPOS="2177"
                    WIDTH="590"
                    HEIGHT="70">
            <Shape><Polygon POINTS="324 2223 324 2247 912 2234 912 2214 905 2177 322 2184 324 2223"/></Shape>
	    <String CONTENT="con que estará con el hombre"
                    HPOS="322"
                    VPOS="2177"
                    WIDTH="590"
                    HEIGHT="70"></String>
          </TextLine>

          
          
          <TextLine ID="line_39"
                    TAGREFS="LT83"
                    BASELINE="328 2271 828 2265" 
                    HPOS="327"
                    VPOS="2225"
                    WIDTH="501"
                    HEIGHT="70">
            <Shape><Polygon POINTS="328 2271 328 2288 426 2295 428 2295 539 2287 543 2287 544 2287 574 2294 575 2294 577 2294 578 2294 603 2285 604 2285 615 2293 616 2293 618 2293 619 2293 672 2285 673 2285 698 2293 699 2293 701 2293 826 2282 828 2265 825 2236 740 2225 739 2225 561 2237 486 2228 485 2228 483 2228 482 2228 469 2237 452 2228 451 2228 450 2228 448 2228 419 2239 362 2230 360 2230 359 2230 327 2240 328 2271"/></Shape>
	    <String CONTENT="adonde quiera que peca:"
                    HPOS="327"
                    VPOS="2225"
                    WIDTH="501"
                    HEIGHT="70"></String>
          </TextLine>

          
          
          <TextLine ID="line_40"
                    TAGREFS="LT83"
                    BASELINE="328 2323 848 2312" 
                    HPOS="324"
                    VPOS="2280"
                    WIDTH="522"
                    HEIGHT="64">
            <Shape><Polygon POINTS="326 2322 326 2344 846 2331 846 2311 842 2280 324 2280 326 2322"/></Shape>
	    <String CONTENT="Dios es puro é impecable,"
                    HPOS="324"
                    VPOS="2280"
                    WIDTH="522"
                    HEIGHT="64"></String>
          </TextLine>

          
          
          <TextLine ID="line_41"
                    TAGREFS="LT83"
                    BASELINE="328 2373 851 2363" 
                    HPOS="324"
                    VPOS="2320"
                    WIDTH="524"
                    HEIGHT="74">
            <Shape><Polygon POINTS="326 2372 326 2394 848 2383 848 2361 842 2320 324 2326 326 2372"/></Shape>
	    <String CONTENT="la culpa es horrible y fea;"
                    HPOS="324"
                    VPOS="2320"
                    WIDTH="524"
                    HEIGHT="74"></String>
          </TextLine>

          
          
          <TextLine ID="line_42"
                    TAGREFS="LT83"
                    BASELINE="328 2424 833 2412" 
                    HPOS="324"
                    VPOS="2372"
                    WIDTH="507"
                    HEIGHT="97">
            <Shape><Polygon POINTS="326 2423 326 2458 482 2447 493 2453 506 2466 508 2466 511 2466 513 2469 579 2469 579 2466 581 2466 583 2466 583 2464 600 2451 607 2442 620 2449 644 2460 647 2460 649 2460 651 2460 701 2447 717 2442 726 2444 756 2458 758 2458 761 2458 831 2440 831 2409 824 2372 324 2383 326 2423"/></Shape>
	    <String CONTENT="pues mira, ¿qué dirá Dios"
                    HPOS="324"
                    VPOS="2372"
                    WIDTH="507"
                    HEIGHT="97"></String>
          </TextLine>

          
        </TextBlock>
        
        <TextBlock HPOS="959"
                   VPOS="385"
                   WIDTH="662"
                   HEIGHT="2057"
                   ID="block_1"
                   TAGREFS="BT227">
          <Shape><Polygon POINTS="1621 385 1621 2442 971 2442 959 418"/></Shape>
          
          
          <TextLine ID="line_28"
                    TAGREFS="LT83"
                    BASELINE="982 445 1553 430" 
                    HPOS="978"
                    VPOS="387"
                    WIDTH="574"
                    HEIGHT="75">
            <Shape><Polygon POINTS="1526 389 1504 389 1482 392 1460 392 1438 394 1416 394 1395 396 1373 396 1351 398 1329 398 1307 400 1285 400 1263 403 1241 403 1219 405 1197 405 1175 407 1153 407 1131 409 1109 409 1087 411 1065 411 1044 414 1022 414 1000 416 978 416 980 444 980 462 1552 455 1552 429 1546 387 1526 389"/></Shape>
	    <String CONTENT="cuando en su presencia pecas?"
                    HPOS="978"
                    VPOS="387"
                    WIDTH="574"
                    HEIGHT="75"></String>
          </TextLine>

          
          
          <TextLine ID="line_43"
                    TAGREFS="LT83"
                    BASELINE="980 493 1472 481" 
                    HPOS="978"
                    VPOS="441"
                    WIDTH="494"
                    HEIGHT="74">
            <Shape><Polygon POINTS="980 493 980 508 1038 515 1040 515 1110 506 1119 506 1126 506 1163 512 1164 512 1211 506 1231 503 1472 503 1472 481 1468 452 1401 452 1363 441 1361 441 1360 441 1288 455 1285 455 1282 455 1231 444 1230 444 1138 458 1135 458 1133 458 1103 446 1101 446 1100 446 1043 448 1041 448 1040 448 1025 460 984 451 983 451 981 451 980 451 980 452 978 452 980 493"/></Shape>
	    <String CONTENT="Deja el pecado, cristiano,"
                    HPOS="978"
                    VPOS="441"
                    WIDTH="494"
                    HEIGHT="74"></String>
          </TextLine>

          
          
          <TextLine ID="line_44"
                    TAGREFS="LT83"
                    BASELINE="978 543 1521 530" 
                    HPOS="977"
                    VPOS="489"
                    WIDTH="544"
                    HEIGHT="76">
            <Shape><Polygon POINTS="978 543 978 565 1072 565 1073 565 1075 565 1075 563 1081 559 1088 563 1088 565 1089 565 1091 565 1092 565 1145 563 1146 563 1148 563 1149 562 1161 553 1521 550 1521 530 1518 498 1472 489 1471 489 1469 489 1468 489 1455 498 1418 490 1417 490 1415 490 1395 499 1393 499 1379 499 1234 495 1233 495 1171 502 1149 505 1144 503 1130 498 1129 498 1127 498 1126 498 1106 503 1094 506 1082 503 1059 499 1057 499 1056 499 1054 499 1049 505 1046 506 977 506 978 543"/></Shape>
	    <String CONTENT="mira que es tu conveniencia,"
                    HPOS="977"
                    VPOS="489"
                    WIDTH="544"
                    HEIGHT="76"></String>
          </TextLine>

          
          
          <TextLine ID="line_45"
                    TAGREFS="LT83"
                    BASELINE="981 590 1468 578" 
                    HPOS="980"
                    VPOS="544"
                    WIDTH="488"
                    HEIGHT="72">
            <Shape><Polygon POINTS="981 590 981 616 1060 606 1091 611 1100 613 1101 613 1119 610 1155 604 1244 604 1366 606 1367 606 1468 594 1468 578 1465 550 1284 544 1282 544 1098 557 993 553 992 553 990 553 989 553 980 557 981 590"/></Shape>
	    <String CONTENT="que en pecar ó no pecar"
                    HPOS="980"
                    VPOS="544"
                    WIDTH="488"
                    HEIGHT="72"></String>
          </TextLine>

          
          
          <TextLine ID="line_46"
                    TAGREFS="LT83"
                    BASELINE="983 641 1437 630" 
                    HPOS="981"
                    VPOS="595"
                    WIDTH="456"
                    HEIGHT="71">
            <Shape><Polygon POINTS="983 641 986 666 996 657 1072 663 1108 664 1110 664 1233 661 1234 661 1244 657 1258 649 1322 649 1326 654 1331 657 1331 658 1332 658 1333 658 1335 658 1336 658 1347 652 1355 649 1436 649 1437 630 1434 598 1241 595 1240 595 981 609 983 641"/></Shape>
	    <String CONTENT="está tu gloria ó tu pena:"
                    HPOS="981"
                    VPOS="595"
                    WIDTH="456"
                    HEIGHT="71"></String>
          </TextLine>

          
          
          <TextLine ID="line_47"
                    TAGREFS="LT83"
                    BASELINE="983 689 1487 679" 
                    HPOS="981"
                    VPOS="645"
                    WIDTH="506"
                    HEIGHT="67">
            <Shape><Polygon POINTS="983 689 983 703 1053 712 1054 712 1127 702 1217 708 1218 708 1220 708 1221 708 1221 706 1227 701 1240 706 1241 706 1243 706 1352 698 1478 703 1480 703 1481 703 1483 703 1483 702 1484 702 1487 698 1487 679 1483 645 981 654 983 689"/></Shape>
	    <String CONTENT="Suma ahora de tus culpas"
                    HPOS="981"
                    VPOS="645"
                    WIDTH="506"
                    HEIGHT="67"></String>
          </TextLine>

          
          
          <TextLine ID="line_48"
                    TAGREFS="LT83"
                    BASELINE="980 739 1464 731" 
                    HPOS="978"
                    VPOS="689"
                    WIDTH="486"
                    HEIGHT="73">
            <Shape><Polygon POINTS="980 739 980 753 1014 762 1015 762 1068 755 1078 753 1091 755 1154 760 1155 760 1243 759 1244 759 1258 755 1271 750 1285 755 1294 758 1296 758 1297 758 1407 756 1408 756 1409 756 1409 755 1417 749 1462 755 1464 731 1461 698 1363 689 1361 689 1312 696 1298 698 1291 696 1271 690 1269 690 1268 690 1231 696 1196 701 1187 695 1183 692 1182 692 1180 692 1179 692 1177 692 1176 692 1176 693 1173 695 1165 702 1149 695 1144 693 1142 693 1141 693 1139 693 1138 693 1136 695 1129 701 1122 695 1120 693 1119 693 1117 693 1116 693 1114 693 1113 693 1111 695 1100 703 1022 703 978 695 980 739"/></Shape>
	    <String CONTENT="la cantidad con presteza,"
                    HPOS="978"
                    VPOS="689"
                    WIDTH="486"
                    HEIGHT="73"></String>
          </TextLine>

          
          
          <TextLine ID="line_49"
                    TAGREFS="LT83"
                    BASELINE="981 787 1370 779" 
                    HPOS="980"
                    VPOS="741"
                    WIDTH="390"
                    HEIGHT="69">
            <Shape><Polygon POINTS="981 787 981 810 1370 797 1370 779 1367 750 1266 741 1265 741 1228 749 1209 752 1161 747 1113 744 1111 744 1110 744 1108 744 1106 747 1098 753 1079 747 1069 744 1068 744 1066 744 1065 744 1063 744 1063 746 1060 747 1053 756 1031 756 980 747 981 787"/></Shape>
	    <String CONTENT="las dirás al confesor"
                    HPOS="980"
                    VPOS="741"
                    WIDTH="390"
                    HEIGHT="69"></String>
          </TextLine>

          
          
          <TextLine ID="line_50"
                    TAGREFS="LT83"
                    BASELINE="983 835 1521 825" 
                    HPOS="981"
                    VPOS="785"
                    WIDTH="540"
                    HEIGHT="73">
            <Shape><Polygon POINTS="983 835 983 855 1184 858 1186 858 1212 855 1259 848 1266 854 1268 855 1268 857 1269 857 1271 857 1272 857 1274 857 1275 857 1278 854 1291 847 1360 852 1361 852 1396 845 1415 854 1417 854 1418 854 1420 854 1521 852 1521 825 1518 785 1367 785 1366 785 1364 785 1352 790 1332 797 1304 791 1282 787 1281 787 1279 787 1259 793 1236 798 1220 794 1208 790 1206 790 1205 790 1203 790 1202 790 1202 791 1198 794 1192 800 1179 794 1168 791 1167 791 1165 791 1164 791 1146 796 1125 801 981 801 983 835"/></Shape>
	    <String CONTENT="con propósito de enmienda."
                    HPOS="981"
                    VPOS="785"
                    WIDTH="540"
                    HEIGHT="73"></String>
          </TextLine>

          
          
          <TextLine ID="line_51"
                    TAGREFS="LT83"
                    BASELINE="986 886 1428 877" 
                    HPOS="984"
                    VPOS="836"
                    WIDTH="444"
                    HEIGHT="69">
            <Shape><Polygon POINTS="986 886 986 905 1345 905 1345 904 1347 904 1348 904 1348 902 1355 896 1427 902 1428 877 1426 847 1364 836 1363 836 1282 838 1281 838 1279 838 1279 839 1278 839 1272 847 1271 848 984 847 986 886"/></Shape>
	    <String CONTENT="Deja los vanos deleites"
                    HPOS="984"
                    VPOS="836"
                    WIDTH="444"
                    HEIGHT="69"></String>
          </TextLine>

          
          
          <TextLine ID="line_52"
                    TAGREFS="LT83"
                    BASELINE="986 936 1408 927" 
                    HPOS="984"
                    VPOS="886"
                    WIDTH="424"
                    HEIGHT="73">
            <Shape><Polygon POINTS="986 936 986 959 1041 959 1041 958 1043 958 1044 958 1046 956 1057 949 1198 949 1358 950 1360 950 1408 940 1408 927 1405 896 1357 886 1355 886 1354 886 1336 895 1333 898 1291 898 1290 895 1282 889 1282 888 1281 888 1279 888 1278 888 1277 888 1258 895 1250 899 1195 899 1187 895 1183 890 1182 890 1180 890 1142 890 1141 890 1139 890 1132 895 1120 901 984 895 986 936"/></Shape>
	    <String CONTENT="y busca la penitencia,"
                    HPOS="984"
                    VPOS="886"
                    WIDTH="424"
                    HEIGHT="73"></String>
          </TextLine>

          
          
          <TextLine ID="line_53"
                    TAGREFS="LT83"
                    BASELINE="987 982 1440 974" 
                    HPOS="986"
                    VPOS="934"
                    WIDTH="454"
                    HEIGHT="72">
            <Shape><Polygon POINTS="987 982 987 1006 1024 999 1089 1003 1113 1004 1114 1004 1116 1004 1123 1001 1138 996 1440 991 1440 974 1439 946 1418 934 1417 934 1364 934 1363 934 1361 934 1360 934 1360 936 1358 936 1354 942 1313 936 1312 936 1310 936 1285 947 1231 937 1230 937 1228 937 1205 949 1177 942 1176 942 1174 942 986 953 987 982"/></Shape>
	    <String CONTENT="pues para subir al cielo"
                    HPOS="986"
                    VPOS="934"
                    WIDTH="454"
                    HEIGHT="72"></String>
          </TextLine>

          
          
          <TextLine ID="line_54"
                    TAGREFS="LT83"
                    BASELINE="989 1032 1464 1023" 
                    HPOS="987"
                    VPOS="984"
                    WIDTH="477"
                    HEIGHT="70">
            <Shape><Polygon POINTS="989 1032 989 1047 1040 1054 1041 1054 1072 1047 1076 1047 1464 1047 1464 1023 1462 996 1431 985 1430 985 1428 985 1427 985 1401 993 1388 984 1386 984 1385 984 1383 984 1296 997 1249 987 1247 987 1246 987 1222 996 1180 988 1179 988 1098 1000 1025 991 1024 991 1022 991 987 1003 989 1032"/></Shape>
	    <String CONTENT="es la mas firme escalera."
                    HPOS="987"
                    VPOS="984"
                    WIDTH="477"
                    HEIGHT="70"></String>
          </TextLine>

          
          
          <TextLine ID="line_55"
                    TAGREFS="LT83"
                    BASELINE="989 1082 1541 1070" 
                    HPOS="987"
                    VPOS="1029"
                    WIDTH="554"
                    HEIGHT="83">
            <Shape><Polygon POINTS="989 1082 989 1101 1027 1112 1028 1112 1030 1112 1031 1112 1068 1104 1111 1110 1113 1110 1114 1110 1133 1099 1138 1098 1142 1099 1164 1108 1165 1108 1167 1108 1168 1108 1186 1099 1190 1099 1260 1107 1262 1107 1263 1107 1265 1107 1265 1105 1274 1098 1277 1095 1284 1098 1296 1104 1297 1104 1298 1104 1323 1098 1344 1093 1420 1093 1427 1096 1437 1104 1439 1104 1440 1104 1442 1104 1540 1095 1541 1070 1535 1029 1502 1038 1481 1029 1478 1029 1477 1029 1475 1029 1474 1029 1472 1029 1472 1031 1462 1039 1364 1035 1363 1035 1361 1035 1336 1042 1263 1035 1262 1035 1168 1045 1139 1036 1136 1036 1135 1036 1133 1036 1122 1038 1059 1045 987 1041 989 1082"/></Shape>
	    <String CONTENT="Repara que un monte espeso"
                    HPOS="987"
                    VPOS="1029"
                    WIDTH="554"
                    HEIGHT="83"></String>
          </TextLine>

          
          
          <TextLine ID="line_56"
                    TAGREFS="LT83"
                    BASELINE="987 1133 1445 1123" 
                    HPOS="986"
                    VPOS="1086"
                    WIDTH="459"
                    HEIGHT="61">
            <Shape><Polygon POINTS="987 1133 987 1147 1445 1140 1445 1123 1442 1091 1310 1086 1309 1086 986 1099 987 1133"/></Shape>
	    <String CONTENT="en tus entrañas encierra"
                    HPOS="986"
                    VPOS="1086"
                    WIDTH="459"
                    HEIGHT="61"></String>
          </TextLine>

          
          
          <TextLine ID="line_57"
                    TAGREFS="LT83"
                    BASELINE="984 1181 1480 1172" 
                    HPOS="983"
                    VPOS="1134"
                    WIDTH="497"
                    HEIGHT="72">
            <Shape><Polygon POINTS="984 1181 984 1206 1480 1199 1480 1172 1477 1140 1225 1134 1224 1134 1222 1134 1221 1134 1212 1142 1158 1136 1157 1136 1107 1146 1106 1146 1103 1146 1070 1137 1069 1137 1068 1137 1066 1137 1065 1137 1054 1147 983 1147 984 1181"/></Shape>
	    <String CONTENT="zarzas, abrojos y espinos"
                    HPOS="983"
                    VPOS="1134"
                    WIDTH="497"
                    HEIGHT="72"></String>
          </TextLine>

          
          
          <TextLine ID="line_58"
                    TAGREFS="LT83"
                    BASELINE="989 1231 1493 1221" 
                    HPOS="987"
                    VPOS="1185"
                    WIDTH="506"
                    HEIGHT="71">
            <Shape><Polygon POINTS="989 1231 989 1256 1053 1256 1053 1254 1054 1254 1056 1254 1056 1253 1068 1244 1125 1253 1130 1253 1132 1253 1158 1251 1436 1237 1491 1245 1493 1221 1490 1191 1281 1185 1279 1185 1171 1196 1132 1188 1130 1188 1129 1188 1127 1188 1127 1190 1126 1190 1120 1197 1092 1191 1091 1191 987 1200 989 1231"/></Shape>
	    <String CONTENT="con otras muchas malezas,"
                    HPOS="987"
                    VPOS="1185"
                    WIDTH="506"
                    HEIGHT="71"></String>
          </TextLine>

          
          
          <TextLine ID="line_59"
                    TAGREFS="LT83"
                    BASELINE="996 1280 1496 1269" 
                    HPOS="995"
                    VPOS="1226"
                    WIDTH="501"
                    HEIGHT="72">
            <Shape><Polygon POINTS="996 1280 996 1298 1496 1289 1496 1269 1493 1238 1436 1226 1434 1226 1433 1226 1404 1237 1363 1229 1361 1229 1306 1238 1296 1231 1294 1231 1293 1231 1291 1231 1214 1240 1189 1234 1187 1234 1186 1234 1184 1234 1183 1234 1183 1235 1171 1245 1028 1247 1006 1238 1005 1238 1003 1238 1002 1238 1000 1238 1000 1240 999 1240 995 1244 996 1280"/></Shape>
	    <String CONTENT="y que un labrador le tala,"
                    HPOS="995"
                    VPOS="1226"
                    WIDTH="501"
                    HEIGHT="72"></String>
          </TextLine>

          
          
          <TextLine ID="line_60"
                    TAGREFS="LT83"
                    BASELINE="993 1329 1566 1317" 
                    HPOS="992"
                    VPOS="1275"
                    WIDTH="574"
                    HEIGHT="80">
            <Shape><Polygon POINTS="993 1329 993 1343 1028 1355 1030 1355 1031 1355 1088 1343 1092 1343 1097 1343 1145 1352 1146 1353 1201 1353 1201 1352 1202 1352 1203 1352 1203 1351 1211 1343 1212 1342 1217 1343 1231 1351 1233 1351 1234 1351 1268 1343 1288 1339 1320 1339 1325 1343 1331 1348 1331 1349 1332 1349 1333 1349 1335 1349 1336 1349 1354 1343 1371 1337 1392 1343 1411 1348 1412 1348 1414 1348 1440 1343 1475 1336 1564 1342 1566 1317 1561 1275 1485 1285 1442 1277 1440 1277 1439 1277 1424 1285 1396 1277 1395 1277 1393 1277 1227 1280 1225 1280 1224 1280 1211 1291 1160 1282 1154 1282 1152 1282 1151 1282 1149 1282 1149 1283 1139 1292 1116 1285 1114 1285 1113 1285 1068 1294 992 1286 993 1329"/></Shape>
	    <String CONTENT="le arranca, destruye y quema,"
                    HPOS="992"
                    VPOS="1275"
                    WIDTH="574"
                    HEIGHT="80"></String>
          </TextLine>

          
          
          <TextLine ID="line_61"
                    TAGREFS="LT83"
                    BASELINE="993 1378 1431 1368" 
                    HPOS="993"
                    VPOS="1326"
                    WIDTH="438"
                    HEIGHT="71">
            <Shape><Polygon POINTS="993 1397 1431 1386 1431 1368 1428 1339 1402 1339 1402 1337 1385 1326 1383 1326 1382 1326 1380 1326 1379 1326 1345 1337 1341 1339 1336 1337 1307 1327 1306 1327 1304 1327 1260 1337 1240 1342 1233 1337 1224 1330 1222 1330 1221 1330 1220 1330 1218 1330 1198 1337 1177 1343 1152 1336 1133 1332 1132 1332 1130 1332 1098 1336 1034 1346 993 1336 993 1378 993 1397"/></Shape>
	    <String CONTENT="le cultiva, y cultivado,"
                    HPOS="993"
                    VPOS="1326"
                    WIDTH="438"
                    HEIGHT="71"></String>
          </TextLine>

          
          
          <TextLine ID="line_62"
                    TAGREFS="LT83"
                    BASELINE="992 1424 1550 1415" 
                    HPOS="990"
                    VPOS="1372"
                    WIDTH="560"
                    HEIGHT="73">
            <Shape><Polygon POINTS="992 1424 992 1445 1550 1438 1550 1415 1547 1384 1453 1372 1452 1372 1450 1372 1420 1380 1268 1380 1266 1380 1265 1380 1263 1380 1255 1387 1249 1383 1249 1381 1247 1381 1246 1381 1244 1381 1243 1381 1228 1388 1227 1388 1190 1383 1189 1383 1187 1383 1173 1390 1171 1391 1038 1391 1037 1391 1018 1380 1016 1380 1015 1380 1014 1380 1012 1380 990 1390 992 1424"/></Shape>
	    <String CONTENT="de hermoso trigo le siembra,"
                    HPOS="990"
                    VPOS="1372"
                    WIDTH="560"
                    HEIGHT="73"></String>
          </TextLine>

          
          
          <TextLine ID="line_63"
                    TAGREFS="LT83"
                    BASELINE="996 1475 1553 1464" 
                    HPOS="995"
                    VPOS="1425"
                    WIDTH="558"
                    HEIGHT="73">
            <Shape><Polygon POINTS="996 1475 996 1498 1553 1485 1553 1464 1550 1435 1472 1425 1471 1425 1231 1441 1149 1441 1125 1432 1123 1432 1122 1432 1120 1432 1098 1443 995 1444 996 1475"/></Shape>
	    <String CONTENT="y aquel que antes amparaba"
                    HPOS="995"
                    VPOS="1425"
                    WIDTH="558"
                    HEIGHT="73"></String>
          </TextLine>

          
          
          <TextLine ID="line_64"
                    TAGREFS="LT83"
                    BASELINE="995 1524 1510 1516" 
                    HPOS="993"
                    VPOS="1478"
                    WIDTH="517"
                    HEIGHT="70">
            <Shape><Polygon POINTS="995 1524 995 1542 1144 1540 1149 1543 1155 1548 1157 1548 1158 1548 1160 1548 1187 1543 1217 1539 1231 1543 1241 1546 1243 1546 1244 1546 1263 1543 1296 1537 1323 1543 1333 1545 1335 1545 1336 1545 1344 1543 1373 1536 1509 1542 1510 1516 1507 1486 1426 1478 1424 1478 1364 1486 1315 1481 1313 1481 1312 1481 1294 1489 1293 1489 1271 1481 1269 1481 1268 1481 1198 1491 1195 1491 1193 1491 1165 1482 1164 1482 1163 1482 1161 1482 1136 1492 1135 1494 993 1494 995 1524"/></Shape>
	    <String CONTENT="en sus cóncavos las fieras,"
                    HPOS="993"
                    VPOS="1478"
                    WIDTH="517"
                    HEIGHT="70"></String>
          </TextLine>

          
          
          <TextLine ID="line_65"
                    TAGREFS="LT83"
                    BASELINE="1002 1573 1463 1568" 
                    HPOS="997"
                    VPOS="1533"
                    WIDTH="465"
                    HEIGHT="64">
            <Shape><Polygon POINTS="1000 1570 1000 1597 1460 1597 1462 1566 1456 1533 997 1535 1000 1570"/></Shape>
	    <String CONTENT="ahora da trigo hermoso."
                    HPOS="997"
                    VPOS="1533"
                    WIDTH="465"
                    HEIGHT="64"></String>
          </TextLine>

          
          
          <TextLine ID="line_66"
                    TAGREFS="LT83"
                    BASELINE="997 1621 1502 1616" 
                    HPOS="993"
                    VPOS="1583"
                    WIDTH="507"
                    HEIGHT="60">
            <Shape><Polygon POINTS="995 1619 995 1643 1498 1636 1500 1614 1495 1583 993 1583 995 1619"/></Shape>
	    <String CONTENT="que le nutre, le sustenta;"
                    HPOS="993"
                    VPOS="1583"
                    WIDTH="507"
                    HEIGHT="60"></String>
          </TextLine>

          
          
          <TextLine ID="line_67"
                    TAGREFS="LT83"
                    BASELINE="999 1672 1537 1662" 
                    HPOS="997"
                    VPOS="1631"
                    WIDTH="540"
                    HEIGHT="64">
            <Shape><Polygon POINTS="999 1672 1000 1695 1027 1688 1106 1692 1149 1694 1151 1694 1202 1688 1250 1684 1259 1686 1271 1691 1272 1691 1274 1691 1301 1685 1316 1682 1332 1684 1377 1689 1379 1689 1380 1689 1396 1682 1399 1681 1414 1681 1510 1686 1512 1686 1513 1686 1537 1676 1537 1662 1532 1631 997 1634 999 1672"/></Shape>
	    <String CONTENT="pues tala, quema y arranca"
                    HPOS="997"
                    VPOS="1631"
                    WIDTH="540"
                    HEIGHT="64"></String>
          </TextLine>

          
          
          <TextLine ID="line_68"
                    TAGREFS="LT83"
                    BASELINE="999 1720 1547 1711" 
                    HPOS="997"
                    VPOS="1672"
                    WIDTH="550"
                    HEIGHT="66">
            <Shape><Polygon POINTS="999 1720 999 1738 1547 1736 1547 1711 1544 1682 1499 1682 1488 1672 1487 1672 1485 1672 1484 1672 1483 1672 1481 1672 1468 1681 1399 1673 1398 1673 1396 1673 1360 1684 1329 1675 1328 1675 1326 1675 1325 1675 1306 1684 1294 1676 1293 1676 1291 1676 1211 1676 1209 1676 1116 1686 1022 1679 1021 1679 1019 1679 997 1688 999 1720"/></Shape>
	    <String CONTENT="de tu gran Dios las ofensas,"
                    HPOS="997"
                    VPOS="1672"
                    WIDTH="550"
                    HEIGHT="66"></String>
          </TextLine>

          
          
          <TextLine ID="line_69"
                    TAGREFS="LT83"
                    BASELINE="1008 1768 1462 1764" 
                    HPOS="1006"
                    VPOS="1729"
                    WIDTH="456"
                    HEIGHT="60">
            <Shape><Polygon POINTS="1008 1768 1008 1789 1462 1784 1462 1764 1458 1729 1006 1729 1008 1768"/></Shape>
	    <String CONTENT="y cultívate á tí mismo"
                    HPOS="1006"
                    VPOS="1729"
                    WIDTH="456"
                    HEIGHT="60"></String>
          </TextLine>

          
          
          <TextLine ID="line_70"
                    TAGREFS="LT83"
                    BASELINE="997 1819 1458 1812" 
                    HPOS="996"
                    VPOS="1770"
                    WIDTH="462"
                    HEIGHT="70">
            <Shape><Polygon POINTS="997 1819 997 1830 1076 1840 1078 1840 1079 1840 1110 1830 1120 1838 1122 1838 1123 1838 1125 1838 1198 1830 1271 1837 1272 1837 1274 1837 1300 1828 1320 1835 1322 1835 1323 1835 1393 1828 1420 1834 1421 1834 1423 1834 1424 1834 1458 1822 1458 1812 1453 1780 1417 1780 1415 1780 1399 1770 1398 1770 1396 1770 1395 1770 1393 1770 1354 1780 1325 1771 1323 1771 1322 1771 1266 1780 1217 1773 1215 1773 1214 1773 1212 1773 1196 1783 1195 1783 1097 1774 1095 1774 1094 1774 1092 1774 1092 1776 1082 1786 1081 1786 1079 1786 1041 1776 1040 1776 1038 1776 996 1786 997 1819"/></Shape>
	    <String CONTENT="con áspera penitencia."
                    HPOS="996"
                    VPOS="1770"
                    WIDTH="462"
                    HEIGHT="70"></String>
          </TextLine>

          
          
          <TextLine ID="line_73"
                    TAGREFS="LT83"
                    BASELINE="1002 1868 1542 1859" 
                    HPOS="1000"
                    VPOS="1816"
                    WIDTH="542"
                    HEIGHT="73">
            <Shape><Polygon POINTS="1002 1868 1002 1889 1542 1881 1542 1859 1540 1827 1452 1816 1450 1816 1449 1816 1415 1827 1414 1827 1412 1827 1392 1818 1390 1818 1389 1818 1388 1818 1363 1827 1358 1828 1348 1827 1297 1819 1296 1819 1294 1819 1293 1819 1293 1821 1285 1827 1279 1821 1278 1821 1277 1821 1275 1821 1274 1821 1253 1828 1246 1830 1228 1828 1187 1822 1186 1822 1184 1822 1167 1828 1155 1831 1136 1828 1107 1824 1106 1824 1000 1828 1002 1868"/></Shape>
	    <String CONTENT="Siembra luego de virtudes"
                    HPOS="1000"
                    VPOS="1816"
                    WIDTH="542"
                    HEIGHT="73"></String>
          </TextLine>

          
          
          <TextLine ID="line_74"
                    TAGREFS="LT83"
                    BASELINE="1002 1916 1561 1910" 
                    HPOS="1000"
                    VPOS="1869"
                    WIDTH="561"
                    HEIGHT="69">
            <Shape><Polygon POINTS="1002 1916 1002 1930 1139 1938 1141 1938 1142 1938 1170 1930 1179 1929 1559 1929 1561 1910 1557 1873 1497 1878 1474 1875 1440 1869 1439 1869 1389 1876 1374 1878 1358 1876 1285 1870 1284 1870 1282 1870 1250 1879 1243 1881 1237 1879 1217 1872 1215 1872 1214 1872 1212 1872 1192 1881 1190 1881 1180 1881 1088 1875 1087 1875 1000 1884 1002 1916"/></Shape>
	    <String CONTENT="tu alma, no te detengas,"
                    HPOS="1000"
                    VPOS="1869"
                    WIDTH="561"
                    HEIGHT="69"></String>
          </TextLine>

          
          
          <TextLine ID="line_75"
                    TAGREFS="LT83"
                    BASELINE="1003 1967 1599 1954" 
                    HPOS="1002"
                    VPOS="1917"
                    WIDTH="597"
                    HEIGHT="66">
            <Shape><Polygon POINTS="1003 1967 1003 1983 1598 1979 1599 1954 1595 1922 1371 1925 1333 1917 1332 1917 1258 1926 1113 1923 1111 1923 1110 1923 1108 1923 1100 1930 1008 1925 1006 1925 1005 1925 1003 1925 1003 1926 1002 1926 1003 1967"/></Shape>
	    <String CONTENT="que siempre sembrar temprano"
                    HPOS="1002"
                    VPOS="1917"
                    WIDTH="597"
                    HEIGHT="66"></String>
          </TextLine>

          
          
          <TextLine ID="line_76"
                    TAGREFS="LT83"
                    BASELINE="1008 2015 1516 2009" 
                    HPOS="1006"
                    VPOS="1967"
                    WIDTH="510"
                    HEIGHT="69">
            <Shape><Polygon POINTS="1008 2015 1008 2027 1050 2036 1052 2036 1171 2028 1176 2028 1182 2028 1258 2034 1259 2034 1260 2034 1262 2034 1262 2033 1268 2028 1271 2025 1515 2028 1516 2009 1513 1980 1390 1967 1389 1967 1211 1970 1209 1970 1167 1981 1144 1973 1142 1973 1141 1973 1139 1973 1111 1983 1076 1971 1075 1971 1073 1971 1072 1971 1070 1971 1060 1981 1006 1984 1008 2015"/></Shape>
	    <String CONTENT="suele ser mejor cosecha."
                    HPOS="1006"
                    VPOS="1967"
                    WIDTH="510"
                    HEIGHT="69"></String>
          </TextLine>

          
          
          <TextLine ID="line_77"
                    TAGREFS="LT83"
                    BASELINE="1006 2063 1499 2055" 
                    HPOS="1005"
                    VPOS="2014"
                    WIDTH="494"
                    HEIGHT="73">
            <Shape><Polygon POINTS="1006 2063 1006 2084 1078 2087 1079 2087 1081 2087 1092 2082 1101 2078 1123 2081 1157 2085 1158 2085 1160 2085 1161 2085 1167 2079 1171 2076 1192 2078 1243 2084 1244 2084 1322 2075 1333 2073 1335 2073 1350 2081 1351 2081 1352 2081 1354 2081 1377 2073 1484 2079 1485 2079 1487 2079 1488 2079 1499 2071 1499 2055 1496 2021 1414 2014 1412 2014 1363 2021 1263 2017 1262 2017 1260 2017 1259 2017 1247 2025 1246 2025 1225 2025 1085 2021 1084 2021 1082 2021 1054 2028 1053 2028 1028 2021 1027 2021 1025 2021 1024 2021 1005 2027 1006 2063"/></Shape>
	    <String CONTENT="Dos cosas quiero pedirte"
                    HPOS="1005"
                    VPOS="2014"
                    WIDTH="494"
                    HEIGHT="73"></String>
          </TextLine>

          
          
          <TextLine ID="line_78"
                    TAGREFS="LT83"
                    BASELINE="1008 2111 1599 2103" 
                    HPOS="1006"
                    VPOS="2065"
                    WIDTH="593"
                    HEIGHT="76">
            <Shape><Polygon POINTS="1008 2111 1008 2141 1054 2132 1092 2139 1103 2141 1104 2141 1106 2141 1110 2139 1129 2129 1170 2138 1182 2139 1183 2139 1215 2136 1320 2125 1355 2132 1357 2132 1358 2132 1360 2132 1370 2123 1456 2123 1478 2130 1494 2135 1496 2135 1497 2135 1598 2126 1599 2103 1596 2073 1401 2065 1399 2065 1398 2065 1377 2073 1307 2066 1306 2066 1231 2076 1205 2069 1203 2069 1202 2069 1201 2069 1174 2079 1006 2081 1008 2111"/></Shape>
	    <String CONTENT="porque en memoria las tengas,"
                    HPOS="1006"
                    VPOS="2065"
                    WIDTH="593"
                    HEIGHT="76"></String>
          </TextLine>

          
          
          <TextLine ID="line_79"
                    TAGREFS="LT83"
                    BASELINE="1009 2163 1504 2152" 
                    HPOS="1008"
                    VPOS="2111"
                    WIDTH="496"
                    HEIGHT="73">
            <Shape><Polygon POINTS="1009 2163 1009 2184 1504 2170 1504 2152 1503 2125 1466 2111 1465 2111 1464 2111 1366 2113 1364 2113 1363 2113 1363 2114 1352 2123 1342 2114 1341 2114 1339 2114 1291 2114 1290 2114 1288 2114 1255 2128 1155 2120 1154 2120 1152 2120 1125 2132 1008 2133 1009 2163"/></Shape>
	    <String CONTENT="que como no las olvides"
                    HPOS="1008"
                    VPOS="2111"
                    WIDTH="496"
                    HEIGHT="73"></String>
          </TextLine>

          
          
          <TextLine ID="line_80"
                    TAGREFS="LT83"
                    BASELINE="1011 2211 1515 2201" 
                    HPOS="1009"
                    VPOS="2163"
                    WIDTH="506"
                    HEIGHT="65">
            <Shape><Polygon POINTS="1011 2211 1011 2228 1513 2225 1515 2201 1512 2171 1472 2163 1471 2163 1469 2163 1455 2170 1370 2164 1369 2164 1367 2164 1350 2173 1348 2173 1336 2173 1231 2167 1230 2167 1228 2167 1227 2167 1227 2168 1225 2168 1221 2174 1220 2176 1212 2174 1184 2168 1183 2168 1182 2168 1158 2174 1146 2177 1127 2176 1085 2170 1084 2170 1009 2176 1011 2211"/></Shape>
	    <String CONTENT="serán para tí muy buenas."
                    HPOS="1009"
                    VPOS="2163"
                    WIDTH="506"
                    HEIGHT="65"></String>
          </TextLine>

          
          
          <TextLine ID="line_81"
                    TAGREFS="LT83"
                    BASELINE="1014 2260 1613 2247" 
                    HPOS="1012"
                    VPOS="2209"
                    WIDTH="601"
                    HEIGHT="70">
            <Shape><Polygon POINTS="1014 2260 1014 2279 1611 2271 1613 2247 1608 2209 1258 2214 1256 2214 1234 2220 1228 2221 1222 2220 1195 2215 1193 2215 1192 2215 1167 2222 1163 2222 1157 2222 1117 2217 1116 2217 1114 2217 1097 2224 1095 2224 1091 2224 1033 2218 1031 2218 1030 2218 1012 2225 1014 2260"/></Shape>
	    <String CONTENT="Que has de ser antorcha ó leño,"
                    HPOS="1012"
                    VPOS="2209"
                    WIDTH="601"
                    HEIGHT="70"></String>
          </TextLine>

          
          
          <TextLine ID="line_82"
                    TAGREFS="LT83"
                    BASELINE="1012 2309 1514 2304" 
                    HPOS="1008"
                    VPOS="2263"
                    WIDTH="505"
                    HEIGHT="70">
            <Shape><Polygon POINTS="1011 2306 1011 2333 1511 2328 1513 2302 1506 2263 1008 2267 1011 2306"/></Shape>
	    <String CONTENT="te quiero decir que sepas:"
                    HPOS="1008"
                    VPOS="2263"
                    WIDTH="505"
                    HEIGHT="70"></String>
          </TextLine>

          
          
          <TextLine ID="line_83"
                    TAGREFS="LT83"
                    BASELINE="1015 2358 1517 2350" 
                    HPOS="1011"
                    VPOS="2315"
                    WIDTH="504"
                    HEIGHT="62">
            <Shape><Polygon POINTS="1013 2357 1013 2377 1513 2377 1515 2348 1509 2315 1011 2320 1013 2357"/></Shape>
	    <String CONTENT="leño, si el pecado sigues,"
                    HPOS="1011"
                    VPOS="2315"
                    WIDTH="504"
                    HEIGHT="62"></String>
          </TextLine>

          
          
          <TextLine ID="line_84"
                    TAGREFS="LT83"
                    BASELINE="1012 2408 1523 2399" 
                    HPOS="1011"
                    VPOS="2357"
                    WIDTH="512"
                    HEIGHT="93">
            <Shape><Polygon POINTS="1012 2408 1012 2437 1056 2443 1057 2443 1059 2443 1060 2443 1060 2442 1066 2436 1069 2433 1101 2433 1104 2436 1117 2447 1117 2449 1119 2449 1120 2449 1122 2450 1182 2450 1182 2449 1183 2449 1184 2449 1184 2447 1195 2439 1331 2446 1332 2446 1333 2446 1335 2446 1335 2444 1352 2430 1361 2437 1361 2439 1363 2439 1364 2439 1404 2440 1405 2440 1407 2440 1430 2428 1442 2439 1442 2440 1443 2440 1445 2440 1446 2442 1481 2442 1481 2440 1483 2440 1484 2440 1500 2425 1523 2424 1523 2399 1519 2366 1465 2366 1446 2357 1445 2357 1443 2357 1388 2367 1386 2367 1385 2367 1358 2358 1357 2358 1355 2358 1354 2358 1322 2369 1320 2369 1316 2369 1246 2361 1244 2361 1243 2361 1241 2361 1231 2370 1231 2371 1205 2371 1195 2371 1183 2361 1182 2361 1180 2361 1179 2361 1177 2361 1158 2371 1152 2371 1027 2364 1025 2364 1024 2364 1022 2364 1011 2370 1012 2408"/></Shape>
	    <String CONTENT="bella antorcha, si le dejas:"
                    HPOS="1011"
                    VPOS="2357"
                    WIDTH="512"
                    HEIGHT="93"></String>
          </TextLine>

          
        </TextBlock>
        

        
      </PrintSpace>
    </Page>
  </Layout>
</alto>
