1860 2629
745 376 159 86 — 3 —

151 442 460 64 y la Cruz en que murió

151 496 557 59 que fue de tres palos hecha;

153 543 511 66 que llevándole al Calvario

151 591 480 68 cayó tres veces con ella,

155 639 445 70 para que tú no cayeses

150 699 546 57 en las profundas cavernas;

151 741 563 65 que limpiando con un liénzo

150 794 541 60 su Rostro nos dejó impreso

147 839 513 62 en tres paños que hoy dia

147 890 544 60 en el mundo se conservan:

147 937 545 63 que fue clavado en la Cruz

149 988 574 63 con tres clavos sin clemencia,

149 1040 489 61 y le dieron tres barrenos

149 1086 556 61 por donde los clavos entran;

153 1131 617 60 que estando al pie de la Cruz

144 1185 439 59 pasó la sagrada Reina

144 1235 472 55 tres grandes necesidades

146 1279 476 59 todas de congojas llenas:

144 1329 456 57 que bajaron de la Cruz

151 1371 423 66 á la difunta Inocencia

146 1421 560 70 tres varones, y en los brazos

142 1474 546 63 de su Madre se lo entregan:

146 1522 479 66 que pusieron al sepulcro

146 1581 512 62 tres guardias, y considera

149 1629 541 57 que estando tres dias dentro

146 1673 578 62 salió sin que ellos le vieran:

144 1730 456 57 que salieron á buscarle

144 1768 511 65 tres Marías con gran prisa,

144 1822 612 59 que el que va buscando á Dios

144 1873 535 61 no es razon que se detenga.

144 1916 463 62 Esto es del número tres

142 1969 522 59 el gran valor que encierra,

143 2019 643 52 si al formarle en cualquier parte

140 2057 467 63 con amor lo consideras.

142 2107 489 64 Al poner el cuarto, mira

144 2157 591 71 cuatro Evangelios que enseñan

143 2211 490 63 con claridad muy patente

144 2256 485 66 de Dios la ley verdadera.

147 2309 582 68 Que hubo cuatro evangelistas,

146 2355 586 68 que escribieron con prudencia,

146 2406 531 78 siendo de Dios alumbrados,

830 2358 471 67 cuyas penetrantes puntas

831 446 463 66 las sacras divinas letras.

831 490 526 70 Que crió cuatro elementos

831 543 596 61 con que el mundo se conserva

832 600 627 51 y que el año en cuatro tiempos

831 641 454 73 se parte sin diferencia;

829 690 585 68 que tú tienes cuatro humores,

829 738 576 66 que cuatro edades te esperan

829 793 460 67 para vivir en el mundo

831 843 502 66 si acaso á ser viejo llegas.

826 889 498 64 Contemplarás en el cinco

829 935 537 74 que la Santa Madre lglesia,

826 992 560 61 con sus cinco Mandamientos

833 1036 529 63 te manda que la obedezcas,

835 1082 535 72 que aquestos cinco sentidos

824 1130 489 64 que tienes en la cabeza,

824 1187 456 57 son para servir á Dios

824 1226 474 70 con humilde reverencia:

824 1279 571 63 que dejó Cristo en su cuerpo

824 1325 551 74 cinco llagas, porque puedas

822 1378 478 65 conocer el grande amor

822 1424 540 63 que le obligó á padecerlas.

824 1478 467 66 Al poner el seis, dirás,

824 1527 520 65 que seis mil millones sea

820 1573 399 63 bendecida y alabada

824 1625 535 57 de Dios la suma grandeza.

824 1680 369 57 Al siete conocerás

822 1717 535 70 que la Santa Madre Iglesìa

822 1772 480 57 te dá siete Sacramentos

822 1816 472 68 para que te fortalezcan;

825 1870 609 60 que hay siete culpas mortales

824 1916 584 73 y que es menester que tengas

824 1973 445 57 siete virtudes que están

820 2019 550 82 contra estos vicios opuestas:

822 2065 439 68 que dijo siete palabras

826 2109 579 103 Cristo en la Cruz cuando cerca

818 2155 366 77 estaba para espirar

818 2210 462 64 por redimir tus ofensas.

815 2260 454 68 Aquellos siete dolores

821 2312 461 65 de la Vírgen considera,

800 2409 461 103 el corazon atraviesan.
