1860 2629
223.0 1386.0 1031.0 147.0 UNA LECCION Á LA ESPAÑOLA.

133.0 1570.0 452.0 64.0 Hospedóse cierto inglés

76.0 1632.0 478.0 76.0 en casa de un caballero:

83.0 1700.0 392.0 92.0 recibióle placentero,

81.0 1774.0 364.0 66.0 afectuoso y cortés.

131.0 1833.0 401.0 86.0 A los dos dias ó tres

74.0 1916.0 415.0 73.0 reparó hacía el amor

76.0 1978.0 424.0 81.0 á su adorada Leonor;

74.0 2050.0 496.0 86.0 mas prudente se aguantó,

83.0 2127.0 392.0 76.0 y una ocasion buscó

76.0 2190.0 474.0 81.0 de escarmentar al milor.

892.0 1570.0 371.0 70.0 El otro dia insistió

844.0 1632.0 483.0 81.0 el inglés con mas porfía;

846.0 1702.0 404.0 76.0 y con ciega idolatría

842.0 1761.0 458.0 88.0 á sus piés se arrodilló.

892.0 1835.0 448.0 79.0 El marido que esto vió,

846.0 1912.0 448.0 75.0 enarbolando el garrote,

842.0 1978.0 517.0 81.0 de los piés hasta el cogote

846.0 2059.0 467.0 70.0 sacudió con tanta maña,

842.0 2109.0 561.0 88.0 que salió á escape de España

848.0 2199.0 612.0 66.0 el pobre inglés mas que al trote.

274.0 2291.0 982.0 79.0 Barcelona: Imprenta de Llorens, Palma de Sta. Catalina, n.° 6.
