1860 2629
219.0 322.0 436.0 63.0 Conversaron largo rato

168.0 368.0 465.0 67.0 ellos saben lo que dicen,

164.0 409.0 559.0 79.0 mas Claudio mucho se aflige

160.0 462.0 478.0 70.0 de aquello al considerar:

160.0 517.0 419.0 67.0 ultimamente Facundo

168.0 563.0 474.0 70.0 para que no se afligiera,

160.0 613.0 524.0 70.0 sacó una flauta de madera

166.0 663.0 428.0 70.0 y la principiò á tocar.

223.0 707.0 476.0 72.0 Y con esto la tia Pancha

160.0 764.0 447.0 64.0 se levantò muy ligera,

168.0 817.0 408.0 61.0 y se puso placentera

160.0 856.0 511.0 66.0 con su Facuudo á bailar:

164.0 909.0 415.0 63.0 mas admirado quedò

168.0 959.0 419.0 64.0 aquel noble caballero,

164.0 1007.0 487.0 73.0 viendo el lance lisongero

166.0 1058.0 434.0 96.0 que acavaba de pasar.

989.0 308.0 427.0 68.0 Y le dice tio Facundo

932.0 365.0 522.0 73.0 quiere V. venderme el pito,

936.0 416.0 524.0 65.0 mire V. que es muy bonito

932.0 464.0 460.0 72.0 le respordió su muger:

940.0 525.0 428.0 57.0 yo nada tengo que ver

932.0 556.0 476.0 77.0 le responde el caballero,

932.0 617.0 423.0 62.0 ese pito yo lo quiero,

929.0 661.0 505.0 66.0 y V. me lo ha de vender.

982.0 712.0 538.0 70.0 Por fin le ha vendido el pito

929.0 760.0 542.0 74.0 D. Claudio, fué el engañado

938.0 817.0 369.0 63.0 y juró desesperado

932.0 860.0 476.0 62.0 de vengarse con despejo:

932.0 913.0 441.0 59.0 á un rio quiso tirarlo

932.0 963.0 460.0 60.0 no pudiéndose escapar,

934.0 1016.0 375.0 53.0 cansado de batallar

932.0 1051.0 603.0 83.0 cayó Claudio y quedó el viejo.

864.0 1246.0 85.0 79.0 FIN.

879.0 1912.0 660.0 96.0 Es propiedad de Vicente Ballasteros.

219.0 2412.0 1347.0 94.0 BARCELONA. Imp. de José Torras, calle de la Canuda, n.27.—Año 1858.
