1860 2629
611.0 1496.0 643.0 254.0 RELACION

72.0 1752.0 1693.0 81.0 en la que declara el chiste mus alegre y divertido que pasó entre un viejo llamado Tio Fa-

179.0 1811.0 1492.0 68.0 cundo y un caballero llamado D. Claudio, el cual quedó sin intereses burlado y con

300.0 1860.0 1237.0 74.0 la mayor facilidad murió de la manera que verá el curioso lector.

234.0 2068.0 404.0 70.0 Señores, quiero contar

182.0 2120.0 460.0 62.0 la vida del tio Facundo,

186.0 2162.0 684.0 79.0 que no hay otro hombre en el mundo

186.0 2221.0 428.0 59.0 que tenga tanto saber.

225.0 2269.0 496.0 62.0 La tia Pancha de Mallorca

182.0 2317.0 484.0 66.0 de este el tal se enamoró,

188.0 2368.0 384.0 66.0 y su amor le declaró

190.0 2423.0 474.0 89.0 que por fin fué su muger.

1002.0 2068.0 410.0 63.0 Vivian muy regalados

954.0 2122.0 432.0 62.0 con todos sus intereses,

947.0 2177.0 386.0 57.0 tenian tres almireses

949.0 2212.0 487.0 73.0 dos cucharas y un candil.

993.0 2274.0 472.0 57.0 Mas á Facundo la suerte

954.0 2317.0 515.0 71.0 le ayuda que es un contento,

949.0 2370.0 608.0 61.0 se compra un burro al momento

951.0 2420.0 496.0 92.0 para marcharse á Madrid.
