1753 2480
93.0 198.0 564.0 58.0 Desques de comprado el burro

47.0 239.0 403.0 71.0 le sobró media peseta,

45.0 299.0 482.0 56.0 Se la metó en la chaqueta

45.0 336.0 407.0 73.0 para poderla guardar.

97.0 388.0 490.0 68.0 Ya se introduce en su casa

43.0 438.0 434.0 66.0 aquel hermoso jumento,

49.0 485.0 521.0 66.0 que corria mas que el viento

45.0 535.0 469.0 66.0 si hubiera podido andar.

90.0 584.0 495.0 79.0 Mas pasando á la sustancia

45.0 630.0 380.0 72.0 de lo que le sucedió,

43.0 682.0 368.0 62.0 entre la paja perdió

43.0 727.0 399.0 66.0 aquella media peseta.

86.0 783.0 482.0 66.0 Como estaba entre la paja

45.0 824.0 378.0 66.0 El burro se la tragó,

47.0 874.0 387.0 68.0 y Facundo se quedó

45.0 921.0 461.0 66.0 registrando su chaqueta.

90.0 975.0 464.0 64.0 Por fin ya no la encontrò

49.0 1027.0 500.0 70.0 por mas que quiso buscar,

49.0 1076.0 393.0 66.0 pero se puso à pensar

47.0 1120.0 436.0 74.0 si el burro se la tragò

90.0 1169.0 548.0 71.0 Muy presto monta en el burro

47.0 1219.0 540.0 70.0 que á Madrid se encaminaba,

49.0 1273.0 449.0 64.0 mas Facundo suspiraba

47.0 1320.0 409.0 64.0 la moneda que perdió.

95.0 1357.0 516.0 77.0 Hizo un nuevo pensamiento

49.0 1411.0 416.0 72.0 del borrico desmontar.

53.0 1461.0 484.0 62.0 con el sombrero á parar

49.0 1508.0 505.0 60.0 cuando evacuase el jumento

99.0 1560.0 467.0 66.0 Sigue siempre con su idea

55.0 1618.0 405.0 51.0 muy triste decorazon

53.0 1665.0 443.0 56.0 cuando hizo de posicion

51.0 1713.0 416.0 56.0 aparó los escrementos.

95.0 1756.0 494.0 62.0 Entremedio de esta estucia

51.0 1806.0 453.0 68.0 un caballero ha pasado,

49.0 1857.0 455.0 58.0 en gran caballo montado

47.0 1903.0 490.0 58.0 cuando su accion observò.

99.0 1948.0 401.0 67.0 Y le dijo tio Facundo

49.0 1998.0 533.0 74.0 que hace V. con el sombrero

49.0 2048.0 436.0 62.0 le respondiò, caballero

49.0 2097.0 453.0 73.0 nadie el mirar lo perdió.

95.0 2149.0 419.0 74.0 Este burro caga plata

45.0 2190.0 415.0 79.0 ablándole con perdon,

53.0 2256.0 482.0 69.0 pienso en mi imaginacion

47.0 2296.0 465.0 84.0 si alguna cosa le queda.

851.0 198.0 389.0 52.0 Por rara casualidad

804.0 239.0 440.0 64.0 aquel noble caballero,

806.0 285.0 537.0 76.0 vió que dentro del sombrero

808.0 330.0 366.0 79.0 habia una moneda.

857.0 382.0 468.0 70.0 Le dijo vè V. D. Claudio

808.0 434.0 521.0 68.0 como yo no le he engañado,

808.0 489.0 537.0 71.0 con la plata que me ha dado

808.0 529.0 442.0 70.0 si la supiera guardar.

859.0 578.0 517.0 81.0 Digo D. Claudio en verdad

808.0 638.0 409.0 64.0 no me faltaria nada,

806.0 677.0 444.0 73.0 mi muger está preñada

804.0 727.0 444.0 70.0 y los habré de gastar.

855.0 781.0 519.0 66.0 Quiere V. vender el burro

808.0 820.0 537.0 72.0 le dijo entonces D. Claudio,

812.0 872.0 513.0 76.0 y hablarémos mas despacio

810.0 919.0 428.0 70.0 Facundo dijo que no.

864.0 967.0 452.0 74.0 Yo le daré este caballo

810.0 1016.0 475.0 73.0 y el dinero que V. pida,

814.0 1070.0 438.0 70.0 y despues por despedida

810.0 1126.0 413.0 64.0 iremos á un bodegon.

855.0 1165.0 532.0 95.0 Por fin los dos se arreglaron

810.0 1213.0 498.0 76.0 dándole treinta mil duros.

812.0 1268.0 533.0 71.0 D. Claudio se llevó el burro

814.0 1322.0 521.0 87.0 y él quedó con su caballo.

859.0 1368.0 397.0 60.0 Al otro dia siguiente

810.0 1421.0 469.0 62.0 el burro alzaba la pata,

814.0 1473.0 492.0 62.0 y en lugar de darle plata

812.0 1519.0 513.0 59.0 toda la casa ha ensuciado.

859.0 1566.0 466.0 60.0 D. Claudio se desengaña

812.0 1618.0 488.0 58.0 que el burro plata uo dá,

820.0 1663.0 434.0 60.0 y con mala intencion va

814.0 1709.0 486.0 64.0 á buscar el tio Facundo.

862.0 1758.0 450.0 64.0 Mas Facundo prevenido

814.0 1810.0 533.0 60.0 de astucia como buen viejo,

816.0 1857.0 494.0 69.0 hizo comprar dos conejos

816.0 1907.0 533.0 70.0 los mas iguales del mundo.

864.0 1953.0 521.0 76.0 Advirtiendo á la tia pancha

816.0 2002.0 403.0 68.0 su idolatrada muger.

814.0 2056.0 533.0 64.0 todo lo que habrá de hacer

812.0 2097.0 544.0 75.0 cuando D. Claudio viniera.

864.0 2149.0 444.0 72.0 Èl se llevò un conejito

816.0 2203.0 420.0 64.0 otro Pancha se quedó,

816.0 2244.0 478.0 74.0 Cuando D. Claudio llegò

818.0 2294.0 449.0 150.0 le djo de esta manera.
