1753 2480
62.0 78.0 409.0 68.0 haciéndose á toda vela;

62.0 124.0 454.0 70.0 mas los trajo la desgracia,

62.0 163.0 361.0 66.0 dos navios argelinos;

59.0 200.0 470.0 72.0 los cercan por todas partes

59.0 256.0 451.0 49.0 con que apresan al navío,

62.0 287.0 452.0 58.0 y después de aprisionados

62.0 332.0 450.0 60.0 con cadenas y con grillos,

59.0 367.0 445.0 58.0 dieron en Argel con ellos

59.0 409.0 488.0 60.0 y á pregón fueron vendidos.

59.0 454.0 385.0 50.0 A Jacinto y á Leonor.

57.0 477.0 525.0 83.0 les compró un turco muy rico,

55.0 531.0 496.0 64.0 el cual los presenté á Zaida,

59.0 574.0 472.0 56.0 por la estimación que hizo:

57.0 613.0 501.0 64.0 es del rey de Argel hermana,

55.0 651.0 496.0 68.0 hermosa como el sol mismo,

57.0 688.0 434.0 62.0 la cual contenta y alegre

53.0 735.0 424.0 64.0 recibió los dos cautivos.

55.0 772.0 463.0 71.0 Estimo mucho el presente,

55.0 822.0 370.0 54.0 y así que la turca vió

55.0 859.0 370.0 52.0 la belleza de Leonor,

55.0 894.0 463.0 67.0 lo bien dispuesta y el brío,

57.0 934.0 478.0 72.0 la hizo dama de su estrado;

53.0 981.0 405.0 52.0 y viendo á don Jacinto

53.0 1023.0 372.0 53.0 lo galán y lo bizarro,

53.0 1058.0 461.0 72.0 lo discreto y lo entendido,

53.0 1095.0 401.0 62.0 lo hizo su mayordomo.

55.0 1136.0 447.0 64.0 También juntamente hizo

53.0 1184.0 438.0 64.0 de que la arábiga lengua

53.0 1225.0 410.0 54.0 le enseñasen al proviso.

53.0 1256.0 453.0 70.0 Tan buena cuenta le daba

51.0 1306.0 412.0 64.0 cuidadoso y discursivo,

47.0 1351.0 444.0 64.0 que ya Zaida se abrasaba

51.0 1388.0 395.0 48.0 en amores del cautivo.

53.0 1423.0 420.0 58.0 Se quejaba una mañana

49.0 1467.0 418.0 60.0 á sus solas don Jacinto,

51.0 1504.0 383.0 56.0 pensando nadie le oía

49.0 1547.0 397.0 52.0 aquestas palabras dijo:

53.0 1585.0 339.0 62.0 Sacratísima María,

47.0 1634.0 416.0 54.0 á vuestro divino auxilio

47.0 1676.0 409.0 51.0 apela un desconsolado,

47.0 1713.0 418.0 58.0 pues socorreis afligidos,

49.0 1762.0 368.0 46.0 consolad mi corazón

47.0 1789.0 438.0 64.0 Madre del Verbo Divino,

45.0 1837.0 411.0 58.0 ten de mi misericordia,

53.0 1872.0 401.0 60.0 y si á tu santo servicio

47.0 1915.0 490.0 64.0 conviene el que yo padezca,

47.0 1953.0 457.0 64.0 padesca que es gusto mío;

45.0 1992.0 455.0 64.0 llueyan sobre mi trabajos,

41.0 2037.0 473.0 52.0 y los más fuertes martirios

45.0 2068.0 494.0 66.0 que ha inventado la heregía,

51.0 2120.0 482.0 54.0 pues lo tengo merecido.

45.0 2149.0 509.0 66.0 Zaida que escuchando estaba

55.0 2194.0 465.0 79.0 los lamentos de Jacinto,

857.0 78.0 484.0 89.0 entró con semblante alegre

857.0 144.0 428.0 62.0 diciendo: Cristiano mío,

857.0 179.0 484.0 75.0 qué tienes que así te quejas

859.0 225.0 385.0 60.0 lloroso y enternecido:

857.0 268.0 480.0 50.0 Qué puedes al duro bronce

857.0 301.0 459.0 58.0 ablandar con tus suspiros?

857.0 341.0 474.0 70.0 Con humildad le responde:

855.0 380.0 424.0 60.0 Estaba pasando el libro

855.0 429.0 420.0 56.0 de mis trágicos sucesos,

855.0 469.0 443.0 51.0 y en pasándolo me aflijo.

855.0 506.0 449.0 60.0 Serás casado en tu tierra?

855.0 543.0 459.0 60.0 Nunca, señora, lo he sido.

853.0 589.0 459.0 57.0 Tendrás amor en España?

853.0 634.0 484.0 64.0 Es verdad que lo he tenido,

855.0 671.0 418.0 62.0 pero ahora no lo tengo,

855.0 717.0 470.0 53.0 porque los conceptos míos

853.0 758.0 381.0 50.0 están todos en Argel,

855.0 793.0 451.0 62.0 este es el dolor que gimo.

855.0 830.0 449.0 66.0 Y Zaida muy vergonzosa,

853.0 868.0 370.0 68.0 le dijo, mira cautivo,

851.0 915.0 401.0 54.0 si tú olvidas á tu Dios,

855.0 954.0 408.0 54.0 y sigues la ley que sigo

851.0 992.0 414.0 57.0 de mi profeta Mahoma,

853.0 1037.0 443.0 52.0 gozarás muchas riquezas,

851.0 1080.0 438.0 50.0 te daré muchos cautivos:

853.0 1109.0 488.0 60.0 también te daré el gobierno

853.0 1159.0 420.0 52.0 de aqueste reino lucido.

853.0 1188.0 546.0 78.0 Esto has de hacer, no lo dudes,

851.0 1235.0 434.0 54.0 esto te está bien Jacinto;

847.0 1279.0 500.0 60.0 el cual respondió muy triste,

851.0 1316.0 486.0 56.0 formando un tierno suspiro.

851.0 1359.0 509.0 56.0 ¿Cómo quieres que yo olvide

853.0 1401.0 496.0 49.0 á un Dios de gracia infinita?

847.0 1434.0 535.0 56.0 A un Dios que por su bondad,

853.0 1475.0 461.0 56.0 quiso con su amor divino

847.0 1521.0 447.0 53.0 redimirme con su sangre,

849.0 1552.0 445.0 57.0 por librarme del abismo?

847.0 1603.0 430.0 52.0 Cómo puedo ser ingrato

847.0 1645.0 492.0 51.0 á quien tanto bien me hizo?

849.0 1692.0 469.0 48.0 Calla, infame, no prosigas,

849.0 1725.0 533.0 60.0 que á no hacer lo que te digo,

847.0 1769.0 354.0 53.0 con la vida pagarás

851.0 1804.0 391.0 56.0 la cólera que reprimo.

851.0 1849.0 372.0 52.0 Deja cristiano tu ley,

847.0 1886.0 438.0 58.0 véncete á lo que te digo,

851.0 1934.0 531.0 47.0 que el que sigue á mi Mahoma

855.0 1969.0 381.0 54.0 goza bienes infinitos;

849.0 2012.0 391.0 50.0 si no lo quieres creer

847.0 2046.0 445.0 55.0 tendrás el mayor castigo,

847.0 2085.0 473.0 54.0 que se haya visto en Argel,

847.0 2130.0 385.0 54.0 y replicó don Jacinto:

849.0 2167.0 385.0 54.0 No dejaré yo mi ley,

849.0 2209.0 507.0 74.0 que eso fuera un barbarismo,
