1753 2480
843.0 99.0 118.0 53.0 —2—

448.0 163.0 21.0 56.0 2

74.0 195.0 639.0 69.0 Mijo del trueno nade me arredra.

59.0 250.0 522.0 61.0 Nunca el peligro yo conoci.

57.0 293.0 608.0 55.0 El pecho mio, fuerte cual piedra,

55.0 334.0 493.0 61.0 A tus encantos sólo rendí.

92.0 387.0 449.0 55.0 De él sale canto sentido

56.0 431.0 562.0 53.0 Que da los aires del trovador,

55.0 472.0 572.0 44.0 Como lo canta al salir del nido

55.0 507.0 490.0 56.0 El pajarillo sobre una flor.

444.0 560.0 31.0 84.0 3

86.0 626.0 633.0 68.0 Mis tristes notas, mi triste acento.

56.0 682.0 615.0 55.0 Vuelan mezclados en mi canción;

53.0 724.0 630.0 54.0 Si es que penetran en tu aposento,

52.0 764.0 580.0 59.0 No la desdeñes, ten compasión.

88.0 815.0 620.0 72.0 Si por desdicha no la escuchares,

53.0 859.0 569.0 62.0 Si por desgracia no llegó a tí,

55.0 902.0 675.0 55.0 Como se aumentan más mis pesares,

56.0 945.0 653.0 67.0 Hermosa, entonces... ¡pobre de mí!

456.0 1011.0 15.0 51.0 4

90.0 1069.0 599.0 62.0 Oye y escucha que el pecho mío

56.0 1118.0 586.0 47.0 Sin tí, consuelo no puede hallar

60.0 1153.0 590.0 56.0 Tú eres la dueña de mi albedrío

60.0 1197.0 598.0 58.0 Tú a mí la dicha me puedes dar.

89.0 1248.0 608.0 59.0 Sal, que la noche lóbrega y fría,

55.0 1293.0 632.0 53.0 Sin contemplarte cáusame enojos:

56.0 1339.0 634.0 48.0 Sal, porque el alma tan solo ansía

56.0 1376.0 637.0 63.0 Los resplandores que dan tus ojos.

452.0 1426.0 27.0 62.0 5

95.0 1478.0 731.0 73.0 Pues si al tormento que estoy sufriendo

56.0 1532.0 595.0 52.0 Se añade el doble de tu desdén,

56.0 1569.0 616.0 51.0 Mi triste vida se irá extinguiendo

55.0 1616.0 600.0 55.0 Que tus encantos son mi sostén.

90.0 1664.0 709.0 65.0 Pues los placeres que el mundo ofrece

59.0 1709.0 566.0 51.0 No son placeres si tu no estás

56.0 1748.0 573.0 51.0 Sin tí, de encantos todo carece,

56.0 1798.0 537.0 55.0 Gloria cumplida, sin tí jamás.

444.0 1841.0 41.0 68.0 6

89.0 1909.0 589.0 66.0 La pálida luna azás débilmente

55.0 1959.0 731.0 59.0 Proyecta mí sombra y alumbra a la vez

55.0 1999.0 534.0 56.0 Mi ardiente volcánica frente

57.0 2043.0 713.0 73.0 Que temo ser blanco de injusta altivez.

946.0 161.0 739.0 60.0 No, no; no rechaces amor tan profundo

913.0 203.0 760.0 64.0 Que puesto a tus plantas perenne estaré,

916.0 248.0 791.0 84.0 Qué me importa el cielo, ni que me importa

1535.0 289.0 183.0 69.0 (el mundo

915.0 322.0 559.0 67.0 Yo jure adorarte y te adoraré.

1306.0 369.0 35.0 73.0 7

945.0 432.0 715.0 76.0 La noche se aleja, se acerca la aurora,

910.0 487.0 707.0 61.0 Mis ayes, mis quejas perdiéndose van;

915.0 529.0 745.0 60.0 Tu ausencia, mi pecho doliente ya llora,

913.0 571.0 626.0 64.0 Y mis esperanzas su despido dan.

938.0 628.0 619.0 58.0 Cruel, si mis ayes oiste tranquila

909.0 662.0 711.0 66.0 Cruel, si mis quejas tu pecho escuchó,

908.0 706.0 722.0 62.0 El mío en constancia y amor no vacila,

910.0 748.0 694.0 70.0 Jamás el perjurio mis labios manchó.

1302.0 803.0 35.0 83.0 8.

938.0 861.0 689.0 73.0 Desprecío la muerte, no temo morir,

912.0 914.0 747.0 64.0 Allá en mi cabaña do el trueno retumbo,

910.0 956.0 662.0 56.0 El rayo fulgente no me puede herir,

909.0 992.0 732.0 73.0 Cambiando mi cuna por mísera tumba.

949.0 1048.0 679.0 61.0 Allí varias veces luché con las fieras,

919.0 1089.0 674.0 53.0 Y fuerte cual roble, la muerte les dí:

912.0 1131.0 732.0 67.0 Que alli de los montes entre sus laderas

1304.0 1192.0 33.0 68.0 9

924.0 1242.0 742.0 75.0 Bandidos salvajes, los montes cercanos

912.0 1295.0 631.0 62.0 Recorren veloces tu vida a buscar,

912.0 1336.0 792.0 69.0 Respeto me tienen, pues ven en mis manos

913.0 1379.0 736.0 66.0 Los medios de hacerme querer respetar:

949.0 1426.0 711.0 74.0 Ni el hombre salvaje, ni la loba lijera,

910.0 1474.0 622.0 62.0 Ni rayos, ni nievas, ni sol estival,

916.0 1515.0 682.0 62.0 Jamás doblegaron mi cuerpo de fiera

912.0 1561.0 632.0 68.0 Más tu la rendlste, alma angelical.

1288.0 1620.0 62.0 60.0 10

942.0 1674.0 645.0 71.0 Mi madre amada, llorra mis penas

917.0 1723.0 589.0 52.0 Y cuando quiere calmar mi mal,

910.0 1764.0 604.0 50.0 Dice llorando que por mis venas

910.0 1809.0 590.0 55.0 Corren torrentes de sangre real.

953.0 1862.0 488.0 55.0 Y si no sales a la ventana,

915.0 1902.0 533.0 58.0 Perla de Oriente, mítida flor

912.0 1946.0 555.0 47.0 Bajo tus muros verás mañana

913.0 1988.0 608.0 77.0 Rota una lira, muerto un cantor.

1566.0 2044.0 115.0 76.0 F. B.
