2148 3034
523.0 278.0 372.0 101.0 tu retrato criatura

528.0 333.0 489.0 99.0 porque no hallo papeles

531.0 396.0 536.0 84.0 para escribir tu hermosura

531.0 437.0 567.0 99.0 por Dios díme si me quieres.

584.0 480.0 569.0 93.0 Ya me han dicho que tu vas

528.0 553.0 413.0 68.0 á cortejar otra dama

533.0 604.0 489.0 86.0 dímelo delante, no atrás

536.0 662.0 387.0 63.0 estaré desengañada

541.0 687.0 481.0 96.0 no me hagas penar mas.

592.0 761.0 450.0 68.0 Tengo una cara bonita

543.0 814.0 501.0 75.0 y un cuerpo sin arrugas,

546.0 862.0 501.0 83.0 y se rinde á tus quereres

549.0 905.0 508.0 93.0 y por prenda mas sugura

546.0 970.0 438.0 64.0 salero aquí me tienes.

599.0 1001.0 547.0 83.0 Cuando va un amante fino;

541.0 1066.0 425.0 71.0 á cortejar una dama,

551.0 1112.0 463.0 81.0 de los pies á la cabeza,

554.0 1165.0 501.0 96.0 lo primero es el mirarla.

837.0 1213.0 83.0 78.0 III.

609.0 1248.0 514.0 89.0 Sabes que jamás te olvido

561.0 1324.0 461.0 76.0 prenda de mi córazon,

564.0 1365.0 584.0 91.0 y siempre he de estar contigo

566.0 1420.0 428.0 84.0 con muchísima razon

569.0 1474.0 534.0 73.0 cuando va un amante fino.

622.0 1514.0 534.0 81.0 A este mancebo en la plaza

574.0 1565.0 582.0 93.0 yo le pregunté al momento,

576.0 1628.0 582.0 86.0 ¿ á dónde vas con tanta calma

581.0 1683.0 481.0 79.0 y me respondió diciendo

571.0 1734.0 420.0 78.0 á cortejar una dama.

635.0 1790.0 382.0 68.0 Se le mira el andar

579.0 1838.0 455.0 63.0 el cuerpo y su cintura

584.0 1891.0 473.0 73.0 luego dice con presteza,

581.0 1936.0 446.0 74.0 falta no hallo ninguna

581.0 1992.0 461.0 66.0 de los pies á la cabeza.

642.0 2025.0 504.0 83.0 Si te has de casar con ella

594.0 2090.0 458.0 76.0 registra libros y leyes,

592.0 2138.0 559.0 79.0 porque despues tú con rabia

594.0 2192.0 455.0 70.0 te darás á las paredes,

597.0 2245.0 508.0 83.0 lo primero es el mirarla.

877.0 2285.0 79.0 84.0 IV.

647.0 2338.0 519.0 81.0 Si te has de casar amante;

599.0 2389.0 511.0 78.0 ha de ser sin mas tardar,

604.0 2452.0 544.0 76.0 que los casamientos largos,

604.0 2500.0 438.0 230.0 todos se suelen dejar,

1338.0 247.0 511.0 101.0 Has de hacer que no sepa

1292.0 318.0 514.0 78.0 hasta que el cura lo diga,

1297.0 374.0 549.0 86.0 y otró no venga á hablarte:

1297.0 434.0 484.0 74.0 mas no te crees mentiras

1297.0 482.0 509.0 71.0 si te has de casar amante.

1358.0 538.0 450.0 63.0 Estoy confusa rendida

1302.0 584.0 555.0 75.0 yo de hacer tantos papeles,

1305.0 642.0 493.0 76.0 yo me canso de aguardar

1308.0 687.0 463.0 79.0 y si esa intencion tienes

1308.0 738.0 490.0 78.0 ha de ser sin mas tardar.

1351.0 788.0 513.0 81.0 Con licencia de la Virgen

1315.0 841.0 476.0 76.0 y de aquel divino Dios,

1310.0 892.0 471.0 68.0 que si pasamos trabajos

1313.0 943.0 435.0 83.0 los pasaremos los dos

1313.0 986.0 538.0 78.0 que los casamientos largos.

1366.0 1039.0 531.0 78.0 Esta es la verdad señores,

1318.0 1099.0 592.0 74.0 que estamos en todos tiempos,

1320.0 1150.0 509.0 76.0 la gente se pone á hablar

1325.0 1206.0 516.0 73.0 y á poner dos mil enredos

1320.0 1248.0 425.0 81.0 todos se suelen dejar.

1629.0 1297.0 23.0 75.0 V.

1381.0 1334.0 516.0 97.0 ¡O cuando será aquel dia!

1330.0 1405.0 461.0 74.0 que juntaremos la ropa

1330.0 1451.0 428.0 78.0 toda la tuya y la mia

1333.0 1511.0 422.0 79.0 en una arca preciosa.

1381.0 1549.0 440.0 79.0 Ojalá Dios lo permita

1338.0 1608.0 511.0 80.0 y aquella Vírgen preciosa

1338.0 1658.0 524.0 73.0 que el padre cura me diga

1338.0 1719.0 476.0 63.0 si te quiero por esposa :

1343.0 1764.0 501.0 76.0 ¡ó cuando será aquel dia!

1396.0 1822.0 445.0 61.0 Dia me parece ahora

1340.0 1870.0 506.0 64.0 de hacer este casamiento,

1345.0 1916.0 582.0 81.0 pues ya no quiero mas gloria

1348.0 1974.0 468.0 68.0 que lograr lo que deseo

1348.0 2015.0 481.0 75.0 que juntaremos la ropa.

1406.0 2065.0 451.0 79.0 Estoy esperando el dia

1361.0 2123.0 440.0 74.0 y lo pretendo alcanzar

1358.0 2174.0 438.0 73.0 yo lo pretendo juntar,

1358.0 2229.0 433.0 71.0 toda la tuya y la mia.

1409.0 2275.0 425.0 71.0 Eres muger generosa

1363.0 2321.0 483.0 80.0 yo soy un hombre igual

1363.0 2386.0 483.0 63.0 no quiero clavel ni rosa

1361.0 2429.0 384.0 79.0 sin poderlo igualar

1366.0 2480.0 422.0 255.0 en una arca preciosa.
