2148 3034
680.0 245.0 71.0 93.0 VI.

442.0 303.0 486.0 83.0 Mozo si has de cortejar,

389.0 361.0 534.0 76.0 has de ser guapo y valiente

397.0 422.0 425.0 68.0 y cortejar una dama,

392.0 462.0 490.0 81.0 que diga á el sol detente.

450.0 518.0 498.0 76.0 Te has de saber gobernar

397.0 571.0 496.0 76.0 y no lo espliques á nadie

392.0 621.0 361.0 71.0 sino te la quitarán

389.0 659.0 471.0 84.0 en el medio de la calle;

392.0 728.0 478.0 65.0 mozo si has de cortejar.

447.0 773.0 625.0 89.0 Siempre te has de hallar presente

397.0 834.0 577.0 73.0 y has de estar con vigilancia,

397.0 887.0 402.0 66.0 y luego severamente

387.0 935.0 463.0 61.0 á la puerta de la dama

392.0 980.0 559.0 71.0 has de ser guapo y valiente.

412.0 1041.0 612.0 71.0 Siempre has de andar con calma

389.0 1089.0 461.0 68.0 siempre los ojos arriba

389.0 1140.0 463.0 68.0 si la ves en la ventana,

397.0 1195.0 488.0 69.0 ¿qué haces ay! señorita?

394.0 1243.0 418.0 66.0 y cortejar una dama.

442.0 1281.0 403.0 76.0 Tiene la cara bonita

392.0 1345.0 417.0 65.0 esta hermosa señora,

397.0 1400.0 516.0 68.0 y una estrella en su frente

392.0 1446.0 475.0 65.0 al vuelo de esta paloma

394.0 1496.0 504.0 71.0 que dice á el sol, detente.

678.0 1539.0 86.0 76.0 VII.

440.0 1592.0 503.0 81.0 Déjate estar de mugeres;

389.0 1643.0 473.0 73.0 mas te vale ser soldado

392.0 1701.0 496.0 76.0 comer pan de municion,

394.0 1757.0 461.0 63.0 que no casarte este año.

440.0 1795.0 483.0 91.0 He visto varios papeles,

392.0 1840.0 331.0 79.0 los he oido leer,

399.0 1901.0 524.0 78.0 ni lo dudes, ni lo niegues,

399.0 1969.0 451.0 61.0 y si me quieres creer,

397.0 2012.0 480.0 68.0 déjate estar de mugeres.

442.0 2065.0 483.0 61.0 No pretendes ser casado

392.0 2106.0 551.0 88.0 ni por cuanto vale un siglo,

389.0 2164.0 501.0 68.0 porque te verás turbado,

394.0 2219.0 506.0 64.0 y para no mantener hijos

389.0 2272.0 481.0 59.0 mas te vale ser soldado.

447.0 2313.0 478.0 76.0 Para esplicar la cancion

394.0 2356.0 453.0 86.0 silencio pido este rato,

399.0 2417.0 403.0 73.0 y me sobre la razon

394 2475 501 71 si el pan blanco va caro,

1151.0 260.0 483.0 81.0 comer pan de municion.

1209.0 318.0 420.0 68.0 Mas te valdria comer

1156.0 381.0 498.0 69.0 pan de mijo y de cebada,

1151.0 429.0 554.0 74.0 ir arrastrando por el campo

1156.0 477.0 478.0 76.0 y á beber agua de balsa

1153.0 536.0 478.0 73.0 que no casarte este año.

1416.0 573.0 107.0 76.0 VIII.

1199.0 609.0 627.0 109.0 El que encuentra suegro ó suegra

1151.0 687.0 534.0 58.0 cuando herederá una casa,

1158.0 735.0 514.0 74.0 siempre de noche ó de dia

1151.0 801.0 417.0 51.0 armarán su zaragata.

1196.0 824.0 521.0 78.0 Por la mañana á la huerta

1143.0 892.0 473.0 71.0 trabajará con cuidado,

1148.0 940.0 493.0 78.0 y á la noche por la cena

1151.0 991.0 521.0 65.0 le prevendrán con un palo

1151.0 1046.0 630.0 74.0 el que encuentra suegro ó suegra.

1206.0 1094.0 491.0 66.0 Todo el dia con la ajada

1151.0 1150.0 422.0 66.0 este pobre pasa frio,

1158.0 1195.0 430.0 74.0 y en el verano se asa

1156.0 1251.0 422.0 68.0 de calor el pobrecillo

1151.0 1304.0 528.0 61.0 cuando heredará una casa.

1201.0 1347.0 539.0 76.0 Cuando este muchacho iba

1153.0 1400.0 423.0 68.0 á cortejar esta dama,

1153.0 1453.0 519.0 74.0 su suegra como es fingida

1156.0 1509.0 483.0 58.0 con palabras la engañaba

1146.0 1549.0 539.0 79.0 siempre de noche ó de dia.

1199.0 1605.0 463.0 73.0 La comida le dan mala

1151.0 1658.0 498.0 71.0 y este pobre que trabaje,

1158.0 1714.0 440.0 65.0 y un plato de calabaza

1153.0 1757.0 481.0 73.0 y sin beber por la tarde

1151.0 1820.0 427.0 63.0 armarán su zaragata.

1437.0 1868.0 86.0 68.0 IX.

1206.0 1919.0 352.0 63.0 Amante fino seré,

1156.0 1972.0 480.0 63.0 seré tu amor verdadero:

1156.0 2012.0 405.0 76.0 primero me moriré

1153.0 2070.0 501.0 76.0 que olvidarte ángel bello.

1199.0 2116.0 377.0 71.0 Dama no te dejaré

1151.0 2159.0 432.0 78.0 si tu palabra me das,

1153.0 2219.0 415.0 76.0 á mi pecho advertiré

1151.0 2270.0 516.0 76.0 para que no vuelva atrás,

1156.0 2326.0 341.0 70.0 amante fino seré.

1199.0 2363.0 463.0 76.0 Olvidarte nunca puedo

1153.0 2424.0 582.0 73.0 aunque yo me vaya á Roma,

1151 2480 455 63 sabes que yo te venero
