1888 2616
102 69 432 81 perque ella realment

91 122 536 74 la mes escassa, y estreta,

95 178 487 66 la mes ridicula, y rara

95 228 596 66 de quantas lo mon sustenta.

104 276 414 70 Y sino, digasme tu

100 316 523 78 que mes estranya raresa,

102 381 523 65 que mes misera escassés,

102 418 586 87 que voler fer quatre berlas

100 477 726 81 de un lluquet, y que estas quatre

113 525 606 81 per vuyt vegadas servescan?

111 573 538 74 Voler que durian set dias

106 623 585 76 uns tres diners de canyella,

113 675 538 77 y que en totas las viandas

109 728 536 69 notablement se conega?

111 767 643 85 Quen duria catorse, ó quinse

111 828 466 76 una carrega de llenya

111 869 529 88 de las que fan los Galets

115 922 576 74 tant xicas, y tan dolentas?

119 981 650 71 Y que de carbó ab tres lliuras,

119 1028 548 79 que ella mateixa las pesa,

117 1083 563 70 se planxia, se fassa caldo,

128 1122 628 74 y algunas brasas ne quedian?

124 1177 538 76 Pues que diré de intentar

128 1231 578 68 que bastian pera escudella,

130 1275 578 76 per sis, que son de familia,

126 1327 569 72 de fideus sols tres onzetas,

128 1375 482 79 de carn pera tot lo dia

130 1425 500 70 unicament duas tersas,

128 1473 578 70 de oli sabent mitja cuarta,

132 1523 508 77 de vi mitja meytadella,

132 1573 609 68 de pa vuyt diners per barba,

139 1626 554 65 y menos en la Quaresma?

135 1665 597 83 Pues que? Obligar al dejuni

141 1717 652 83 per mes que una se atropellia,

146 1776 673 79 per mes que las feynas sobrian;

143 1826 639 74 per mes que de ell eximescan:

141 1876 447 68 no donan pera dinar

141 1911 724 94 sino uns quans grans de monjetas

143 1970 528 74 de fesolets, ó de guixas:

146 2020 527 72 de brou ab una caldera,

150 2073 525 76 y un bocí de peixo palo;

146 2123 470 76 ó tunyinota pudenta:

154 2166 652 85 y al vespre un poch de ensiam

150 2223 521 70 ab dos ó tres figas secas;

152 2275 519 72 no es rigor intolerable?

150 2323 599 142 no es crueltat de una fiera?

893 63 641 83 no es mes, que Christiandad,

898 115 473 70 calificada insolencia?

904 154 626 83 Pues escolta encara una altre

900 220 469 63 mes ridicula simplesa.

902 261 547 76 La cuyna de aquella casa

902 324 464 64 te una petita finestra,

911 368 512 74 que trau en un carrero,

906 416 611 67 en lo cual devant de aquella

902 473 617 63 crema la llantia de un Sant;

913 516 589 79 pues atén quina sen pensa,

913 573 460 65 ou quina sen imagina

913 616 469 68 la solapada Mestresa:

911 664 458 66 ab sa rara economía

917 708 609 74 diu que ab la finestra oberta

917 769 532 65 te la cuyna bastant llum

917 817 585 74 del que la llantia dispensa,

917 872 550 69 y vol que ab ell solament

917 924 532 67 se fassan totas las feynas.

917 974 436 65 Considera tu mateix

920 1018 545 72 si es una admirable idea,

922 1072 540 61 si es pensament ben agut

924 1120 410 68 ó locura manifesta.

924 1164 575 72 Que fes asso una Senyora,

920 1218 460 74 obligada de pobresa,

926 1270 406 72 se podria tollerar;

930 1308 678 87 pero que ho practique aquella,

930 1375 598 61 que segons diu tot lo mon,

930 1423 556 70 te una poderosa hizienda,

930 1471 556 63 qui ho ha de poder sufrir,

928 1512 624 72 sens que de rabia reneguia?

933 1569 542 74 Lo Amo te diferent geni;

937 1619 580 74 pero, com ell no governa,

935 1672 510 65 no fa mes que predicar,

935 1715 682 81 sens que á sas rahons se atenga.

935 1772 503 65 De tot lo que he referit

935 1815 560 70 es precis que tu inferescas

939 1870 582 68 quins treballs hauré passat,

935 1918 660 74 quins disgusts, y quinas penas

941 1970 467 61 en estos casi dos anys

944 2018 497 63 de Purgatori, ó galera.

948 2071 591 63 Trobantme ja prou cansada

944 2118 547 66 de sufrir tantas molestias,

948 2171 545 70 pera acabar de apurarme,

944 2223 571 61 lo Diumenge de Pasquetas

950 2269 497 65 volgué la mala ventura

946 2319 479 79 que la maliciosa Vella

1563 2378 100 85 pre-
