1901 2621
231 113 448 70 un Lacayo finalment

235 159 472 85 posat á mil maravellas

229 218 492 65 desde la punta del peu

231 270 529 75 fins dalt à la escarapela;

231 318 653 77 mosso de uns vint y tres anys,

240 369 500 72 y de no mala presencia.

233 419 481 74 Encontraronse los dos

235 467 427 68 sota la mia finestra,

242 522 483 74 y despues de saludarse

240 576 382 61 ab alegre rialleta,

242 607 538 76 exclamá lo bon Lacayo:

244 672 573 74 Es posible, hermosa Pepa,

244 722 597 70 que haja mes de quinse dias

251 764 583 79 que no he vist eixa bellesa?

251 825 559 72 Es possible, bella ingrata,

251 867 564 80 que tingas aqueixas tretas,

253 912 588 88 que sabent tu que te estimo

255 971 487 77 com la mes fina Perla,

255 1026 433 61 ab rigurosos desvios

260 1054 533 81 te burlas de ma firmesa?

262 1122 467 70 O es possible sia tanta

264 1168 568 72 la esperesa de ma estrella,

268 1214 656 87 que de aqueix modo me privia

266 1273 570 76 del gust, y la complacenia

266 1310 671 85 que jo tinch sempre, que logro

268 1376 479 69 veurer eixa cara bella,

266 1417 667 83 aqueix garbo, aqueix donayre,

268 1474 553 72 aqueix ullet de Hetxisera,

273 1517 502 77 que penetra lo meu cor

270 1566 549 80 ab tan agradables fletxas?

268 1614 529 76 Com estás tant retirada?

275 1666 664 76 O be per quins mars navegas?

275 1714 605 83 Per ma fe Francisco Jorbas,

281 1773 588 76 que men dius à boca plena,

279 1821 614 72 respongué aumentant colors

286 1869 448 74 la garbosa falaguera:

284 1911 559 85 Son lisonjas tas paraulas?

281 1961 686 83 Son jochs? Son burlas, ó veras?

288 2018 577 76 Que com no conech en mí

290 2070 500 72 merits pera tals finesas,

292 2127 450 74 ab raho puch recelar

297 2171 515 78 si son, ò no verdaderas.

343 2219 563 74 Ell. De tos merits lo valor

297 2271 570 79 lo publican be tas prendas,

305 2326 555 80 y en quant à ma voluntat,

310 2378 505 122 pots tenir tanta certesa,

1031 104 533 81 que lo arribarne à dubtar

1031 159 467 74 será coneguda ofensa.

1081 205 584 76 Ella. Agrahiré tals excesos,

1033 257 542 74 ab fina correspondencia:

1040 301 493 74 y com aqueixos fervors

1037 356 586 74 inconstancias no patescan;

1037 412 525 75 te entregarè de mon cor

1044 463 415 69 possesió tan entera,

1042 497 588 90 que, mediant la indisoluble

1040 561 493 74 conjugál dolsa cadena,

1042 598 546 81 no hi haurá incident algú

1048 659 586 74 que à turbarla se atrevesca.

1094 692 715 85 Ell. O que ditxa! O que fortuna!

1048 760 582 76 mil voltas las mans te besa

1051 808 539 72 aquest ton rendit Esclau

1057 832 684 107 per tot lo que ara me expressas:

1057 910 529 75 Accepto lo que insinuas,

1061 963 466 72 y esta excessiva finesa

1059 1006 547 79 la gravaré en la memoria

1059 1052 553 79 ab tant indelebles lletras,

1066 1109 500 74 que no la podrá borrar

1064 1135 646 94 del temps tota la inclemencia,

1066 1203 500 79 Pero digasme, querida,

1068 1247 562 85 digasme, hermosa Josepa,

1068 1299 666 74 com ha estát que aquestos dias

1075 1349 607 88 jo en part alguna not veya?

1075 1402 476 78 Estavas acás malalta?

1077 1461 428 67 Patias alguna pena,

1079 1498 594 83 quet privás de eixir de casa,

1083 1546 627 89 y à mos ulls de ta presencia?

1127 1592 706 87 Ella. Francisco, no es res de aixó

1077 1655 544 77 si que per altre comedia,

1083 1712 374 72 que te la referiré

1085 1756 523 78 ab brevedát, y prestesa,

1085 1799 597 81 me he vist del tot precisada

1088 1856 522 70 á renyir ab la Mestressa,

1090 1911 470 65 à mudar en fi de casa,

1092 1959 531 70 buscant vida mes quieta.

1092 2005 492 69 He servit casi dos anys

1094 2057 424 70 à la Senyora Teresa

1096 2109 381 66 ab tota la llealtat

1101 2140 570 85 ab que una filla se esmera:

1103 2203 581 81 y en aqueix temps he sufrit

1101 2254 557 72 las majors impertinencias,

1105 2313 374 63 que podia tollerar

1105 2352 518 107 una desgraciada Negra;

1732 2396 59 87 per-
