1700 2440
286 193 21 36 2

239 215 635 55 La mujer que encuentre un hombre

953 221 478 49 Tres jueves hay en el año

195 260 406 59 fino, constante y leal,

911 252 522 63 que relumbran como el sol:

197 302 408 61 llévelo, por cosa rara,

906 298 556 65 Jueves Santo, Corpus Christi,

201 349 386 57 á la Historia Natural.

913 347 451 61 y el dia de la Ascensión.

241 392 558 59 El amor que siente el hombre

955 398 452 55 En la soledad del campo

197 431 423 67 es como la leña verde,

908 441 503 57 me puse á llorar mis penas,

197 475 500 71 que llena de humo la casa

906 479 493 65 y fué tan grande mi llanto

197 520 366 71 y luego desaparece.

908 526 491 59 que florecieron las yerbas.

241 575 391 51 Anoche soñé contigo

957 571 476 57 En el campo una mañana

908 599 393 76 Cogí para tí una flor;

199 612 461 61 y fui muy feliz entonces;

201 662 628 55 Dios me otorgue hoy mucho sueño

906 660 521 65 Se me perdió en el camino,

913 703 384 59 Y con ella la ilusión.

193 703 467 63 para soñar lo de anoche.

241 752 454 57 Aun conservo tu retrato,

955 746 478 57 Dices que tu amor es loco

908 790 493 59 Y yo que es loco mi amor;

199 795 510 56 y hasta le guardo con llave,

193 831 565 63 que él me recuerda la historia

908 835 525 59 Que nos encierren por locos

195 876 459 65 de todas tus liviandades,

911 878 394 61 Pero juntos á los dos.

239 933 452 51 Yo he muerto ya para ti

953 921 387 63 Morenita y enlutada,

197 953 461 73 hace muchísimo tiempo;

913 971 579 61 ¡Qué bien que te sienta el luto!

197 1012 500 57 cumple el refrán, hija mia,

908 1010 425 63 Nos casaremos los dos,

199 1055 598 59 de que á rey muerto, rey puesto.

911 1051 486 67 y Dios perdone al difunto.

239 1100 580 65 Si es cierto que en este mundo

955 1106 472 57 El clavel que tú me diste

908 1146 440 61 el dia de la Ascensión,

197 1132 500 77 quien mal anda mal acaba,

199 1183 435 63 tiene que ser tu castigo

908 1193 464 55 no fué clavel, sino clavo

197 1240 486 55 tan grande como tu falta.

911 1234 418 63 que clavo mi corazón.

239 1285 456 52 Amar al prójimo ordena

941 1281 445 56 Cuando yo te vi venir,

195 1321 488 65 de Dios el santo precepto;

911 1309 384 73 le dije á mi corazón:

193 1366 520 65 tantos amas, que si mueres,

906 1362 460 69 ¡Qué bonita piedrecita

197 1409 455 61 te vas derechita al cielo.

911 1413 412 61 para dar un tropezón!

237 1461 537 61 Mucho daño me has causado

959 1461 438 53 Desde que te vi te amé,

193 1498 439 61 sin llegar á condolerte;

911 1500 504 61 porque amar y ver tu cielo

913 1549 538 57 bien pudieron ser dos cosas,

193 1541 551 65 pero aquel que á hierro mata

195 1592 547 57 ya sabes que á hierro muere.

915 1594 425 59 pero ninguna primero.

241 1636 436 53 ¿Es posible padre Adan

959 1640 458 53 Anda diciendo tu madre

195 1659 506 75 que siendo vuestra merced

913 1683 447 53 que mereces una reina;

195 1720 571 61 el primer hombre del mundo,

915 1718 512 61 anda, vé, y dile á tu madre

197 1758 449 59 le engañara una mujer?

911 1760 514 70 que vaya á Madrid por ella.

244 1813 455 53 De una costilla de Adan

959 1807 338 61 Los pajarillos y yo

197 1832 398 77 hizo Dios á la mujer,

917 1854 543 59 nos levantamos a un tiempo,

195 1891 508 67 para dejarle á los hombres

915 1897 402 61 ellos á cantar el alba,

199 1945 366 55 ese hueso que roer.

908 1935 521 69 yo á cantar mi sentimiento.

244 1984 504 59 Las mujeres que hay ahora

963 1982 480 59 El querer que puse en tí

197 2029 506 61 son como las cañas verdes,

917 2031 406 61 un cuervo se lo llevó,

197 2069 504 66 por cima tienen la pompa,

919 2074 565 63 y en medio de aquellos mares,

915 2122 435 59 abrió el pico y lo soltó.

197 2114 435 65 por bajo los arambeles.

246 2165 481 57 Aquella mujer que quiere

961 2165 468 57 Amigo Blas, he intentado

197 2206 530 63 mandar mas que su marido,

913 2204 488 69 poner mi mujer en venta,

205 2248 480 63 ¡Santo Cristo del garrote,

911 2257 467 61 para comprar un caballo

199 2291 415 75 leña del Yerbo divino!

913 2297 500 75 que me sale mejor cuenta.
