1765 2512
816 249 25 67 8

108 314 423 64 una gala de la reina

115 353 519 76 para que fuese adornada.

108 410 469 63 Al soldado puso el rey

115 456 460 63 Toison y llave dorada,

115 496 487 79 y un baston de general,

110 552 513 71 y que se sentasen manda.

108 598 520 65 Cubrió con unas cortinas

108 651 451 62 de tela muy realzada

108 697 478 71 sus personas y dispuso

115 738 538 74 que al napolitano traigan.

106 797 488 67 El rey dice: ea, amigo,

119 835 590 77 ya el pájaro está en la jáula;

117 889 506 67 ya está preso el agresor,

113 939 575 63 la sentencia ha de ser dada

119 979 594 73 entre los dos ¿qué os parece?

115 1032 527 71 ¿ha de ser hoy ó mañana?

115 1078 519 67 Respondió el napolitano:

117 1128 624 67 si á mi gusto ha de ser dada,

115 1180 477 63 como parezca mi hija,

119 1220 634 79 que no se le agravie en nada.

125 1272 605 76 ¿Qué, á tu enemigo perdonas?

119 1318 597 71 Sí, Señor, porque me agrada

115 1371 523 73 aquel arte y compostura,

123 1419 469 73 y disposicion gallarda.

123 1465 622 73 Corrió el rey las dos cortinas,

125 1515 540 75 y de esta suerte le habla:

125 1561 616 69 aquí está el grande don Juan,

841 309 503 57 mira aquí tu hija amada.

843 347 490 65 Levanta, gallardo jóven,

845 397 612 67 tres veces grande de España

841 450 438 60 caballero del Toison,

841 489 461 69 señor de llave dorada;

843 544 478 60 fiel defensor de la vida

837 586 605 69 del gran rey de las Españas.

839 634 532 71 Levanta, señor de Illescas

841 682 532 69 y de todas sus comarcas.

841 734 450 67 Ea, buen napolitano,

847 780 530 69 ya la sentencia está dada;

839 837 559 58 idos en paz, y de Himenéo

852 885 502 63 goceis delicias sobradas.

850 933 481 59 Besaron al rey la mano

850 977 575 65 por mercedes tan colmadas.

850 1023 513 69 Los títulos le entregaron

847 1073 478 67 en que hoy autorizada

841 1117 496 67 se vé la: casa del dicho,

854 1168 506 64 en Illescas la nombrada.

847 1218 438 65 Gozoso el napolitano

850 1266 538 65 se ausentó para su pátria,

847 1314 555 63 á vender toda su hacienda,

854 1364 534 59 y luego venirse á España.

858 1410 463 61 Y Pedro Salvador pide

852 1459 460 62 al áuditorio las faltas

854 1503 559 71 perdone, si es que las hay

852 1553 529 67 en la historia declarada.

745 1911 197 146 FIN.

613 2208 452 96 CARMONA. 1859.

236 2279 1212 96 Imprenta de D. José M. Moreno, calle Juan de la Cabra.
