1737 2508
146 186 478 64 mostrándose mas cruel,

144 240 554 71 mientras mas la laureaban,

144 292 493 80 pero con mayor empeño,

146 359 412 65 entre todos se señala

144 415 462 74 con amorosos estremos

148 468 483 69 un caballero que llaman

146 526 441 71 D. Diego de Peñaloza,

148 591 506 69 y fué cosa, que le agrada

146 641 443 75 á esta copia de belleza

150 700 554 79 pues dejando el ser ingrata

150 764 535 74 correspondió á sus favores,

150 819 502 73 y de secreto se hablaban:

150 873 556 84 y el uno á el otro se dieron

148 934 468 79 de casamiento palabra,

150 988 441 75 y estando para pedirla

148 1051 437 77 á sus Padres lo dilata

146 1105 537 77 por ciertos inconvenientes,

152 1174 464 67 y cosas que precisaban,

150 1224 560 73 á cuyo tiempo otro amante,

150 1283 516 75 que por esta niña andaba,

150 1337 560 84 que era D. Martin de Soria,

152 1398 508 77 caballero de importancia,

154 1460 510 76 se anticipó, y á su Padre

152 1508 518 80 se la pidió con mil ansias,

156 1569 502 82 haciéndole mil promesas,

154 1640 435 71 y prometiendo dolarla

154 1690 531 73 en cincuenta mil ducados,

154 1755 556 69 y otras prendas vinculadas.

154 1805 485 78 Y discurriendo D. Juan

154 1864 387 73 seria cosa acertada,

156 1924 496 76 se la ofreció con testigos

156 1987 425 73 debajo de su palabra,

158 2054 531 65 y D. Martin muy contento,

158 2106 535 69 viendo que sus esperanzas

158 2158 533 80 llevaban buenos principios

156 2225 418 69 para lo que deseaba,

156 2276 510 94 se despidió muy contento

1421 140 25 71 3

861 169 531 94 y D. Juan se fué á su casa,

863 236 506 77 llamó á su hija, y le dijo

861 284 480 90 con amorosas entrañas:

863 367 455 61 Has de saber hija mia,

863 418 441 68 como te tengo tratada

863 470 458 73 de casar con D. Martin

863 532 483 69 de Soria, y le tengo dada

863 585 483 73 la palabra con testigos,

863 643 604 80 y en ello no ha de haber falta,

865 702 531 73 mira lo que me respondes,

861 760 583 82 si es cosa, que á ti le agrada.

863 815 439 81 Respondió Doña María

867 886 468 73 resuelta, y determinada

867 932 508 77 diciéndole: Señor Padre,

867 999 560 77 no importa, que esa palabra

871 1047 456 87 (sin saber mi voluntad)

869 1109 579 78 no obliga á cumplir en nada,

869 1182 512 63 que no siendo yo gustosa,

867 1233 510 66 será fuerza quebrantarla.

867 1297 441 65 D. Diego de Peñaloza

869 1345 531 82 es quien conmigo se casa,

873 1406 387 71 y si lo llega á saber

871 1460 525 71 lo que con D. Martin pasa,

875 1519 458 71 será cosa, que le quite

869 1577 485 69 la vida sin mas tardanza,

871 1636 470 73 con que asi, para evitar

871 1694 460 69 la resulta de esta causa

873 1747 533 83 despida usted á D. Martin,

871 1822 544 59 antes hoy, que no mañana,

873 1874 606 75 que con él no be de casarme,

877 1941 540 63 aunque pedazos me hagan.

875 1991 485 69 El padre lleno de enojo,

877 2048 481 67 encendido en ira y rabia

875 2098 496 75 ha dicho: Como traidora,

877 2161 508 73 me respondes demasiada?

875 2225 678 65 No ves, que ese hombre es pobre?

879 2276 508 85 Y ella entonces replicaba:
