1644 2452
184 153 22 55 2

92 206 558 63 Mas porque sepan el como,

813 194 552 65 á remontarme hasta el Sol,

87 247 481 61 atención pido, supuesto

813 247 520 71 sus rayos y luz bebiendo!

815 308 573 57 Mas hoy, tal amor me incita

85 298 548 71 que cuando mndnn cantar,

87 345 569 75 so halla debido el silencio.

813 351 599 74 á esta empresa, que pretendo

87 404 548 61 Tuvo el Rey de Dinamarca

811 402 514 70 casándome el viento alas,

87 453 463 76 una hija toda un Cielo,

811 455 634 84 como espuelas calzó el viento;

89 516 546 60 un portento de hermosura,

815 506 446 76 el partir á Dinamarca,

83 559 544 68 como emulación de Venus.

815 559 487 78 disfrazado en Caballero,

85 615 520 71 Era arrogante y soberbia,

813 606 536 82 sin (pie nadie me conozca,

815 659 507 82 á ver si acaso en efecto,

87 668 559 69 y (pie lo litera no es nuevo,

815 719 520 77 tienes amor por que sola,

81 717 614 79 porque siempre la hermosura

83 770 481 71 es altiva con desprecio.

817 774 487 73 ó mas acaso encubierto,

81 833 561 61 Discretos Principes muchos

815 831 415 68 si tu destino te lleva

77 874 485 76 por Esposa la pidieron,

815 876 444 70 para todo tu despeño:

83 929 493 72 y á lodos los desechaba,

813 925 512 82 Principe de Esparta soy,

815 984 522 66 mas hoy seré Aventurero,

79 988 591 70 porque se hacia el concepto.,

79 1040 489 67 que el sujetarse á varón

811 1035 575 76 que jamás en pechos nobles

79 1091 599 81 es gran pena, si hay despejo.

813 1087 532 75 caben agüeros ni miedos.

81 1138 473 71 Era pasmo de la Córte,

813 1148 544 65 Y lomando de esta suerte,

81 1193 597 71 mataba a diestro, y siniestro»

813 1189 438 71 no galas sino dineros,

79 1246 556 78 porque en sus ojos traia

815 1242 477 73 un caballo, sin criados,

81 1303 559 63 la vida, muerte, y veneno.

813 1295 563 71 cogió un camino bien lejos.

79 1358 561 70 Mas el Principe de Esparta,

817 1348 465 76 Llevó consigo también

77 1407 526 68 de esta Dama conociendo

817 1401 418 72 el Retrato verdadero

77 1463 436 63 su altivez, y su rigor,

811 1454 509 74 de su imágen y presencia

77 1507 587 74 se filé en amor encendiendo:

815 1503 434 76 el Principe Filiberto,

71 1565 485 71 y fue por haber hallado

805 1554 640 88 que este era su nombre propio

79 1622 548 61 11 n pintor de raro ingenio,

811 1616 413 69 y caminando ligero,

73 1665 589 77 (¡lie le copió esta hermosura,,

817 1671 489 74 llegó pues á Dinamarca,

75 1720 542 67 o Angel en lodo tan bello.

815 1726 475 61 el caballo vendió luego,

73 1781 475 60 En vivos zelos se ardía,

819 1769 506 74 y can un vestido humilde

71 1822 521 76 y decía: Hermoso dueño,

813 1818 454 76 andábase á lo secreto,

73 1877 456 70 si como el Cielo te dió

813 1873 446 68 ovendo de la Princesa

71 1928 515 66 esa hermosura, tu pecho

811 1926 554 76 algo en nobles., y plebeyos.

69 1992 497 59 no fuera diamante duro,

815 1979 469 70 Viola una vez que salia

69 2037 556 73 cuajado en cristales tersos,

819 2035 491 73 á su gran divertimiento,

59 2096 513 61 v con mas benevolencia

811 2092 532 67 que era la caza de monte,

69 2147 479 63 miraran tus ojos bellos;

807 2145 563 65 con sus Damas v monteros:

73 2202 558 70 :oh! como yo me atreviera,

811 2194 438 61 y si antes enamorado

73 2245 497 98 Aguila yo de mí mesmo,

815 2243 389 78 bahía vivido ciego,
