1765 2512
238 192 1108 101 TROVOS NUEVOS PARA CANTAR CON LA GUITARRA.

127 2262 1413 107 CARMONA—1856 Imp. de D. J. M. M. calle Juan de la Cabra, núrn 5

529 305 503 61 Quise bien, fui aborrecido,

481 341 452 69 adore, fui despreciado;

485 385 461 67 me lamenté, no fui oido,

479 433 465 65 porfió, no fui escuchado

127 485 542 67 ¡Cuán desgraciado he nacido,

85 525 591 75 y cuán contraria es mi estrella!

81 573 415 67 pues me Vi aborrecido

83 617 576 65 de una deidad, y aunque á ella

81 657 494 69 quise bien, fui aborrecido.

131 707 461 65 Aunque todo mi cuidado

90 751 563 63 se esmeró en servirla ansioso,

87 791 530 65 ningún provecho he sacado;

85 831 528 75 pues por mas que afectuoso

90 883 441 61 adoré, fui despreciado.

852 471 508 64 Quise amante muy rendido

810 514 465 61 obligarla con mis quejas:

812 554 525 67 mas ella se dio al descuido,

812 596 607 80 y aunque incesante en sus rejas

810 651 479 60 me lamenté, no fui oído.

856 690 542 61 Viéndome, pues desdeñado,

814 736 479 61 su calle rondaba amante;

816 772 513 69 mas fue tiempo malogrado,

816 816 555 79 pues aunque lino y constante

816 862 480 80 porfié, no fui escuchado.

548 956 572 67 Ya me has vuelto las espaldas

492 1002 504 71 porque tienes nuevo amor,

496 1044 508 63 bien puedes corresponderle

496 1096 395 61 que lo merece mejor.

142 1140 590 63 Sobre alfombras de esmeraldas

102 1186 398 70 un galan enternecido

106 1230 486 59 al pie de una verde palma

102 1272 484 63 con ansias dice á Cupido:

102 1312 572 71 ya me has vuelto las espaldas.

146 1362 400 63 De tu desden el rigor

104 1408 475 61 me penetró toda el alma,

104 1448 442 67 que olvidado á tu favor

104 1492 597 67 mí vida se encuentra en calma

100 1534 507 82 porque tienes nuevo amor.

868 1130 392 59 Deseara el conocerle

827 1170 456 67 para envidiarle la dicha,

824 1212 432 73 pues tú deseas tenerlo,

827 1239 506 83 mientras lloro mi derUcna

829 1304 521 65 bien puedes corresport crie.

875 1337 483 73 ¡Oh qué pena y qué dolor!

831 1379 565 84 ¡qué suerte y qué desventura!

831 1431 441 65 acábese en mí el error,

833 1471 557 71 que él goce de tu hermosura,

831 1517 423 82 pues lo merece mejor.

544 1620 437 60 Albricias, corazón mío,

498 1662 513 58 ánimo, no hay que llorar:

498 1701 555 69 que el sol que se te eclipsaba,

500 1750 461 60 su luz volvió á recobrar.

159 1791 460 69 Acábese el mármol frió,

115 1842 492 67 quilate el luto asombroso,

115 1881 519 74 que el dueño de tu alvedrío

117 1930 427 69 fue Fénix maravilloso;

119 1980 437 63 albricias, corazón mió.

167 2020 498 60 Vuelve, vuelve á respirar,

119 2055 502 78 que la fiera muerte airada

125 2105 442 65 no ha podido arrebatar

123 2145 517 71 la vida á tu prenda amada;

125 2191 494 67 ánimo, no hay que llorar.

885 1783 467 67 Cese el dolor que llenaba

843 1827 482 61 tus retretes de amargura,

841 1867 444 75 ya brilla como brillaba

847 1907 528 73 con luz mas perfecta y pura

847 1955 570 75 que el sol que se te eclipsaba.

891 2001 526 67 No ha de volverte á agoviar

850 2049 454 61 la oscuridad importuna,

852 2091 479 69 horror ni espanto y pesar;

850 2133 456 62 que tu moribunda luna

850 2181 475 73 su luz volvió á recobrar.
