1765 2512
305 221 32 67 2

173 253 528 86 Y si es un hombre! naita:

177 320 451 60 de la primera guantáa

171 366 480 71 le quito el moo de jablá,

180 433 446 61 vaya un poe, fortunita.

171 471 522 71 Sí algun gaché la camela,

171 540 498 62 aunque sea mu valiente,

180 581 521 65 manque sea una serpiente

169 638 524 69 le tengo de arriar candela.

173 684 505 84 Tú no sabe quien soy yo;

175 741 474 69 no sabe que soy bravío,

180 793 494 71 por dentre y fuera cosío.

175 847 480 63 ardiendo como un farór?

184 900 523 69 Que venga y verá lo güeno

182 958 444 63 verán ombre! salerito,

173 1015 509 63 aqui está un moso bonito

182 1057 605 81 que se vá á tragar el terreno.

180 1113 397 63 Ha concluio oslé ya?

180 1165 531 88 por supuesto, ayá voy yo,

188 1224 360 65 yo nasí mu naturá

182 1270 345 69 y tengo mas caliá

182 1320 490 80 que la máquina er vapó:

175 1377 430 73 no me gusta fachaita,

180 1438 508 56 ni dirme por los matojos:

186 1488 486 65 quieo saver cara é carita,

173 1534 578 84 que quiero por esa personita

184 1590 471 70 los rayitos de esos ojos.

177 1643 484 65 Po digamuste quien és:

182 1708 525 60 Antonio Cruces me yamo,

188 1756 444 67 criao y nació en Jeré,

175 1810 457 63 moso con mucho poer,

177 1858 501 69 y que quiere ser su amo:

177 1907 480 71 y en diciéndome que sí,

186 1967 425 61 estreya de la mañana

186 2011 316 69 matita de jajoli,

188 2072 425 67 dientesito de marfin,

186 2118 423 73 le doy mi via, jitana.

188 2172 400 69 Tengo pa mi salero

182 2225 469 94 un cuarto lleno é inero

898 255 465 82 y un barco con puñalá:

894 320 471 63 está osté mosito güeno?

900 368 469 67 en jaciendo una chanáa

896 427 443 67 como no lo puea matá,

894 479 458 61 salero, le doy veneno.

898 527 490 73 Conque elija osté, salao,

902 586 473 69 por quererme va mori?

900 646 421 55 con eso podrá desí...

894 701 609 60 que er mundo quea escansao.

910 738 620 78 =Po si es berdá, moso güeno,

902 793 425 71 y eso que dise seguro;

900 849 431 72 no se queará, le juro

906 906 498 61 ninguna noche al sereno.

900 954 398 65 Siga osté tras é mí.

900 1002 509 76 —¿Po no boi mejo al lao?

900 1055 550 77 —No é igual, cuerpo salao?

902 1109 507 73 — Y ella me contesta, si,

900 1161 483 71 Compare cuando dicaba

904 1218 423 69 aquel moito de andá

904 1272 526 65 no jasia masque trompesá

908 1329 545 67 con las piedras que jayaba.

908 1377 557 73 Yo no se lo que era aquello,

904 1431 373 72 lo que si pueo desi

900 1477 431 74 que me se queria salí

912 1544 463 65 el corazón po el cueyo.

906 1590 486 65 Esto, es lo que jago yo

908 1645 549 73 cuando pincharo una mosa,

908 1699 534 71 muy pulia y muy jermosa

910 1750 505 67 me se quita el malumó.

908 1800 373 73 Y si pasa, camará,

902 1865 534 62 po mi puerta una paqueta,

910 1915 528 63 tres patá me dá en la jeta,

914 1963 396 69 no lo pueo remediá.

914 2020 480 64 Quiero una mosa bonita

919 2072 487 71 aunque no sea caballera,

912 2133 484 54 me gusta una sigarrera

910 2179 524 67 mas que ochenta señorita.

914 2225 480 83 Compare, jablo é bera:
