<?xml version="1.0" encoding="UTF-8"?>
<alto xmlns:xsi="http://www.w3.org/2001/XMLSchema-instance"
      xmlns="http://www.loc.gov/standards/alto/ns-v4#"
      xsi:schemaLocation="http://www.loc.gov/standards/alto/ns-v4# http://www.loc.gov/standards/alto/v4/alto-4-2.xsd">
  <Description>
    <MeasurementUnit>pixel</MeasurementUnit>
    <sourceImageInformation>
      <fileName>Moreno_197_4.jpg</fileName>
      
    </sourceImageInformation>
  </Description>
  
  <Tags>
    <OtherTag ID="BT12" LABEL="RunningTitleZone" DESCRIPTION="block type RunningTitleZone"/><OtherTag ID="BT14" LABEL="MainZone" DESCRIPTION="block type MainZone"/><OtherTag ID="BT16" LABEL="GraphicZone:ornamentation" DESCRIPTION="block type GraphicZone:ornamentation"/><OtherTag ID="BT17" LABEL="MusicZone" DESCRIPTION="block type MusicZone"/><OtherTag ID="BT19" LABEL="QuireMarksZone:signature" DESCRIPTION="block type QuireMarksZone:signature"/><OtherTag ID="BT20" LABEL="QuireMarksZone:catchwords" DESCRIPTION="block type QuireMarksZone:catchwords"/><OtherTag ID="BT21" LABEL="GraphicZone:illustration" DESCRIPTION="block type GraphicZone:illustration"/><OtherTag ID="BT25" LABEL="NumberingZone:page" DESCRIPTION="block type NumberingZone:page"/><OtherTag ID="BT28" LABEL="MarginTextZone:colophon" DESCRIPTION="block type MarginTextZone:colophon"/><OtherTag ID="BT29" LABEL="MarginTextZone:note" DESCRIPTION="block type MarginTextZone:note"/><OtherTag ID="BT92" LABEL="CustomZone:primer_titulo" DESCRIPTION="block type CustomZone:primer_titulo"/><OtherTag ID="BT93" LABEL="CustomZone:subtitulo" DESCRIPTION="block type CustomZone:subtitulo"/><OtherTag ID="BT94" LABEL="CustomZone:titulo_parte" DESCRIPTION="block type CustomZone:titulo_parte"/><OtherTag ID="BT95" LABEL="CustomZone:impresorNum" DESCRIPTION="block type CustomZone:impresorNum"/><OtherTag ID="BT97" LABEL="CustomZone:numero_pliego" DESCRIPTION="block type CustomZone:numero_pliego"/>
    <OtherTag ID="LT40" LABEL="CustomLine:trailer" DESCRIPTION="line type CustomLine:trailer"/><OtherTag ID="LT69" LABEL="CustomLine:propriedad" DESCRIPTION="line type CustomLine:propriedad"/>
  </Tags>
  
  <Layout>
    <Page WIDTH="1765"
          HEIGHT="2512"
          PHYSICAL_IMG_NR="90"
          ID="eSc_dummypage_">
      <PrintSpace HPOS="0"
                  VPOS="0"
                  WIDTH="1765"
                  HEIGHT="2512">
        
        <TextBlock HPOS="150"
                   VPOS="219"
                   WIDTH="1474"
                   HEIGHT="513"
                   ID="r_1_1"
                   TAGREFS="BT93">
          <Shape><Polygon POINTS="467 219 1317 230 1334 393 1603 440 1624 708 162 732 150 451 466 396"/></Shape>
          
          
          <TextLine ID="tl_1"
                    
                    BASELINE="512 357 1273 352" 
                    HPOS="508"
                    VPOS="228"
                    WIDTH="764"
                    HEIGHT="165">
            <Shape><Polygon POINTS="510 355 508 234 600 247 613 236 617 232 617 230 617 230 619 230 619 230 619 230 621 230 621 230 621 230 623 230 623 230 626 230 626 230 626 230 638 236 649 240 661 236 682 230 684 230 684 230 684 230 686 230 686 230 688 230 711 236 732 244 858 244 875 240 940 228 940 228 942 228 942 228 942 228 944 228 944 228 969 238 992 230 992 230 994 230 994 230 996 230 996 230 996 230 998 230 998 230 998 230 1000 230 1000 230 1015 242 1017 244 1025 242 1076 232 1076 232 1076 232 1078 232 1078 232 1078 232 1080 232 1080 232 1109 244 1113 247 1118 244 1149 228 1149 228 1149 228 1151 228 1151 228 1151 228 1153 228 1153 228 1155 228 1155 228 1203 247 1205 249 1268 249 1272 351 1270 374 1214 387 1214 387 1214 387 1212 387 1212 387 1210 387 1210 387 1210 387 1208 387 1191 374 1180 368 1136 374 1082 383 1082 383 1080 383 1080 383 1080 383 1078 383 1078 383 1076 383 1076 383 1076 380 1067 374 1059 368 891 368 879 372 841 391 841 391 841 391 839 391 839 391 839 393 575 393 573 391 573 391 571 391 571 391 571 391 569 391 569 391 544 372 542 370 510 370"/></Shape>
	    <String CONTENT="DECIMAS."
                    HPOS="508"
                    VPOS="228"
                    WIDTH="764"
                    HEIGHT="165"></String>
          </TextLine>

          
        </TextBlock>
        
        <TextBlock HPOS="144"
                   VPOS="747"
                   WIDTH="709"
                   HEIGHT="1644"
                   ID="eSc_textblock_ddbd4463"
                   TAGREFS="BT14">
          <Shape><Polygon POINTS="144 747 144 2391 836 2380 853 747"/></Shape>
          
        </TextBlock>
        
        <TextBlock HPOS="881"
                   VPOS="733"
                   WIDTH="715"
                   HEIGHT="1632"
                   ID="eSc_textblock_b7833a1d"
                   TAGREFS="BT14">
          <Shape><Polygon POINTS="1596 2362 1596 733 881 744 903 2365"/></Shape>
          
        </TextBlock>
        

        
        <TextBlock ID="eSc_dummyblock_">
          
          
          <TextLine ID="tl_2"
                    
                    BASELINE="216 523 285 523 406 521 553 519 654 518 1008 512 1137 512 1415 509 1555 507" 
                    HPOS="213"
                    VPOS="452"
                    WIDTH="1340"
                    HEIGHT="94">
            <Shape><Polygon POINTS="215 521 213 464 1547 452 1553 506 1553 531 1281 535 1279 535 1279 535 1277 535 1277 535 1277 535 1275 535 1275 535 1275 533 1272 531 1258 519 1208 519 952 521 935 531 935 533 933 533 933 533 933 533 931 533 931 533 931 533 929 533 929 533 927 533 927 533 927 533 925 531 904 523 868 531 856 535 854 535 854 535 852 535 852 535 827 531 789 527 755 531 711 540 711 540 709 540 709 540 709 540 707 540 707 540 707 540 693 531 680 527 550 527 521 531 454 546 454 546 454 546 452 546 452 546 450 546 450 546 450 546 425 531 422 531 408 531 305 544 305 544 303 544 303 544 213 531"/></Shape>
	    <String CONTENT="en las que se esclarecen las ventajas que"
                    HPOS="213"
                    VPOS="452"
                    WIDTH="1340"
                    HEIGHT="94"></String>
          </TextLine>

          
          
          <TextLine ID="tl_3"
                    
                    BASELINE="348 591 588 589 712 588 980 584 1124 583 1422 579" 
                    HPOS="343"
                    VPOS="514"
                    WIDTH="1078"
                    HEIGHT="101">
            <Shape><Polygon POINTS="347 590 343 525 439 523 441 523 441 523 443 523 443 523 443 523 445 523 445 523 445 523 445 525 460 537 485 523 485 523 485 523 485 523 487 523 487 523 487 523 552 521 554 521 554 521 556 521 556 521 556 521 559 521 559 521 559 523 575 535 590 523 590 523 590 521 590 521 592 521 592 521 592 521 594 521 594 521 594 521 701 519 703 519 703 519 705 519 705 519 705 519 707 519 707 519 707 521 709 521 726 540 797 540 870 521 887 517 887 517 887 517 889 517 889 517 889 517 906 519 977 537 1015 537 1032 523 1032 521 1032 521 1034 521 1034 521 1036 521 1036 521 1036 521 1038 521 1038 521 1040 521 1040 521 1040 521 1061 531 1080 519 1084 514 1086 514 1086 514 1086 514 1088 514 1088 514 1088 514 1090 514 1090 514 1092 514 1092 514 1092 514 1095 514 1095 514 1095 517 1099 519 1115 533 1205 521 1205 521 1208 521 1356 531 1413 517 1421 577 1419 602 1205 596 1191 607 1191 607 1191 607 1189 607 1189 607 1187 607 1187 607 1187 607 1185 607 1166 607 1025 598 958 609 954 609 954 609 952 609 952 609 948 609 873 600 347 615"/></Shape>
	    <String CONTENT="difrutan los casados con mugeres"
                    HPOS="343"
                    VPOS="514"
                    WIDTH="1078"
                    HEIGHT="101"></String>
          </TextLine>

          
          
          <TextLine ID="tl_4"
                    
                    BASELINE="770 657 1006 651" 
                    HPOS="764"
                    VPOS="588"
                    WIDTH="245"
                    HEIGHT="106">
            <Shape><Polygon POINTS="768 655 764 613 923 588 923 588 925 588 925 588 925 588 1000 607 1004 648 1009 682 988 694 986 694 986 694 986 694 984 694 984 694 981 694 766 690"/></Shape>
	    <String CONTENT="bonitas."
                    HPOS="764"
                    VPOS="588"
                    WIDTH="245"
                    HEIGHT="106"></String>
          </TextLine>

          
          
          <TextLine ID="tl_5"
                    
                    BASELINE="233 816 305 815 389 816 520 813 651 812" 
                    HPOS="228"
                    VPOS="768"
                    WIDTH="421"
                    HEIGHT="58">
            <Shape><Polygon POINTS="232 814 228 772 642 768 649 810 644 826 230 824"/></Shape>
	    <String CONTENT="Con una muger bonita"
                    HPOS="228"
                    VPOS="768"
                    WIDTH="421"
                    HEIGHT="58"></String>
          </TextLine>

          
          
          <TextLine ID="tl_6"
                    
                    BASELINE="189 861 278 860 342 858 491 858 557 855 780 856" 
                    HPOS="184"
                    VPOS="814"
                    WIDTH="594"
                    HEIGHT="61">
            <Shape><Polygon POINTS="188 860 184 818 774 814 778 854 776 870 188 875"/></Shape>
	    <String CONTENT="tiene un hombre un mayorazgo,"
                    HPOS="184"
                    VPOS="814"
                    WIDTH="594"
                    HEIGHT="61"></String>
          </TextLine>

          
          
          <TextLine ID="tl_7"
                    
                    BASELINE="187 905 242 905 325 903 469 902 549 900 702 898" 
                    HPOS="184"
                    VPOS="856"
                    WIDTH="517"
                    HEIGHT="65">
            <Shape><Polygon POINTS="186 904 184 868 695 856 701 895 701 910 186 921"/></Shape>
	    <String CONTENT="sin mas trabajo que hacerse"
                    HPOS="184"
                    VPOS="856"
                    WIDTH="517"
                    HEIGHT="65"></String>
          </TextLine>

          
          
          <TextLine ID="tl_8"
                    
                    BASELINE="189 949 237 949 336 948 388 947 627 945" 
                    HPOS="184"
                    VPOS="904"
                    WIDTH="442"
                    HEIGHT="58">
            <Shape><Polygon POINTS="188 948 184 906 619 904 626 944 626 960 188 962"/></Shape>
	    <String CONTENT="un poco el disimulado."
                    HPOS="184"
                    VPOS="904"
                    WIDTH="442"
                    HEIGHT="58"></String>
          </TextLine>

          
          
          <TextLine ID="tl_9"
                    
                    BASELINE="234 1036 284 1036 379 1035 646 1032" 
                    HPOS="230"
                    VPOS="990"
                    WIDTH="414"
                    HEIGHT="58">
            <Shape><Polygon POINTS="232 1034 230 990 640 992 644 1029 640 1048 230 1044"/></Shape>
	    <String CONTENT="Yo nací desventurado"
                    HPOS="230"
                    VPOS="990"
                    WIDTH="414"
                    HEIGHT="58"></String>
          </TextLine>

          
          
          <TextLine ID="tl_10"
                    
                    BASELINE="192 1081 234 1081 281 1080 448 1078 508 1078 559 1076 672 1080" 
                    HPOS="190"
                    VPOS="1034"
                    WIDTH="479"
                    HEIGHT="58">
            <Shape><Polygon POINTS="190 1080 190 1034 667 1038 669 1078 667 1092 190 1092"/></Shape>
	    <String CONTENT="de la pobreza en el seno;"
                    HPOS="190"
                    VPOS="1034"
                    WIDTH="479"
                    HEIGHT="58"></String>
          </TextLine>

          
          
          <TextLine ID="tl_11"
                    
                    BASELINE="192 1125 265 1125 386 1124 434 1122 543 1121 577 1130 705 1119" 
                    HPOS="188"
                    VPOS="1075"
                    WIDTH="515"
                    HEIGHT="61">
            <Shape><Polygon POINTS="190 1124 188 1090 697 1075 703 1117 703 1132 190 1136"/></Shape>
	    <String CONTENT="mas como lo malo y bueno"
                    HPOS="188"
                    VPOS="1075"
                    WIDTH="515"
                    HEIGHT="61"></String>
          </TextLine>

          
          
          <TextLine ID="tl_12"
                    
                    BASELINE="192 1169 265 1168 327 1167 375 1167 521 1166 723 1169" 
                    HPOS="186"
                    VPOS="1124"
                    WIDTH="536"
                    HEIGHT="52">
            <Shape><Polygon POINTS="190 1168 186 1128 718 1124 722 1168 718 1176 186 1174"/></Shape>
	    <String CONTENT="está en el mundo mezclado,"
                    HPOS="186"
                    VPOS="1124"
                    WIDTH="536"
                    HEIGHT="52"></String>
          </TextLine>

          
          
          <TextLine ID="tl_13"
                    
                    BASELINE="193 1212 224 1212 374 1211 446 1210 503 1210 687 1207" 
                    HPOS="190"
                    VPOS="1163"
                    WIDTH="496"
                    HEIGHT="63">
            <Shape><Polygon POINTS="192 1209 190 1163 682 1168 686 1205 684 1226 192 1226"/></Shape>
	    <String CONTENT="la fortuna me lia halagado"
                    HPOS="190"
                    VPOS="1163"
                    WIDTH="496"
                    HEIGHT="63"></String>
          </TextLine>

          
          
          <TextLine ID="tl_14"
                    
                    BASELINE="195 1257 237 1256 322 1255 476 1253 665 1250" 
                    HPOS="192"
                    VPOS="1207"
                    WIDTH="471"
                    HEIGHT="57">
            <Shape><Polygon POINTS="194 1256 192 1207 659 1212 663 1249 661 1260 194 1264"/></Shape>
	    <String CONTENT="de una manera esquisita:"
                    HPOS="192"
                    VPOS="1207"
                    WIDTH="471"
                    HEIGHT="57"></String>
          </TextLine>

          
          
          <TextLine ID="tl_15"
                    
                    BASELINE="195 1301 294 1299 383 1299 462 1303 503 1305 583 1296 703 1298" 
                    HPOS="192"
                    VPOS="1247"
                    WIDTH="509"
                    HEIGHT="65">
            <Shape><Polygon POINTS="194 1299 192 1260 590 1260 598 1258 669 1247 669 1247 672 1247 672 1247 674 1247 674 1247 701 1258 701 1297 699 1310 194 1312"/></Shape>
	    <String CONTENT="como ella dá, y ella quita,"
                    HPOS="192"
                    VPOS="1247"
                    WIDTH="509"
                    HEIGHT="65"></String>
          </TextLine>

          
          
          <TextLine ID="tl_16"
                    
                    BASELINE="197 1344 253 1344 352 1347 397 1342 462 1341 508 1341 695 1344" 
                    HPOS="192"
                    VPOS="1299"
                    WIDTH="501"
                    HEIGHT="61">
            <Shape><Polygon POINTS="196 1343 196 1299 690 1299 693 1343 688 1360 192 1356"/></Shape>
	    <String CONTENT="me legó, á mi la probreza;"
                    HPOS="192"
                    VPOS="1299"
                    WIDTH="501"
                    HEIGHT="61"></String>
          </TextLine>

          
          
          <TextLine ID="tl_17"
                    
                    BASELINE="197 1398 278 1388 352 1387 428 1386 528 1384 680 1383" 
                    HPOS="192"
                    VPOS="1339"
                    WIDTH="486"
                    HEIGHT="67">
            <Shape><Polygon POINTS="196 1396 192 1346 672 1339 678 1381 678 1396 196 1406"/></Shape>
	    <String CONTENT="pero me dió mas riqueza"
                    HPOS="192"
                    VPOS="1339"
                    WIDTH="486"
                    HEIGHT="67"></String>
          </TextLine>

          
          
          <TextLine ID="tl_18"
                    
                    BASELINE="199 1432 259 1431 337 1430 470 1428 612 1427" 
                    HPOS="194"
                    VPOS="1387"
                    WIDTH="417"
                    HEIGHT="55">
            <Shape><Polygon POINTS="198 1431 194 1394 605 1387 611 1425 609 1442 196 1440"/></Shape>
	    <String CONTENT="con una mujer bonita."
                    HPOS="194"
                    VPOS="1387"
                    WIDTH="417"
                    HEIGHT="55"></String>
          </TextLine>

          
          
          <TextLine ID="tl_19"
                    
                    BASELINE="243 1475 345 1474 413 1474 595 1471 681 1471 759 1479" 
                    HPOS="240"
                    VPOS="1429"
                    WIDTH="517"
                    HEIGHT="57">
            <Shape><Polygon POINTS="242 1473 240 1429 755 1429 757 1477 755 1484 242 1486"/></Shape>
	    <String CONTENT="Dirán los hombres que soy"
                    HPOS="240"
                    VPOS="1429"
                    WIDTH="517"
                    HEIGHT="57"></String>
          </TextLine>

          
          
          <TextLine ID="tl_20"
                    
                    BASELINE="201 1519 321 1518 381 1518 496 1518 680 1521" 
                    HPOS="198"
                    VPOS="1475"
                    WIDTH="480"
                    HEIGHT="57">
            <Shape><Polygon POINTS="200 1517 200 1475 676 1479 678 1519 676 1528 198 1532"/></Shape>
	    <String CONTENT="nacido en signo cabruno,"
                    HPOS="198"
                    VPOS="1475"
                    WIDTH="480"
                    HEIGHT="57"></String>
          </TextLine>

          
          
          <TextLine ID="tl_21"
                    
                    BASELINE="202 1564 424 1568 522 1561 574 1559 668 1564" 
                    HPOS="196"
                    VPOS="1515"
                    WIDTH="471"
                    HEIGHT="63">
            <Shape><Polygon POINTS="200 1563 200 1515 665 1521 667 1563 663 1578 196 1572"/></Shape>
	    <String CONTENT="Capricornio, todo es uno,"
                    HPOS="196"
                    VPOS="1515"
                    WIDTH="471"
                    HEIGHT="63"></String>
          </TextLine>

          
          
          <TextLine ID="tl_22"
                    
                    BASELINE="201 1608 273 1607 335 1606 423 1616 465 1605 518 1605 610 1604 705 1608" 
                    HPOS="196"
                    VPOS="1563"
                    WIDTH="507"
                    HEIGHT="57">
            <Shape><Polygon POINTS="200 1607 196 1565 701 1563 703 1607 699 1620 196 1618"/></Shape>
	    <String CONTENT="mas yo voy á lo que voy;"
                    HPOS="196"
                    VPOS="1563"
                    WIDTH="507"
                    HEIGHT="57"></String>
          </TextLine>

          
          
          <TextLine ID="tl_23"
                    
                    BASELINE="203 1661 331 1651 398 1650 453 1648 530 1649 597 1647 685 1655" 
                    HPOS="198"
                    VPOS="1607"
                    WIDTH="486"
                    HEIGHT="63">
            <Shape><Polygon POINTS="200 1660 198 1607 682 1607 684 1653 682 1662 404 1657 200 1670"/></Shape>
	    <String CONTENT="porque en el dia de boy"
                    HPOS="198"
                    VPOS="1607"
                    WIDTH="486"
                    HEIGHT="63"></String>
          </TextLine>

          
          
          <TextLine ID="tl_24"
                    
                    BASELINE="204 1695 248 1694 377 1693 438 1692 499 1692 684 1695" 
                    HPOS="200"
                    VPOS="1651"
                    WIDTH="482"
                    HEIGHT="59">
            <Shape><Polygon POINTS="203 1693 200 1653 678 1651 682 1693 680 1710 200 1710"/></Shape>
	    <String CONTENT="no sudar es un hallazgo;"
                    HPOS="200"
                    VPOS="1651"
                    WIDTH="482"
                    HEIGHT="59"></String>
          </TextLine>

          
          
          <TextLine ID="tl_26"
                    
                    BASELINE="205 1792 288 1782 387 1782 439 1781 525 1781 643 1778 703 1778 801 1781" 
                    HPOS="198"
                    VPOS="1735"
                    WIDTH="601"
                    HEIGHT="65">
            <Shape><Polygon POINTS="203 1791 198 1739 795 1735 799 1779 799 1796 203 1800"/></Shape>
	    <String CONTENT="paga todo el que entra en ella;"
                    HPOS="198"
                    VPOS="1735"
                    WIDTH="601"
                    HEIGHT="65"></String>
          </TextLine>

          
          
          <TextLine ID="tl_27"
                    
                    BASELINE="207 1827 247 1832 329 1825 417 1826 553 1823 652 1822" 
                    HPOS="203"
                    VPOS="1781"
                    WIDTH="448"
                    HEIGHT="59">
            <Shape><Polygon POINTS="205 1825 203 1787 646 1781 651 1821 649 1837 205 1840"/></Shape>
	    <String CONTENT="si, con una muger bella"
                    HPOS="203"
                    VPOS="1781"
                    WIDTH="448"
                    HEIGHT="59"></String>
          </TextLine>

          
          
          <TextLine ID="tl_28"
                    
                    BASELINE="205 1870 296 1870 357 1869 508 1868 570 1867 796 1863" 
                    HPOS="198"
                    VPOS="1825"
                    WIDTH="597"
                    HEIGHT="56">
            <Shape><Polygon POINTS="203 1869 198 1827 789 1825 795 1860 793 1881 203 1881"/></Shape>
	    <String CONTENT="tiene un hombre un mayorazgo."
                    HPOS="198"
                    VPOS="1825"
                    WIDTH="597"
                    HEIGHT="56"></String>
          </TextLine>

          
          
          <TextLine ID="tl_29"
                    
                    BASELINE="252 1914 450 1912 536 1912 639 1910 773 1908" 
                    HPOS="249"
                    VPOS="1867"
                    WIDTH="523"
                    HEIGHT="60">
            <Shape><Polygon POINTS="251 1913 249 1867 768 1867 772 1907 770 1919 251 1927"/></Shape>
	    <String CONTENT="Cualquiera que haya nacido"
                    HPOS="249"
                    VPOS="1867"
                    WIDTH="523"
                    HEIGHT="60"></String>
          </TextLine>

          
          
          <TextLine ID="tl_30"
                    
                    BASELINE="208 1958 249 1958 296 1958 444 1956 625 1959" 
                    HPOS="205"
                    VPOS="1913"
                    WIDTH="418"
                    HEIGHT="56">
            <Shape><Polygon POINTS="207 1957 207 1913 621 1915 623 1957 621 1965 205 1969"/></Shape>
	    <String CONTENT="de la fortuna mimado,"
                    HPOS="205"
                    VPOS="1913"
                    WIDTH="418"
                    HEIGHT="56"></String>
          </TextLine>

          
          
          <TextLine ID="tl_31"
                    
                    BASELINE="209 2002 253 2002 446 2000 508 1999 658 1998" 
                    HPOS="205"
                    VPOS="1959"
                    WIDTH="452"
                    HEIGHT="58">
            <Shape><Polygon POINTS="207 2001 205 1963 653 1959 657 1997 655 2011 207 2017"/></Shape>
	    <String CONTENT="no apetecerá mi estado:"
                    HPOS="205"
                    VPOS="1959"
                    WIDTH="452"
                    HEIGHT="58"></String>
          </TextLine>

          
          
          <TextLine ID="tl_32"
                    
                    BASELINE="210 2046 282 2046 335 2044 428 2054 552 2044 595 2051 735 2040" 
                    HPOS="205"
                    VPOS="1994"
                    WIDTH="529"
                    HEIGHT="63">
            <Shape><Polygon POINTS="209 2045 205 2007 728 1994 734 2038 734 2053 209 2057"/></Shape>
	    <String CONTENT="esto es muy cierto y sabido:"
                    HPOS="205"
                    VPOS="1994"
                    WIDTH="529"
                    HEIGHT="63"></String>
          </TextLine>

          
          
          <TextLine ID="tl_33"
                    
                    BASELINE="212 2089 361 2089 418 2089 574 2087 732 2085" 
                    HPOS="209"
                    VPOS="2041"
                    WIDTH="521"
                    HEIGHT="62">
            <Shape><Polygon POINTS="211 2087 209 2041 728 2045 730 2084 730 2097 211 2103"/></Shape>
	    <String CONTENT="también yo hubiera querido"
                    HPOS="209"
                    VPOS="2041"
                    WIDTH="521"
                    HEIGHT="62"></String>
          </TextLine>

          
          
          <TextLine ID="tl_34"
                    
                    BASELINE="212 2133 255 2133 323 2132 456 2132 588 2130" 
                    HPOS="207"
                    VPOS="2084"
                    WIDTH="379"
                    HEIGHT="63">
            <Shape><Polygon POINTS="211 2131 207 2091 579 2084 586 2128 584 2145 211 2147"/></Shape>
	    <String CONTENT="en tal estado nacer:"
                    HPOS="207"
                    VPOS="2084"
                    WIDTH="379"
                    HEIGHT="63"></String>
          </TextLine>

          
          
          <TextLine ID="tl_35"
                    
                    BASELINE="212 2178 255 2177 309 2178 365 2177 425 2177 631 2174" 
                    HPOS="207"
                    VPOS="2135"
                    WIDTH="423"
                    HEIGHT="54">
            <Shape><Polygon POINTS="211 2177 207 2139 623 2135 630 2172 628 2189 211 2189"/></Shape>
	    <String CONTENT="en el se ve establecer"
                    HPOS="207"
                    VPOS="2135"
                    WIDTH="423"
                    HEIGHT="54"></String>
          </TextLine>

          
          
          <TextLine ID="tl_36"
                    
                    BASELINE="212 2220 245 2221 372 2221 465 2219 664 2218" 
                    HPOS="209"
                    VPOS="2172"
                    WIDTH="454"
                    HEIGHT="65">
            <Shape><Polygon POINTS="211 2218 209 2172 659 2174 663 2216 661 2229 211 2237"/></Shape>
	    <String CONTENT="la suerte mas venturosa"
                    HPOS="209"
                    VPOS="2172"
                    WIDTH="454"
                    HEIGHT="65"></String>
          </TextLine>

          
          
          <TextLine ID="tl_37"
                    
                    BASELINE="215 2265 257 2265 342 2264 453 2263 663 2266" 
                    HPOS="211"
                    VPOS="2216"
                    WIDTH="450"
                    HEIGHT="63">
            <Shape><Polygon POINTS="213 2264 211 2225 657 2216 661 2264 659 2277 211 2279"/></Shape>
	    <String CONTENT="de una prole numerosa,"
                    HPOS="211"
                    VPOS="2216"
                    WIDTH="450"
                    HEIGHT="63"></String>
          </TextLine>

          
          
          <TextLine ID="tl_38"
                    
                    BASELINE="214 2309 269 2309 359 2308 508 2307 591 2307 724 2305" 
                    HPOS="211"
                    VPOS="2262"
                    WIDTH="511"
                    HEIGHT="59">
            <Shape><Polygon POINTS="213 2308 211 2262 718 2264 722 2304 722 2321 213 2321"/></Shape>
	    <String CONTENT="sin mas trabajo que hacer."
                    HPOS="211"
                    VPOS="2262"
                    WIDTH="511"
                    HEIGHT="59"></String>
          </TextLine>

          
          
          <TextLine ID="tl_39"
                    
                    BASELINE="958 805 1025 804 1076 804 1158 804 1277 802 1382 804" 
                    HPOS="954"
                    VPOS="757"
                    WIDTH="427"
                    HEIGHT="65">
            <Shape><Polygon POINTS="956 803 954 757 1379 764 1381 803 1379 816 956 822"/></Shape>
	    <String CONTENT="Mas ya que pobre nací,"
                    HPOS="954"
                    VPOS="757"
                    WIDTH="427"
                    HEIGHT="65"></String>
          </TextLine>

          
          
          <TextLine ID="tl_40"
                    
                    BASELINE="916 851 1104 849 1154 849 1313 845" 
                    HPOS="912"
                    VPOS="801"
                    WIDTH="400"
                    HEIGHT="59">
            <Shape><Polygon POINTS="914 849 912 801 1308 803 1312 843 1310 856 914 860"/></Shape>
	    <String CONTENT="aprovechó la ocasión"
                    HPOS="912"
                    VPOS="801"
                    WIDTH="400"
                    HEIGHT="59"></String>
          </TextLine>

          
          
          <TextLine ID="tl_41"
                    
                    BASELINE="917 904 983 893 1041 892 1094 892 1219 891 1284 890 1401 888" 
                    HPOS="908"
                    VPOS="845"
                    WIDTH="492"
                    HEIGHT="65">
            <Shape><Polygon POINTS="914 902 908 849 1394 845 1400 887 1398 900 914 910"/></Shape>
	    <String CONTENT="que no és fuerza de razón"
                    HPOS="908"
                    VPOS="845"
                    WIDTH="492"
                    HEIGHT="65"></String>
          </TextLine>

          
          
          <TextLine ID="tl_42"
                    
                    BASELINE="920 947 1099 937 1154 936 1285 934 1319 934 1397 932" 
                    HPOS="914"
                    VPOS="885"
                    WIDTH="482"
                    HEIGHT="75">
            <Shape><Polygon POINTS="919 946 914 900 1390 885 1396 931 1396 942 975 948 973 950 952 960 952 960 952 960 950 960 950 960 948 960 948 960 948 960 946 960 914 950"/></Shape>
	    <String CONTENT="querermo yo propio á mi:"
                    HPOS="914"
                    VPOS="885"
                    WIDTH="482"
                    HEIGHT="75"></String>
          </TextLine>

          
          
          <TextLine ID="tl_43"
                    
                    BASELINE="917 982 949 982 1075 980 1136 979 1188 979 1257 978 1307 977 1369 977 1414 976" 
                    HPOS="912"
                    VPOS="925"
                    WIDTH="501"
                    HEIGHT="67">
            <Shape><Polygon POINTS="914 981 912 933 1293 935 1409 925 1413 975 1413 988 914 992"/></Shape>
	    <String CONTENT="lo honra en el dia es en sí"
                    HPOS="912"
                    VPOS="925"
                    WIDTH="501"
                    HEIGHT="67"></String>
          </TextLine>

          
          
          <TextLine ID="tl_44"
                    
                    BASELINE="918 1026 965 1026 1092 1024 1197 1032 1366 1026" 
                    HPOS="914"
                    VPOS="977"
                    WIDTH="451"
                    HEIGHT="61">
            <Shape><Polygon POINTS="917 1025 914 985 1358 977 1365 1025 1363 1038 914 1032"/></Shape>
	    <String CONTENT="un titulo muy gastado;"
                    HPOS="914"
                    VPOS="977"
                    WIDTH="451"
                    HEIGHT="61"></String>
          </TextLine>

          
          
          <TextLine ID="tl_45"
                    
                    BASELINE="921 1079 937 1079 993 1069 1090 1068 1288 1069" 
                    HPOS="914"
                    VPOS="1021"
                    WIDTH="373"
                    HEIGHT="63">
            <Shape><Polygon POINTS="919 1078 914 1027 1283 1021 1287 1067 1285 1075 919 1084"/></Shape>
	    <String CONTENT="y yo vivo reposado,"
                    HPOS="914"
                    VPOS="1021"
                    WIDTH="373"
                    HEIGHT="63"></String>
          </TextLine>

          
          
          <TextLine ID="tl_46"
                    
                    BASELINE="921 1112 1015 1113 1147 1111 1190 1120 1322 1114" 
                    HPOS="917"
                    VPOS="1067"
                    WIDTH="404"
                    HEIGHT="59">
            <Shape><Polygon POINTS="919 1111 917 1067 1316 1069 1321 1113 1319 1126 919 1126"/></Shape>
	    <String CONTENT="logro comer y beber,"
                    HPOS="917"
                    VPOS="1067"
                    WIDTH="404"
                    HEIGHT="59"></String>
          </TextLine>

          
          
          <TextLine ID="tl_47"
                    
                    BASELINE="920 1157 972 1157 1064 1157 1160 1155 1241 1155 1360 1154" 
                    HPOS="914"
                    VPOS="1109"
                    WIDTH="444"
                    HEIGHT="59">
            <Shape><Polygon POINTS="919 1155 914 1115 1354 1109 1358 1153 1358 1161 919 1168"/></Shape>
	    <String CONTENT="sin otra cosa que hacer"
                    HPOS="914"
                    VPOS="1109"
                    WIDTH="444"
                    HEIGHT="59"></String>
          </TextLine>

          
          
          <TextLine ID="tl_48"
                    
                    BASELINE="920 1201 967 1201 1063 1201 1119 1200 1358 1196" 
                    HPOS="914"
                    VPOS="1157"
                    WIDTH="442"
                    HEIGHT="69">
            <Shape><Polygon POINTS="919 1199 914 1161 1350 1157 1356 1195 1354 1216 1136 1212 1128 1214 1107 1222 1107 1222 1105 1222 1105 1222 1103 1222 1103 1222 1103 1222 1101 1222 1076 1214 1069 1212 1063 1214 1042 1224 1042 1224 1042 1224 1040 1224 1040 1224 1040 1226 956 1226 954 1224 954 1224 952 1224 914 1212"/></Shape>
	    <String CONTENT="un poco el disimulado."
                    HPOS="914"
                    VPOS="1157"
                    WIDTH="442"
                    HEIGHT="69"></String>
          </TextLine>

          
          
          <TextLine ID="tl_49"
                    
                    BASELINE="1208 1286 1338 1285" 
                    HPOS="1201"
                    VPOS="1239"
                    WIDTH="136"
                    HEIGHT="58">
            <Shape><Polygon POINTS="1205 1285 1201 1241 1331 1239 1337 1283 1337 1291 1205 1297"/></Shape>
	    <String CONTENT="OTRAS"
                    HPOS="1201"
                    VPOS="1239"
                    WIDTH="136"
                    HEIGHT="58"></String>
          </TextLine>

          
          
          <TextLine ID="tl_50"
                    
                    BASELINE="970 1376 1075 1376 1154 1375 1251 1373 1310 1373 1436 1372" 
                    HPOS="967"
                    VPOS="1331"
                    WIDTH="467"
                    HEIGHT="58">
            <Shape><Polygon POINTS="969 1375 967 1331 1432 1331 1434 1371 1432 1389 969 1389"/></Shape>
	    <String CONTENT="Dama que pase de veinte"
                    HPOS="967"
                    VPOS="1331"
                    WIDTH="467"
                    HEIGHT="58"></String>
          </TextLine>

          
          
          <TextLine ID="tl_51"
                    
                    BASELINE="926 1429 947 1429 1005 1419 1057 1419 1195 1419 1261 1417 1392 1422" 
                    HPOS="923"
                    VPOS="1375"
                    WIDTH="467"
                    HEIGHT="56">
            <Shape><Polygon POINTS="925 1427 923 1377 1386 1375 1390 1421 1388 1429 923 1431"/></Shape>
	    <String CONTENT="y no le saliese un novio,"
                    HPOS="923"
                    VPOS="1375"
                    WIDTH="467"
                    HEIGHT="56"></String>
          </TextLine>

          
          
          <TextLine ID="tl_52"
                    
                    BASELINE="928 1463 1003 1463 1049 1463 1175 1463 1234 1462 1289 1460 1457 1458" 
                    HPOS="925"
                    VPOS="1406"
                    WIDTH="530"
                    HEIGHT="73">
            <Shape><Polygon POINTS="927 1461 925 1421 1176 1421 1187 1413 1191 1408 1191 1408 1193 1408 1193 1408 1195 1408 1195 1408 1195 1408 1197 1408 1258 1410 1386 1417 1448 1406 1455 1456 1455 1471 927 1479"/></Shape>
	    <String CONTENT="bien le puede ya ir echando"
                    HPOS="925"
                    VPOS="1406"
                    WIDTH="530"
                    HEIGHT="73"></String>
          </TextLine>

          
          
          <TextLine ID="tl_53"
                    
                    BASELINE="926 1508 997 1509 1107 1508 1143 1507 1201 1507 1407 1503" 
                    HPOS="923"
                    VPOS="1459"
                    WIDTH="483"
                    HEIGHT="71">
            <Shape><Polygon POINTS="925 1507 923 1496 1086 1492 1097 1482 1124 1459 1124 1459 1126 1459 1126 1459 1126 1459 1128 1459 1128 1459 1130 1459 1402 1459 1406 1500 1406 1513 925 1530"/></Shape>
	    <String CONTENT="una llave á su escritorio."
                    HPOS="923"
                    VPOS="1459"
                    WIDTH="483"
                    HEIGHT="71"></String>
          </TextLine>

          
          
          <TextLine ID="tl_54"
                    
                    BASELINE="973 1596 1022 1596 1125 1596 1266 1594 1414 1595" 
                    HPOS="969"
                    VPOS="1551"
                    WIDTH="444"
                    HEIGHT="60">
            <Shape><Polygon POINTS="971 1595 969 1551 1411 1553 1413 1593 1411 1609 971 1611"/></Shape>
	    <String CONTENT="En vano señora Juana,"
                    HPOS="969"
                    VPOS="1551"
                    WIDTH="444"
                    HEIGHT="60"></String>
          </TextLine>

          
          
          <TextLine ID="tl_55"
                    
                    BASELINE="930 1640 966 1640 1014 1639 1185 1639 1352 1643" 
                    HPOS="927"
                    VPOS="1590"
                    WIDTH="423"
                    HEIGHT="61">
            <Shape><Polygon POINTS="929 1639 927 1595 1346 1590 1350 1641 1348 1649 927 1651"/></Shape>
	    <String CONTENT="es el brillante arrebol,"
                    HPOS="927"
                    VPOS="1590"
                    WIDTH="423"
                    HEIGHT="61"></String>
          </TextLine>

          
          
          <TextLine ID="tl_56"
                    
                    BASELINE="933 1684 962 1684 1131 1684 1168 1691 1318 1681" 
                    HPOS="927"
                    VPOS="1634"
                    WIDTH="389"
                    HEIGHT="69">
            <Shape><Polygon POINTS="931 1683 927 1636 1310 1634 1316 1680 1314 1693 931 1703"/></Shape>
	    <String CONTENT="la pomada y alcohol"
                    HPOS="927"
                    VPOS="1634"
                    WIDTH="389"
                    HEIGHT="69"></String>
          </TextLine>

          
          
          <TextLine ID="tl_25"
                    
                    BASELINE="204 1738 252 1738 356 1738 415 1738 535 1737 617 1734 807 1737" 
                    HPOS="198"
                    VPOS="1693"
                    WIDTH="608"
                    HEIGHT="59">
            <Shape><Polygon POINTS="203 1737 198 1697 801 1693 806 1735 801 1752 200 1750"/></Shape>
	    <String CONTENT="mi casa es como un portazgo;"
                    HPOS="198"
                    VPOS="1693"
                    WIDTH="608"
                    HEIGHT="59"></String>
          </TextLine>

          
          
          <TextLine ID="tl_57"
                    
                    BASELINE="932 1728 996 1728 1081 1727 1133 1727 1259 1726 1458 1728" 
                    HPOS="927"
                    VPOS="1685"
                    WIDTH="530"
                    HEIGHT="54">
            <Shape><Polygon POINTS="931 1727 929 1687 1453 1685 1457 1727 1453 1739 927 1737"/></Shape>
	    <String CONTENT="con que su rostro engalana;"
                    HPOS="927"
                    VPOS="1685"
                    WIDTH="530"
                    HEIGHT="54"></String>
          </TextLine>

          
          
          <TextLine ID="tl_58"
                    
                    BASELINE="933 1772 989 1772 1074 1771 1137 1770 1208 1771 1258 1769 1476 1771" 
                    HPOS="929"
                    VPOS="1720"
                    WIDTH="544"
                    HEIGHT="63">
            <Shape><Polygon POINTS="931 1770 929 1729 1469 1720 1473 1770 1471 1779 929 1783"/></Shape>
	    <String CONTENT="esa flor ya no es temprana,"
                    HPOS="929"
                    VPOS="1720"
                    WIDTH="544"
                    HEIGHT="63"></String>
          </TextLine>

          
          
          <TextLine ID="tl_59"
                    
                    BASELINE="934 1816 967 1816 1021 1817 1150 1814 1203 1815 1388 1815" 
                    HPOS="931"
                    VPOS="1770"
                    WIDTH="455"
                    HEIGHT="59">
            <Shape><Polygon POINTS="933 1814 931 1770 1383 1773 1386 1814 1381 1829 931 1827"/></Shape>
	    <String CONTENT="ni su colera es naciente,"
                    HPOS="931"
                    VPOS="1770"
                    WIDTH="455"
                    HEIGHT="59"></String>
          </TextLine>

          
          
          <TextLine ID="tl_60"
                    
                    BASELINE="934 1868 953 1868 1020 1860 1108 1859 1208 1859 1266 1858 1456 1855" 
                    HPOS="929"
                    VPOS="1804"
                    WIDTH="526"
                    HEIGHT="73">
            <Shape><Polygon POINTS="933 1867 929 1819 1448 1804 1455 1854 1455 1865 933 1877"/></Shape>
	    <String CONTENT="y en este siglo es corriente"
                    HPOS="929"
                    VPOS="1804"
                    WIDTH="526"
                    HEIGHT="73"></String>
          </TextLine>

          
          
          <TextLine ID="tl_61"
                    
                    BASELINE="937 1903 1012 1904 1109 1912 1341 1905" 
                    HPOS="931"
                    VPOS="1856"
                    WIDTH="408"
                    HEIGHT="59">
            <Shape><Polygon POINTS="935 1902 931 1863 1333 1856 1339 1904 1337 1913 935 1915"/></Shape>
	    <String CONTENT="cosa muy averiguada,"
                    HPOS="931"
                    VPOS="1856"
                    WIDTH="408"
                    HEIGHT="59"></String>
          </TextLine>

          
          
          <TextLine ID="tl_62"
                    
                    BASELINE="936 1957 1002 1948 1073 1946 1203 1953 1258 1945 1418 1943" 
                    HPOS="931"
                    VPOS="1894"
                    WIDTH="486"
                    HEIGHT="69">
            <Shape><Polygon POINTS="935 1955 931 1902 1306 1904 1411 1894 1417 1942 1417 1950 935 1963"/></Shape>
	    <String CONTENT="que sin novio, es juvilada"
                    HPOS="931"
                    VPOS="1894"
                    WIDTH="486"
                    HEIGHT="69"></String>
          </TextLine>

          
          
          <TextLine ID="tl_63"
                    
                    BASELINE="939 1991 1038 1990 1205 1990 1262 1988 1407 1987" 
                    HPOS="933"
                    VPOS="1942"
                    WIDTH="473"
                    HEIGHT="57">
            <Shape><Polygon POINTS="937 1990 933 1953 1402 1942 1406 1986 1406 1997 937 1999"/></Shape>
	    <String CONTENT="dama quépase de veinte. "
                    HPOS="933"
                    VPOS="1942"
                    WIDTH="473"
                    HEIGHT="57"></String>
          </TextLine>

          
          
          <TextLine ID="tl_64"
                    
                    BASELINE="984 2035 1060 2035 1132 2035 1354 2032" 
                    HPOS="979"
                    VPOS="1988"
                    WIDTH="373"
                    HEIGHT="57">
            <Shape><Polygon POINTS="981 2034 979 1988 1348 1988 1352 2030 1350 2043 981 2045"/></Shape>
	    <String CONTENT="Está tan adelantada"
                    HPOS="979"
                    VPOS="1988"
                    WIDTH="373"
                    HEIGHT="57"></String>
          </TextLine>

          
          
          <TextLine ID="tl_65"
                    
                    BASELINE="939 2079 971 2080 1136 2079 1372 2081" 
                    HPOS="935"
                    VPOS="2024"
                    WIDTH="436"
                    HEIGHT="71">
            <Shape><Polygon POINTS="937 2078 937 2024 1015 2034 1367 2034 1371 2080 1369 2087 935 2095"/></Shape>
	    <String CONTENT="la humana generación,"
                    HPOS="935"
                    VPOS="2024"
                    WIDTH="436"
                    HEIGHT="71"></String>
          </TextLine>

          
          
          <TextLine ID="tl_66"
                    
                    BASELINE="941 2123 971 2123 1091 2123 1167 2121 1222 2121 1374 2125" 
                    HPOS="935"
                    VPOS="2082"
                    WIDTH="438"
                    HEIGHT="55">
            <Shape><Polygon POINTS="940 2122 940 2082 1373 2084 1373 2124 1369 2137 935 2131"/></Shape>
	    <String CONTENT="el amor tan en acción,"
                    HPOS="935"
                    VPOS="2082"
                    WIDTH="438"
                    HEIGHT="55"></String>
          </TextLine>

          
          
          <TextLine ID="tl_67"
                    
                    BASELINE="943 2166 972 2166 1104 2166 1189 2164 1375 2168" 
                    HPOS="937"
                    VPOS="2116"
                    WIDTH="436"
                    HEIGHT="61">
            <Shape><Polygon POINTS="942 2164 942 2116 1371 2126 1373 2166 1369 2177 937 2174"/></Shape>
	    <String CONTENT="la pasión tan desalada,"
                    HPOS="937"
                    VPOS="2116"
                    WIDTH="436"
                    HEIGHT="61"></String>
          </TextLine>

          
          
          <TextLine ID="tl_68"
                    
                    BASELINE="943 2221 1009 2212 1082 2210 1290 2208 1405 2211" 
                    HPOS="937"
                    VPOS="2166"
                    WIDTH="467"
                    HEIGHT="61">
            <Shape><Polygon POINTS="942 2218 937 2166 1402 2168 1404 2210 1402 2221 942 2227"/></Shape>
	    <String CONTENT="que sin aventurar nada,"
                    HPOS="937"
                    VPOS="2166"
                    WIDTH="467"
                    HEIGHT="61"></String>
          </TextLine>

          
          
          <TextLine ID="tl_69"
                    
                    BASELINE="943 2255 980 2255 1046 2255 1271 2253 1407 2254" 
                    HPOS="937"
                    VPOS="2212"
                    WIDTH="469"
                    HEIGHT="57">
            <Shape><Polygon POINTS="942 2254 937 2214 1402 2212 1406 2252 1406 2269 942 2269"/></Shape>
	    <String CONTENT="es un argumento obrio,"
                    HPOS="937"
                    VPOS="2212"
                    WIDTH="469"
                    HEIGHT="57"></String>
          </TextLine>

          
          
          <TextLine ID="tl_70"
                    
                    BASELINE="945 2309 1009 2300 1075 2299 1127 2299 1272 2297 1333 2297 1494 2295" 
                    HPOS="935"
                    VPOS="2248"
                    WIDTH="557"
                    HEIGHT="67">
            <Shape><Polygon POINTS="944 2308 935 2264 973 2250 973 2250 975 2250 975 2250 977 2250 977 2250 977 2250 979 2250 1019 2260 1038 2248 1040 2248 1040 2248 1040 2248 1042 2248 1042 2248 1044 2248 1488 2248 1492 2294 1490 2302 944 2315"/></Shape>
	    <String CONTENT="que de si misma es aprobio"
                    HPOS="935"
                    VPOS="2248"
                    WIDTH="557"
                    HEIGHT="67"></String>
          </TextLine>

          
        </TextBlock>
        
      </PrintSpace>
    </Page>
  </Layout>
</alto>
