<?xml version="1.0" encoding="UTF-8"?>
<alto xmlns:xsi="http://www.w3.org/2001/XMLSchema-instance"
      xmlns="http://www.loc.gov/standards/alto/ns-v4#"
      xsi:schemaLocation="http://www.loc.gov/standards/alto/ns-v4# http://www.loc.gov/standards/alto/v4/alto-4-2.xsd">
  <Description>
    <MeasurementUnit>pixel</MeasurementUnit>
    <sourceImageInformation>
      <fileName>Moreno_119_1.jpg</fileName>
      
    </sourceImageInformation>
  </Description>
  
  <Tags>
    <OtherTag ID="BT12" LABEL="RunningTitleZone" DESCRIPTION="block type RunningTitleZone"/><OtherTag ID="BT14" LABEL="MainZone" DESCRIPTION="block type MainZone"/><OtherTag ID="BT16" LABEL="GraphicZone:ornamentation" DESCRIPTION="block type GraphicZone:ornamentation"/><OtherTag ID="BT17" LABEL="MusicZone" DESCRIPTION="block type MusicZone"/><OtherTag ID="BT19" LABEL="QuireMarksZone:signature" DESCRIPTION="block type QuireMarksZone:signature"/><OtherTag ID="BT20" LABEL="QuireMarksZone:catchwords" DESCRIPTION="block type QuireMarksZone:catchwords"/><OtherTag ID="BT21" LABEL="GraphicZone:illustration" DESCRIPTION="block type GraphicZone:illustration"/><OtherTag ID="BT25" LABEL="NumberingZone:page" DESCRIPTION="block type NumberingZone:page"/><OtherTag ID="BT28" LABEL="MarginTextZone:colophon" DESCRIPTION="block type MarginTextZone:colophon"/><OtherTag ID="BT29" LABEL="MarginTextZone:note" DESCRIPTION="block type MarginTextZone:note"/><OtherTag ID="BT92" LABEL="CustomZone:primer_titulo" DESCRIPTION="block type CustomZone:primer_titulo"/><OtherTag ID="BT93" LABEL="CustomZone:subtitulo" DESCRIPTION="block type CustomZone:subtitulo"/><OtherTag ID="BT94" LABEL="CustomZone:titulo_parte" DESCRIPTION="block type CustomZone:titulo_parte"/><OtherTag ID="BT95" LABEL="CustomZone:impresorNum" DESCRIPTION="block type CustomZone:impresorNum"/><OtherTag ID="BT97" LABEL="CustomZone:numero_pliego" DESCRIPTION="block type CustomZone:numero_pliego"/>
    <OtherTag ID="LT40" LABEL="CustomLine:trailer" DESCRIPTION="line type CustomLine:trailer"/><OtherTag ID="LT69" LABEL="CustomLine:propriedad" DESCRIPTION="line type CustomLine:propriedad"/>
  </Tags>
  
  <Layout>
    <Page WIDTH="1737"
          HEIGHT="2508"
          PHYSICAL_IMG_NR="121"
          ID="eSc_dummypage_">
      <PrintSpace HPOS="0"
                  VPOS="0"
                  WIDTH="1737"
                  HEIGHT="2508">
        
        <TextBlock HPOS="1129"
                   VPOS="182"
                   WIDTH="281"
                   HEIGHT="112"
                   ID="r_1_1"
                   TAGREFS="BT95">
          <Shape><Polygon POINTS="1129 182 1402 182 1410 289 1135 294"/></Shape>
          
          
          <TextLine ID="tl_1"
                    
                    BASELINE="1166 244 1192 244 1319 242 1385 240" 
                    HPOS="1162"
                    VPOS="194"
                    WIDTH="221"
                    HEIGHT="63">
            <Shape><Polygon POINTS="1164 242 1162 194 1379 194 1383 238 1383 257 1164 257"/></Shape>
	    <String CONTENT="Núm. 128 ."
                    HPOS="1162"
                    VPOS="194"
                    WIDTH="221"
                    HEIGHT="63"></String>
          </TextLine>

          
        </TextBlock>
        
        <TextBlock HPOS="155"
                   VPOS="305"
                   WIDTH="502"
                   HEIGHT="756"
                   ID="eSc_textblock_602c9106"
                   TAGREFS="BT21">
          <Shape><Polygon POINTS="155 305 155 1061 657 1061 640 305"/></Shape>
          
        </TextBlock>
        
        <TextBlock HPOS="653"
                   VPOS="368"
                   WIDTH="450"
                   HEIGHT="693"
                   ID="eSc_textblock_f0103771"
                   TAGREFS="BT21">
          <Shape><Polygon POINTS="1103 1061 1079 368 653 368 653 1057"/></Shape>
          
        </TextBlock>
        
        <TextBlock HPOS="1095"
                   VPOS="341"
                   WIDTH="514"
                   HEIGHT="724"
                   ID="eSc_textblock_343df759"
                   TAGREFS="BT21">
          <Shape><Polygon POINTS="1609 1065 1609 341 1095 343 1095 1065"/></Shape>
          
        </TextBlock>
        
        <TextBlock HPOS="150"
                   VPOS="1089"
                   WIDTH="1505"
                   HEIGHT="508"
                   ID="eSc_textblock_3a67c875"
                   TAGREFS="BT92">
          <Shape><Polygon POINTS="1655 1597 1645 1089 167 1089 150 1597"/></Shape>
          
        </TextBlock>
        
        <TextBlock HPOS="139"
                   VPOS="1642"
                   WIDTH="664"
                   HEIGHT="764"
                   ID="eSc_textblock_fba1cf3f"
                   TAGREFS="BT14">
          <Shape><Polygon POINTS="139 1642 139 2406 803 2406 803 1642"/></Shape>
          
        </TextBlock>
        
        <TextBlock HPOS="870"
                   VPOS="1659"
                   WIDTH="719"
                   HEIGHT="769"
                   ID="eSc_textblock_6fe2471b"
                   TAGREFS="BT14">
          <Shape><Polygon POINTS="870 1659 870 2428 1589 2423 1589 1659"/></Shape>
          
        </TextBlock>
        

        
        <TextBlock ID="eSc_dummyblock_">
          
          
          <TextLine ID="tl_2"
                    
                    BASELINE="367 1205 403 1205 847 1205 1139 1203 1435 1205" 
                    HPOS="361"
                    VPOS="1120"
                    WIDTH="1072"
                    HEIGHT="115">
            <Shape><Polygon POINTS="365 1203 363 1122 1429 1120 1433 1203 1429 1228 884 1216 875 1222 867 1231 867 1233 867 1233 865 1233 865 1233 865 1233 863 1233 863 1233 861 1233 861 1233 767 1222 762 1222 760 1222 641 1233 641 1233 639 1233 639 1233 637 1233 637 1233 637 1233 612 1220 608 1218 606 1220 579 1233 579 1233 579 1233 576 1233 576 1233 576 1235 476 1235 474 1233 361 1216"/></Shape>
	    <String CONTENT="COLECCION DE COPLAS NUEVAS"
                    HPOS="361"
                    VPOS="1120"
                    WIDTH="1072"
                    HEIGHT="115"></String>
          </TextLine>

          
          
          <TextLine ID="line_1635348189441_688"
                    
                    BASELINE="861 1284 933 1284" 
                    HPOS="857"
                    VPOS="1228"
                    WIDTH="75"
                    HEIGHT="76">
            <Shape><Polygon POINTS="859 1283 859 1228 932 1243 932 1283 930 1304 857 1291"/></Shape>
	    <String CONTENT="DE"
                    HPOS="857"
                    VPOS="1228"
                    WIDTH="75"
                    HEIGHT="76"></String>
          </TextLine>

          
          
          <TextLine ID="tl_3"
                    
                    BASELINE="183 1405 577 1407 797 1411 1599 1399" 
                    HPOS="175"
                    VPOS="1295"
                    WIDTH="1421"
                    HEIGHT="134">
            <Shape><Polygon POINTS="181 1404 175 1331 263 1308 265 1308 265 1308 267 1308 267 1308 334 1316 455 1306 455 1306 457 1306 457 1306 459 1306 459 1306 499 1320 526 1306 526 1306 526 1306 528 1306 528 1306 528 1306 530 1306 530 1306 604 1316 706 1304 706 1304 708 1304 708 1304 708 1304 710 1304 710 1304 712 1304 712 1304 712 1306 729 1318 731 1322 811 1325 898 1325 911 1314 923 1304 923 1304 925 1304 925 1304 928 1304 928 1304 928 1304 930 1304 930 1304 932 1304 932 1304 932 1304 953 1314 959 1316 963 1314 988 1302 988 1302 988 1302 990 1302 990 1302 992 1302 992 1302 992 1302 994 1302 994 1302 997 1302 1013 1312 1028 1320 1061 1312 1076 1308 1078 1308 1078 1308 1080 1308 1080 1308 1116 1310 1201 1318 1216 1308 1220 1304 1220 1304 1222 1304 1222 1304 1222 1304 1224 1304 1224 1304 1226 1304 1226 1304 1226 1304 1252 1308 1300 1316 1429 1314 1440 1304 1448 1297 1448 1295 1448 1295 1450 1295 1450 1295 1450 1295 1452 1295 1452 1295 1454 1295 1454 1295 1454 1295 1456 1295 1481 1304 1504 1310 1590 1302 1596 1398 1594 1417 821 1414 813 1419 806 1425 806 1425 804 1425 804 1425 802 1425 802 1425 802 1425 800 1425 679 1419 620 1417 558 1419 374 1429 372 1429 179 1419"/></Shape>
	    <String CONTENT="FANDANGO , MALAGUEÑAS"
                    HPOS="175"
                    VPOS="1295"
                    WIDTH="1421"
                    HEIGHT="134"></String>
          </TextLine>

          
          
          <TextLine ID="tl_4"
                    
                    BASELINE="551 1509 619 1509 873 1509 1108 1513 1253 1509" 
                    HPOS="549"
                    VPOS="1408"
                    WIDTH="703"
                    HEIGHT="130">
            <Shape><Polygon POINTS="549 1508 549 1408 606 1408 606 1408 606 1408 608 1408 608 1408 608 1408 610 1408 610 1408 629 1421 735 1410 754 1410 754 1410 756 1410 756 1410 758 1410 758 1410 762 1412 785 1421 794 1412 798 1408 798 1408 798 1408 800 1408 800 1408 802 1408 802 1408 802 1408 804 1408 1074 1419 1151 1421 1158 1421 1203 1408 1206 1408 1206 1408 1208 1408 1208 1408 1208 1408 1210 1408 1249 1423 1252 1508 1249 1519 1084 1519 1076 1523 1057 1531 1057 1531 1057 1531 1055 1531 1055 1531 1053 1531 1053 1531 1053 1531 1015 1523 990 1519 974 1525 946 1536 946 1536 944 1536 944 1536 942 1536 942 1536 942 1536 940 1536 913 1527 892 1519 882 1527 871 1536 871 1536 869 1536 869 1536 869 1536 867 1536 867 1536 867 1538 683 1538 681 1536 681 1536 666 1534 599 1519 549 1536"/></Shape>
	    <String CONTENT="Y RONDEÑAS."
                    HPOS="549"
                    VPOS="1408"
                    WIDTH="703"
                    HEIGHT="130"></String>
          </TextLine>

          
          
          <TextLine ID="tl_5"
                    
                    BASELINE="242 1743 279 1744 391 1744 441 1743 560 1743 610 1742 712 1742" 
                    HPOS="238"
                    VPOS="1701"
                    WIDTH="472"
                    HEIGHT="56">
            <Shape><Polygon POINTS="240 1740 238 1701 708 1701 710 1740 706 1757 238 1755"/></Shape>
	    <String CONTENT="El amor es como el niño"
                    HPOS="238"
                    VPOS="1701"
                    WIDTH="472"
                    HEIGHT="56"></String>
          </TextLine>

          
          
          <TextLine ID="tl_6"
                    
                    BASELINE="197 1799 263 1789 315 1788 428 1788 463 1796 546 1787 597 1787 696 1791" 
                    HPOS="190"
                    VPOS="1745"
                    WIDTH="503"
                    HEIGHT="58">
            <Shape><Polygon POINTS="196 1797 190 1757 689 1745 693 1789 691 1799 196 1803"/></Shape>
	    <String CONTENT="que se enoja y tira el pan,"
                    HPOS="190"
                    VPOS="1745"
                    WIDTH="503"
                    HEIGHT="58"></String>
          </TextLine>

          
          
          <TextLine ID="tl_7"
                    
                    BASELINE="196 1842 216 1842 274 1833 493 1832 656 1837" 
                    HPOS="192"
                    VPOS="1791"
                    WIDTH="462"
                    HEIGHT="58">
            <Shape><Polygon POINTS="194 1841 192 1791 652 1793 654 1835 652 1847 194 1849"/></Shape>
	    <String CONTENT="y en haciéndole cariños,"
                    HPOS="192"
                    VPOS="1791"
                    WIDTH="462"
                    HEIGHT="58"></String>
          </TextLine>

          
          
          <TextLine ID="tl_8"
                    
                    BASELINE="197 1877 283 1878 316 1886 369 1877 508 1876 546 1876 688 1875" 
                    HPOS="196"
                    VPOS="1874"
                    WIDTH="491"
                    HEIGHT="13">
            <Shape><Polygon POINTS="196 1876 196 1874 687 1874 687 1874 685 1885 196 1887"/></Shape>
	    <String CONTENT="calla y lo vuelve á tomar."
                    HPOS="196"
                    VPOS="1874"
                    WIDTH="491"
                    HEIGHT="13"></String>
          </TextLine>

          
          
          <TextLine ID="tl_9"
                    
                    BASELINE="242 1921 342 1921 389 1921 504 1920 583 1920 652 1921 755 1925" 
                    HPOS="238"
                    VPOS="1874"
                    WIDTH="516"
                    HEIGHT="67">
            <Shape><Polygon POINTS="240 1920 240 1874 752 1883 754 1924 750 1941 397 1929 238 1939"/></Shape>
	    <String CONTENT="Entra el amor por los ojos,"
                    HPOS="238"
                    VPOS="1874"
                    WIDTH="516"
                    HEIGHT="67"></String>
          </TextLine>

          
          
          <TextLine ID="tl_10"
                    
                    BASELINE="195 1965 232 1965 398 1965 456 1964 504 1964 641 1970" 
                    HPOS="190"
                    VPOS="1924"
                    WIDTH="449"
                    HEIGHT="59">
            <Shape><Polygon POINTS="194 1964 194 1924 637 1929 639 1968 635 1983 190 1975"/></Shape>
	    <String CONTENT="se deposita en el pecho,"
                    HPOS="190"
                    VPOS="1924"
                    WIDTH="449"
                    HEIGHT="59"></String>
          </TextLine>

          
          
          <TextLine ID="tl_11"
                    
                    BASELINE="197 2009 228 2010 429 2009 494 2009 605 2009" 
                    HPOS="194"
                    VPOS="1962"
                    WIDTH="410"
                    HEIGHT="63">
            <Shape><Polygon POINTS="196 2008 196 1962 604 1968 604 2008 601 2025 194 2023"/></Shape>
	    <String CONTENT="le alimentan los oidos"
                    HPOS="194"
                    VPOS="1962"
                    WIDTH="410"
                    HEIGHT="63"></String>
          </TextLine>

          
          
          <TextLine ID="tl_12"
                    
                    BASELINE="197 2064 215 2064 266 2054 397 2053 465 2053 686 2051" 
                    HPOS="194"
                    VPOS="2006"
                    WIDTH="491"
                    HEIGHT="67">
            <Shape><Polygon POINTS="196 2062 194 2021 344 2006 346 2006 681 2012 685 2050 685 2064 196 2073"/></Shape>
	    <String CONTENT="y le matan los desprecios."
                    HPOS="194"
                    VPOS="2006"
                    WIDTH="491"
                    HEIGHT="67"></String>
          </TextLine>

          
          
          <TextLine ID="tl_19"
                    
                    BASELINE="913 1741 947 1741 995 1741 1180 1741 1230 1741 1404 1746" 
                    HPOS="909"
                    VPOS="1699"
                    WIDTH="493"
                    HEIGHT="56">
            <Shape><Polygon POINTS="911 1740 911 1699 1396 1703 1402 1745 1400 1755 909 1755"/></Shape>
	    <String CONTENT="ni el escribano le escucha,"
                    HPOS="909"
                    VPOS="1699"
                    WIDTH="493"
                    HEIGHT="56"></String>
          </TextLine>

          
          
          <TextLine ID="tl_20"
                    
                    BASELINE="913 1786 948 1785 994 1785 1159 1784 1207 1785 1369 1786" 
                    HPOS="909"
                    VPOS="1738"
                    WIDTH="458"
                    HEIGHT="63">
            <Shape><Polygon POINTS="911 1784 909 1738 1364 1745 1367 1784 1362 1801 909 1797"/></Shape>
	    <String CONTENT="ni el abogado le atiende."
                    HPOS="909"
                    VPOS="1738"
                    WIDTH="458"
                    HEIGHT="63"></String>
          </TextLine>

          
          
          <TextLine ID="tl_21"
                    
                    BASELINE="959 1829 1093 1829 1178 1830 1310 1830 1358 1830 1458 1836" 
                    HPOS="953"
                    VPOS="1786"
                    WIDTH="503"
                    HEIGHT="61">
            <Shape><Polygon POINTS="957 1828 957 1786 1456 1786 1456 1835 1452 1847 953 1843"/></Shape>
	    <String CONTENT="Cuando uno quiere á una,"
                    HPOS="953"
                    VPOS="1786"
                    WIDTH="503"
                    HEIGHT="61"></String>
          </TextLine>

          
          
          <TextLine ID="tl_22"
                    
                    BASELINE="914 1884 932 1884 1016 1874 1095 1873 1158 1874 1210 1873 1354 1879" 
                    HPOS="911"
                    VPOS="1830"
                    WIDTH="441"
                    HEIGHT="61">
            <Shape><Polygon POINTS="913 1883 913 1830 1350 1832 1352 1878 1350 1891 911 1891"/></Shape>
	    <String CONTENT="y esta una no le quiere,"
                    HPOS="911"
                    VPOS="1830"
                    WIDTH="441"
                    HEIGHT="61"></String>
          </TextLine>

          
          
          <TextLine ID="tl_23"
                    
                    BASELINE="914 1919 950 1918 1001 1918 1136 1918 1218 1919 1258 1918 1320 1918 1431 1919" 
                    HPOS="909"
                    VPOS="1876"
                    WIDTH="520"
                    HEIGHT="55">
            <Shape><Polygon POINTS="913 1918 911 1876 1427 1878 1429 1918 1425 1931 909 1929"/></Shape>
	    <String CONTENT="es lo mismo que si un calvo"
                    HPOS="909"
                    VPOS="1876"
                    WIDTH="520"
                    HEIGHT="55"></String>
          </TextLine>

          
          
          <TextLine ID="tl_24"
                    
                    BASELINE="913 1962 948 1963 1144 1962 1202 1962 1247 1962 1350 1963 1413 1963 1543 1962" 
                    HPOS="909"
                    VPOS="1922"
                    WIDTH="633"
                    HEIGHT="61">
            <Shape><Polygon POINTS="911 1960 909 1922 1538 1922 1542 1960 1538 1983 909 1975"/></Shape>
	    <String CONTENT="se encuentra en la calle un peine."
                    HPOS="909"
                    VPOS="1922"
                    WIDTH="633"
                    HEIGHT="61"></String>
          </TextLine>

          
          
          <TextLine ID="tl_13"
                    
                    BASELINE="241 2099 384 2098 450 2097 704 2102" 
                    HPOS="236"
                    VPOS="2058"
                    WIDTH="466"
                    HEIGHT="54">
            <Shape><Polygon POINTS="240 2098 238 2058 700 2058 702 2100 698 2112 236 2110"/></Shape>
	    <String CONTENT="Piensan los enamorados,"
                    HPOS="236"
                    VPOS="2058"
                    WIDTH="466"
                    HEIGHT="54"></String>
          </TextLine>

          
          
          <TextLine ID="tl_14"
                    
                    BASELINE="195 2152 351 2149 391 2152 449 2142 606 2141 718 2147" 
                    HPOS="186"
                    VPOS="2094"
                    WIDTH="530"
                    HEIGHT="64">
            <Shape><Polygon POINTS="194 2150 186 2106 206 2094 209 2094 209 2094 209 2094 211 2094 211 2094 213 2094 714 2104 716 2146 714 2156 194 2158"/></Shape>
	    <String CONTENT="piensan, y no piensan bien,"
                    HPOS="186"
                    VPOS="2094"
                    WIDTH="530"
                    HEIGHT="64"></String>
          </TextLine>

          
          
          <TextLine ID="tl_15"
                    
                    BASELINE="197 2196 337 2186 421 2187 540 2187 609 2186 714 2187" 
                    HPOS="192"
                    VPOS="2142"
                    WIDTH="520"
                    HEIGHT="62">
            <Shape><Polygon POINTS="196 2194 192 2148 708 2142 712 2186 712 2200 196 2204"/></Shape>
	    <String CONTENT="piensan que nadie los mira"
                    HPOS="192"
                    VPOS="2142"
                    WIDTH="520"
                    HEIGHT="62"></String>
          </TextLine>

          
          
          <TextLine ID="tl_16"
                    
                    BASELINE="197 2240 214 2240 312 2232 365 2231 511 2231 582 2231 652 2230" 
                    HPOS="194"
                    VPOS="2181"
                    WIDTH="456"
                    HEIGHT="67">
            <Shape><Polygon POINTS="196 2238 194 2200 294 2184 294 2184 296 2184 296 2184 367 2194 384 2181 386 2181 386 2181 386 2181 388 2181 388 2181 388 2181 390 2181 645 2190 650 2227 650 2242 196 2248"/></Shape>
	    <String CONTENT="y todo el mundo los vé."
                    HPOS="194"
                    VPOS="2181"
                    WIDTH="456"
                    HEIGHT="67"></String>
          </TextLine>

          
          
          <TextLine ID="tl_25"
                    
                    BASELINE="958 2007 1007 2007 1109 2006 1197 2008 1282 2007 1388 2014" 
                    HPOS="953"
                    VPOS="1960"
                    WIDTH="434"
                    HEIGHT="63">
            <Shape><Polygon POINTS="957 2006 957 1960 1385 1970 1387 2012 1383 2023 953 2012"/></Shape>
	    <String CONTENT="Un rosal cria una rosa,"
                    HPOS="953"
                    VPOS="1960"
                    WIDTH="434"
                    HEIGHT="63"></String>
          </TextLine>

          
          
          <TextLine ID="tl_26"
                    
                    BASELINE="915 2051 981 2052 1129 2051 1191 2051 1333 2056" 
                    HPOS="909"
                    VPOS="2004"
                    WIDTH="422"
                    HEIGHT="60">
            <Shape><Polygon POINTS="913 2050 911 2008 1327 2004 1331 2054 1327 2064 909 2062"/></Shape>
	    <String CONTENT="una maceta un clavel,"
                    HPOS="909"
                    VPOS="2004"
                    WIDTH="422"
                    HEIGHT="60"></String>
          </TextLine>

          
          
          <TextLine ID="tl_27"
                    
                    BASELINE="915 2096 959 2096 1083 2096 1171 2096 1260 2095 1344 2096" 
                    HPOS="911"
                    VPOS="2058"
                    WIDTH="430"
                    HEIGHT="54">
            <Shape><Polygon POINTS="913 2094 913 2058 1341 2058 1341 2094 1339 2112 911 2108"/></Shape>
	    <String CONTENT="un padre cria una hija"
                    HPOS="911"
                    VPOS="2058"
                    WIDTH="430"
                    HEIGHT="54"></String>
          </TextLine>

          
          
          <TextLine ID="tl_28"
                    
                    BASELINE="914 2150 932 2150 992 2140 1088 2140 1181 2140 1313 2139" 
                    HPOS="913"
                    VPOS="2096"
                    WIDTH="399"
                    HEIGHT="62">
            <Shape><Polygon POINTS="913 2148 913 2096 1310 2096 1312 2138 1312 2148 913 2158"/></Shape>
	    <String CONTENT="y no sabe para quien."
                    HPOS="913"
                    VPOS="2096"
                    WIDTH="399"
                    HEIGHT="62"></String>
          </TextLine>

          
          
          <TextLine ID="tl_17"
                    
                    BASELINE="240 2275 282 2276 394 2276 510 2275 558 2275 729 2279" 
                    HPOS="234"
                    VPOS="2269"
                    WIDTH="493"
                    HEIGHT="27">
            <Shape><Polygon POINTS="238 2273 238 2269 725 2269 727 2278 723 2296 234 2286"/></Shape>
	    <String CONTENT="Es amor como el pleitista,"
                    HPOS="234"
                    VPOS="2269"
                    WIDTH="493"
                    HEIGHT="27"></String>
          </TextLine>

          
          
          <TextLine ID="tl_18"
                    
                    BASELINE="199 2320 329 2321 462 2321 523 2321 643 2324" 
                    HPOS="192"
                    VPOS="2278"
                    WIDTH="449"
                    HEIGHT="66">
            <Shape><Polygon POINTS="198 2319 198 2278 639 2280 641 2321 637 2344 545 2334 455 2340 367 2344 365 2344 365 2344 365 2344 363 2344 363 2344 342 2336 336 2334 334 2336 309 2344 309 2344 307 2344 307 2344 305 2344 305 2344 305 2344 303 2344 303 2344 303 2344 300 2344 300 2344 290 2334 250 2344 248 2344 248 2344 248 2344 246 2344 246 2344 244 2344 192 2330"/></Shape>
	    <String CONTENT="cuando dinero no tiene,"
                    HPOS="192"
                    VPOS="2278"
                    WIDTH="449"
                    HEIGHT="66"></String>
          </TextLine>

          
          
          <TextLine ID="tl_29"
                    
                    BASELINE="958 2185 996 2184 1076 2185 1126 2184 1285 2184 1344 2184 1459 2184" 
                    HPOS="955"
                    VPOS="2140"
                    WIDTH="503"
                    HEIGHT="62">
            <Shape><Polygon POINTS="957 2184 955 2140 1456 2140 1458 2181 1456 2202 957 2202"/></Shape>
	    <String CONTENT="Al que le quieren de balde"
                    HPOS="955"
                    VPOS="2140"
                    WIDTH="503"
                    HEIGHT="62"></String>
          </TextLine>

          
          
          <TextLine ID="tl_30"
                    
                    BASELINE="913 2228 957 2229 1084 2229 1257 2229 1381 2232" 
                    HPOS="907"
                    VPOS="2181"
                    WIDTH="472"
                    HEIGHT="63">
            <Shape><Polygon POINTS="911 2227 911 2181 1377 2186 1379 2230 1375 2244 907 2240"/></Shape>
	    <String CONTENT="no venga pidiendo celos,"
                    HPOS="907"
                    VPOS="2181"
                    WIDTH="472"
                    HEIGHT="63"></String>
          </TextLine>

          
          
          <TextLine ID="tl_31"
                    
                    BASELINE="914 2283 980 2273 1091 2273 1201 2272 1253 2273 1298 2273 1399 2273" 
                    HPOS="907"
                    VPOS="2225"
                    WIDTH="491"
                    HEIGHT="65">
            <Shape><Polygon POINTS="913 2282 907 2240 1057 2225 1059 2225 1396 2232 1398 2271 1398 2290 913 2290"/></Shape>
	    <String CONTENT="que harto favor se le hace"
                    HPOS="907"
                    VPOS="2225"
                    WIDTH="491"
                    HEIGHT="65"></String>
          </TextLine>

          
          
          <TextLine ID="tl_32"
                    
                    BASELINE="914 2318 978 2318 1149 2318 1239 2318 1275 2318 1383 2315" 
                    HPOS="911"
                    VPOS="2276"
                    WIDTH="470"
                    HEIGHT="79">
            <Shape><Polygon POINTS="913 2317 911 2280 1375 2276 1381 2313 1381 2347 1245 2349 1243 2349 1243 2349 1241 2349 1241 2349 1241 2349 1239 2349 1237 2347 1220 2336 1185 2347 1164 2353 1162 2353 1162 2353 1162 2355 1116 2355 1114 2353 1114 2353 1112 2353 1112 2353 1112 2353 1109 2353 1109 2353 1103 2347 1091 2336 1059 2347 1045 2351 1043 2351 1043 2351 1043 2351 1040 2351 1040 2351 1038 2351 1038 2351 1024 2347 994 2336 913 2344"/></Shape>
	    <String CONTENT="con quererle pelo á pelo."
                    HPOS="911"
                    VPOS="2276"
                    WIDTH="470"
                    HEIGHT="79"></String>
          </TextLine>

          
        </TextBlock>
        
      </PrintSpace>
    </Page>
  </Layout>
</alto>
