1765 2512
378 244 23 30 4

280 223 484 93 Por eso que yo soy rica,

282 297 387 86 y le supliré la falla.

280 345 561 90 Viendo D. Juan; que su hija

284 416 538 78 con razones noise ablanda,

288 464 557 88 la encerró en un cuarto sola

284 531 584 84 sin quererle dar ni aun agua.

291 584 512 79 Túvola allí un dia entero,

295 638 456 90 y á la noche la sacaba,

293 703 460 92 y llevándola á la mesa,

293 764 414 79 á su lado la sentaba,

297 810 557 96 y despues de haber cenado

299 872 486 82 comidas muy regaladas,

299 937 412 71 dijóle: hija querida,

299 990 538 88 por Dios el gusto me hagas

307 1063 459 61 de querer á D. Martin,

303 1109 559 84 que os estimaré en el alma:

307 1174 509 71 No quieras, hija querida,

311 1228 562 78 no permitas prenda amada,

311 1291 490 71 que yo quede desairado,

311 1341 467 82 por tallar á mi palabra,

316 1400 513 84 porque como falte á ella,

320 1454 536 82 seran mis congojas tantas,

320 1515 546 82 que muera de pesadumbre

320 1576 490 75 solamente por tu causa.

328 1626 459 82 Respondió Doña Maria:

328 1689 438 84 porfías son esclusadas;

330 1754 469 69 Señor, esa pesadumbre

334 1804 627 77 usted es quien quiere buscarla,

332 1867 488 88 porque yo no se la doy,

339 1921 439 80 ni tal cosa imaginara;

337 1994 423 70 D. Diego de Peñaloza

339 2036 534 84 es quien conmigo se casa,

334 2095 541 82 que á D. Martin aborrezco,

343 2149 548 84 sin que otra novedad haya.

351 2210 505 82 Esto que ha oido D. Juan,

345 2281 536 76 sacó un puñal do lo baina,

353 2327 513 103 y al tiempo de ir á tirarle

998 198 572 105 llegó su esposa, y lo abraza,

1000 274 463 90 poniéndose por delante

1004 339 480 73 las doncellas, y criadas.

1002 401 444 76 Salió su hija huyendo,

1007 447 508 86 y él dijo: Traidora, anda,

1004 502 536 94 que te juro por quien soy,

1007 565 582 83 de hacer una accion tan rara,

1007 623 515 84 que ni D. Martin le lleve,

1011 688 414 76 ni Peñaloza te valga.

1013 755 513 69 Asi estuvo aquella noche,

1015 791 528 92 discurriendo modo y traza

1019 864 417 82 para reducir su hija,

1019 912 586 90 que hiciese lo que le manda;

1023 973 471 86 discurrió (¡qué tirania!)

1030 1034 544 77 la crueldad mas inhumana,

1023 1080 591 98 que se ha oido, ni se ha visto

1032 1142 515 86 en todo cuanto el sol tapa,

1034 1201 582 86 que fue llevarla á los Montes,

1040 1262 488 88 y en un árbol amarrarla,

1042 1322 431 84 y si no se reconviene,

1038 1379 465 80 dejársela allí ó matarla.

1042 1448 411 73 Púsolo en ejecucion,

1046 1484 582 106 y antes que rompiese el Alba

1046 1555 365 73 de su casa la sacó

1048 1611 516 82 en un caballo á las ancas,

1051 1664 584 88 diciéndole que á un convento

1048 1729 367 79 iban á depositarla.

1053 1789 636 84 Por fin, se metió en los montes

1053 1844 496 94 por los cerros y cañadas,

1057 1907 544 75 hasta que en el mas oculto

1061 1965 496 78 sitio, queso le antojaba,

1061 2020 486 85 que aun apenas se podia

1065 2087 438 71 hacer existencia clara

1067 2137 488 81 si era noche, o era dia,

1067 2200 528 81 por la espesura de ramas,

1074 2241 559 93 de árboles, pinos, y encinas

1071 2306 536 107 laureles, olmos, y palmas.
