1737 2508
1135 280 303 94 (Numero 217.)

160 1381 1340 98 ROMANCE GRACIOSO Y ENTRETENIDO,

131 1496 1403 73 En que se refiere el Testamento que hizo el maldito Judas al pie

125 1536 1409 94 del Saúco, las manda que dejó de sus bienes, y los Albaceas que

125 1592 1402 84 señaló: Compuesto por un Calabré que fue Cómitre en las Galeras,

119 1649 1413 89 y Ventero de la venta Quemada, alojamiento de ladrones, de gara¬

438 1701 770 94 batos, y esponja de bolsas y cueros.

167 1874 522 65 Después que Judas taidor

114 1910 517 75 logró su malvado intento,

114 1966 611 67 que fué vender lo que es mas,

112 2012 508 69 por tan vil y bajo precio,

112 2067 567 64 llevaba el Diablo en el alma,

114 2108 598 73 teniendo á Dios en el cuerpo,

112 2154 471 73 haciendo por la codicia

112 2207 400 66 de la triaca veneno.

110 2261 462 77 Corriendo desesperado

842 1881 612 64 hechó ol dinero en el Templo,

844 1931 495 62 y aunque dijo yo pequé,

840 1975 510 62 no tuvo arrepentimiento.

842 2016 474 67 Entregó al Dulce Jesús

840 2064 470 74 á los pérfidos Hebreos,

842 2123 616 63 y desde el Templo, no es nada,

840 2173 652 59 se fué é hechar el lazo al cuello.

838 2215 510 71 Al pie del Sahuco infame

840 2261 577 88 se puso á hacer Testamento,
