1765 2512
307 1256 348 37 SÉTIMO DOLOR.

194 2095 1367 79 Afligidísima Madre de Dios y Señora mia, de todo mi corazón me pesa de haber

157 2133 1407 81 ofendido ó tu amantisimo Unigénito Hijo, mi Señor Jesucristo, viendo que los gol¬

154 2168 1410 94 pes que dieron mis culpas en su Cuerpo, han sido penetrantes cuchillos que atravie¬

159 2214 1405 82 san tu corazón. ¡Oh Madre llena de Dolores! me pesa de haberos ofendido, y pro¬

159 2248 1411 96 pongo de nunca mas pecar, rogándote me alcances la gracia de cumplirlo y el

159 2300 866 86 perdón que espero mediante tu piadosa intercesi-on.

611 2011 500 94 ACTO DE CONTRICION.

303 2371 1127 97 REIMPRESO EN CARMONA:—Imprenta de D. José Maria Moreno.

852 284 513 67 en un nuevo monumento.

123 297 526 67 le unjieron estos piadosos

900 326 532 69 Pero yo aunque agradecía

123 343 511 69 varones, que me asistían

854 385 402 54 fineza tan amorosa,

123 389 509 77 en trance tan congojoso.

856 424 546 72 dando á mi Hijo les decia:

173 443 536 74 Yo que le estaba mirando

854 473 573 73 lomad esta prenda hermosa

127 491 482 67 de los pies á la cabeza,

127 531 593 82 mi dolor siempre avivando,

850 508 609 94 que otra igual no se hallaría.

906 569 509 73 San Juan y la Magdalena

129 586 507 77 con una amarga tristeza

858 615 561 69 me llevaron en sus brazos;

136 638 420 69 le decía suspirando;

858 669 477 67 todos cargados de pena

182 688 454 59 Hijo mió muy amado,

860 707 557 80 fuimos siguiendo los pasos

131 722 585 94 ¿quién os coronó de espinas

860 766 597 73 donde él sepulcro se ordena.

136 774 479 84 y os abrió este costado

908 812 509 69 Llegamos al monumento

133 822 572 84 y estas manos tan divinas,

862 860 568 65 donde con piedad honrosa,

136 866 565 88 y vuestros pies taladrados?

862 906 461 69 depositaron el Cuerpo

186 925 555 63 Si aqueste dolor tan tuerte

864 952 463 67 tapándole con la losa;

140 965 617 83 contemplas, dejando el vicio,

133 1019 610 77 de lo que Dios te haga cargo

868 979 591 107 ¡contemplad mi sentimiento!

912 1052 555 65 Triste está la Virgen pura

138 1063 412 75 en el dia del Juicio,

868 1105 495 60 aquel sepulcro mirando,

133 1113 555 94 yo liaré por tí el descargo.

866 1155 494 63 cual jamás vió criatura,

868 1199 499 61 á su Hijo contemplando

868 1243 545 69 con tal dolor y amargura.

919 1295 452 65 Está viva y sepultada,

194 1308 572 81 ¡Oh qué angustia, pecador!

873 1350 519 58 está muerta y tiene vida,

142 1352 534 86 ¡oh qué dolor tan proligo!

870 1383 436 73 está llagada y herida

140 1408 494 76 ¡oh qué pena sin igual

870 1429 560 78 viendo muerto y destrozado

148 1450 521 73 es el verme sin mi Hijo,

877 1477 553 80 al que era su Luz querida.

146 1494 498 86 y el no poderle abrazar!

927 1532 523 79 Todas estas siete espadas

196 1549 578 69 Los varones, con quebranto

146 1599 511 75 me decían; gran Señora,

870 1590 423 70 pasaron su corazón,

879 1628 544 71 si de tí son contempladas,

150 1645 549 71 no os entreguéis al llanto,

873 1676 416 76 gozarás el galardón

148 1691 538 79 que ya ha llegado la hora

875 1712 485 79 en la Celestial morada.

150 1739 532 73 de su entierro sacrosanto.

921 1781 395 67 Afligida Madre mia

198 1800 499 69 Mitigad tanto tormento,

152 1842 465 67 cese ya esa pena dura,

875 1831 462 67 yo siento veros penar,

152 1873 608 90 dadnos el Cuerpo sangriento

883 1867 500 81 y por si os puedo aliviar

881 1927 454 76 rezaré una Ave-Maria.

150 1934 423 86 para darle sepultura
