1765 2512
261 205 42 65 4

140 257 450 61 con el invicto Gualtero

136 297 429 67 quedó Griselda casada,

133 332 589 80 que fuó de constancia ejemplo;

138 395 427 57 atención oyentes mios,

136 429 517 62 otra vez á encargar vuelvo,

136 471 500 69 porque son muy diferentes

140 523 475 58 los casos, que si primero

140 561 429 62 fué contento y alegría

140 602 569 65 ahora es pena y sentimiento.

140 651 410 60 Dejo aparte la alegría

142 694 521 63 de los cuatro años primeros

138 745 450 56 de su feliz matrimonio,

142 785 479 66 y vamos ahora de nuevo

142 835 408 58 á referir los pesares.

144 875 438 58 A los dos años tuvieron

144 914 458 67 una hija que en belleza

142 958 542 71 quila al sol sus rayos bellos.

144 1000 435 67 Celebróse de la infanta

144 1046 433 63 el dichoso nacimiento

144 1090 431 61 con universal aplauso,

144 1138 475 61 aunque gustara Gualtero

144 1189 574 56 mucho mas que fuera infante,

140 1228 588 67 por la quietud de sus pueblos.

146 1274 408 59 Crió Griselda la niña

146 1310 475 69 con cariño de sus .pechos

144 1362 479 61 por espacio de dos años,

150 1406 476 63 y al cabo quiso Gualtero

144 1450 442 65 probar la fina constacia

146 1494 500 69 de su esposa y muy severo

148 1538 549 61 entró al cuarto donde estaba,

148 1578 480 63 de esta manera diciendo:

150 1622 501 65 bien te acordarás Griselda

148 1674 454 57 de tu ya pasado tiempo,

148 1714 521 61 cuando vinistes á mi casa,

148 1762 413 63 y aquel ofrecimiento

148 1800 459 71 que delante de tu padre

148 1846 687 67 me hiciste, que en ningún tiempo

154 1892 530 61 me habías de dar disgustos,

150 1936 555 67 y asi has de tener por cierto,

148 1978 547 65 que de nuestro matrimonio,

152 2026 524 61 hubo muchos descontentos,

152 2072 522 63 y después de haber parido,

150 2116 478 61 mas disgustados los veo,

150 2156 580 77 purque dicen que no quieren

150 2208 459 61 sujetarse a los respectos

152 2244 522 64 de tu hija, que aunque sea

154 2292 551 60 bija, de un señor tan buerro,

154 2340 612 61 nieta es también de un villano,

154 2386 438 56 como es Janículo: creo

157 2421 546 78 lo tendrás bien en memoria;

858 249 452 65 y asi tengo ya dispuesto

854 290 481 70 por la concordia y la paz

856 328 498 67 de mis vasallos que luego

858 378 406 63 salga tu bija de casa,

858 422 538 72 y esto ha de ser almomento.

854 462 496 69 A que respondió Griselda,

858 510 542 61 sin muestra de sentimiento:

858 556 496 59 señor, de mi y de mi hija

860 598 523 61 sois vos el perpetuo dueño;

862 640 536 71 has, dispon, manda y ordena

860 684 565 71 que yo siempre á tu precepto

862 728 540 71 estoy firme y muy dispuesta.

860 774 513 61 Al punto mandó Gualtero

866 820 471 65 á un criado que llegase,

862 858 448 73 y la infanta con despejo

860 900 590 71 quitase á su madre, y la saque

864 950 563 63 de su presencia al momento.

860 992 456 67 Fué el criado diligente,

864 1038 452 67 entróse en el aposento,

864 1086 404 65 y viéndole la señora,

862 1124 568 75 pensó su intención, y luego

864 1170 496 67 tomó en brazos á la niña,

868 1207 448 78 y la persignó, diciendo:

866 1258 520 67 Dios te libre de desgracias;

866 1302 522 62 en el rostro le dió un beso,

866 1348 480 71 y al criado se la entrega

868 1394 476 62 quien salió del aposento.

868 1438 453 60 Notad, oyentes amados,

870 1477 476 72 la congoja y sentimiento

868 1521 513 72 que en el corazón Griselda

870 1574 434 60 tendría, y con lodo eso

870 1611 520 67 no se vió mudanza alguna

873 1660 473 58 en su diamantino pecho.

875 1701 523 69 Fué el criado donde estaba

875 1745 473 63 su amo, y dispuso luego

875 1789 408 63 la llevasen á Bolonia,

879 1840 404 64 donde tenia Gualtero

877 1875 477 63 una hermana, que casada

877 1934 408 54 era con un caballero,

875 1965 496 67 llamado el conde Panicio,

877 2009 511 78 y encargó que con secreto

877 2064 366 56 á su hija la criasen

877 2103 488 65 con aquellos documentos

875 2137 567 75 que entre los nobles se usan

877 2187 555 69 en la educación, mas de esto

879 2231 408 67 nada sabia Griselda,

877 2277 477 71 pues iba con tal silencio,

877 2313 615 79 que aun de si era muerta ó viva

883 2371 494 59 no le dió cuenta Gualtero.

881 2401 523 79 Y cuando fue Dios servido.
