1737 2508
474 447 1049 171 SEGUNDA PARTE.

298 741 1434 115 EN QUE SE PROSIGUEN LOS

290 838 1424 119 Sucesos de Rosaura y D. Antonio

294 950 1411 99 Narvaez:dáse cuenta de varios lan-

294 1045 1409 112 ces,y como se la trajo á Córdoba,

303 1149 1400 113 donde se desposaron, y lo demas

478 1256 1054 112 que verá el curioso lector.

353 1473 558 65 Ya dije en la primera parte

298 1525 500 61 como quedé tan absorto

298 1580 460 58 en Cordoba, sin saber

294 1623 575 61 de Rosaura, y de este modo

298 1672 508 62 adquirí algunas noticias:

296 1722 487 62 sagaz, astuto y mañoso

294 1763 385 69 solicité la amistad

296 1809 569 72 muy estrecha con un mozo

294 1864 471 60 de la casa de Rosaura;

307 1916 535 61 y éste me dijo á mi, como

298 1966 494 57 á Madrid se la llevaron:

294 2006 506 65 aqui quedé mas absorto,

300 2060 550 61 por saber de que su padre

303 2104 449 65 la prometió afectuoso

298 2150 533 88 en Madrid á un caballero:

1028 1471 508 65 á buscarla me dispongo;

1030 1527 458 63 y un amigo me prestó

1030 1569 483 61 cincuenta pesos en oro.

1034 1613 487 69 Y disponiendo el viage,

1032 1672 518 58 al punto el camino tomo:

1024 1711 547 71 salgo de Córdoba, y entro

1036 1763 450 63 en aquel espeso toldo

1032 1814 564 62 de la gran Sierra—Morena,

1030 1862 477 67 aquel pirámide bronco,

1030 1916 489 61 aquella torre de ramas,

1032 1958 404 63 aquel paraiso tosco

1026 2006 470 63 de fragantes azucenas;

1034 2050 585 71 busco á Rosaura en troncos;

1032 2104 449 65 loco sin sentido digo:

1032 2148 682 86 montes, aves, fieras, mónstruos,
