1765 2512
276 324 33 77 4

148 360 503 100 señores yo soy mu neto,

148 422 488 86 mas bravio que un leon

157 487 433 86 y con mucho corazon

148 527 565 86 sa cabó, soy mu completo.

159 575 538 99 Un mozo como un parmito

161 630 611 92 que con el mejor me apuesto;

173 690 478 95 y templao! prosupuesto

169 736 584 90 que al ver un cuerpo bonito,

161 795 534 86 fortuna me jago un tiesto.

167 851 492 84 Con las mosas soy azuca

173 906 509 88 y me estutano por ellas.

175 956 534 88 y me subo á las estrellas

177 1008 501 82 en armando la borrusca.

175 1050 587 97 Con hombres laigo sentellas,

186 1101 687 104 quemo mas que un jierro ardiendo

182 1163 552 86 echo mas fuego que el sor

184 1214 515 111 laigá puñalas en viendo

875 332 389 92 otro mozo como yo.

873 380 483 105 Mi navaja es de Mudela

879 441 467 86 con doce muelles atrás,

875 487 529 103 no hay mas que jaser ¡saz!

883 548 433 96 y ella sólita se cuela

885 598 639 107 y el que quiera armá el espolio

883 655 484 92 donde yo cobro er cané

883 705 542 92 se la enclavo en la paré

889 759 538 86 y no recibe er Santo Olio.

894 814 473 86 Y si le escupo ¡canario!

887 866 469 86 á ese só medio enfaao,

887 933 356 75 lo dejo abujereao

894 965 596 96 como la cuenta é un rosario.

898 1025 525 97 ¡En fin soy una serpiente!

898 1084 513 81 Estaría yo un dia quemao

906 1134 505 90 cuando me tiré un bocao

917 1182 600 105 yo mismo en mitá é la frente.

883 1764 94 96 FIN

278 2285 1336 147 CARMONA:—Imp. y lib. de D. José M. Moreno, Madre de Dios, 1.
