1621 2303
1279 176 247 83 Núm. 289.

591 1139 713 83 COPLAS PARA GASTAR

295 1226 1308 105 LOS DESPERTADORES DE LAS MAÑANAS , LLAMANDO

585 1337 732 73 A REZAR EL ROSARIO DE LA AURORA.

338 1427 549 48 La Pastora, mortales, os busca

969 1397 634 76 Acudid, que su amor es de madre,

299 1454 628 67 Corriendo las calles con suma piedad;

971 1458 628 63 De miel sus palabras, sus ecos imán.

303 1502 524 52 Que Tengáis á rezar el Rosario

1137 1529 278 25 Salid sin tardar:

301 1539 628 63 Por que será mucha vuestra utilidad.

973 1533 561 59 Y pues pasto sabroso os ofrece,

466 1585 283 52 Salid sin tardar;

971 1583 555 55 En este rebaño gustosos entrad.

301 1629 534 50 Pues os llama la Virgen María,

1142 1621 348 52 Venid a rezar, etc.

305 1661 543 62 Zagala divina, la mas singular.

1017 1667 586 52 Cada vez que el infierno apercibe

474 1702 255 59 Venid á rezar:

975 1692 628 65 Que á vuestra Pastora qnereis alabar,

303 1733 557 67 Que al oir vuestras Ave-Marias

975 1738 628 64 Se confunde, se pasma y se aturde...

307 1779 628 69 Se queda sin fuerzas el lobo infernal.

977 1782 586 60 Se revuelve lodo al oiros cantar.

347 1830 592 54 San Miguel, con sus armas convida

1146 1823 275 53 Salid sin tardar:

309 1871 568 50 A todos que acudan, para pelear

983 1867 620 54 Que al demonio le causa mas pena

311 1909 585 52 Con valor, contra todo el abismo,

983 1905 611 65 Aquí vuestro canto que su fuego allá

307 1947 628 60 Sin temer, cobardes, su furia jamás!

1146 1942 340 57 Venid á rezar, etc.

474 1990 286 57 Salid sin tardar:

1017 1990 569 53 Los que rezan el Santo Rosario,

309 2024 530 60 Que seguros teneis la victoria

981 2022 615 60 Muchas' indulgencias todos ganarán

311 2066 628 68 Siguiendo los pasos de caudillo tal,

983 2066 482 58 Y á Jesús, á José y á Maria,

483 2111 335 57 Venid á rezar, etc.

981 2107 615 57 Por sus defensores seguros tendrán

341 2143 523 67 Acudid, corderinos humildes,

1150 2143 277 60 Salid sin tardar:

313 2195 628 63 A los silvos dulces que María os dá:

983 2189 591 66 Que por rato tan breve, la Virgen
