1737 2508
633 213 514 67 ¡Oh triste de mi, qué haré 1

593 263 439 54 vístase el alma de lulo,

591 303 447 66 y que otro coja el fruto

585 342 437 71 que yo para mi sembré

236 388 493 65 Se encarnó Dios en María

192 434 524 65 en forma de carne humana,

190 476 487 61 quedando tan pura y sana

190 520 508 63 como en gracia concebida,

192 562 432 60 fue tan grande la caída

190 608 443 67 que yo de Adan heredé,

190 649 330 61 y es arliculo de fó

190 689 455 65 que debemos confesar,

186 741 395 59 y si lo llego á dudar,

188 781 501 63 ¡oh triste de mi, qué haré!

232 829 418 61 Formó Dios el Paraíso

186 871 430 61 con infinitos primores,

186 919 541 61 romo frutas, plantas, flores,

186 950 453 72 a Adan también lo hizo;

186 1005 464 56 v por haber quebrantado

188 1051 422 52 a su antojo ó capricho

190 1086 453 61 lo que le estaba privado

190 1134 510 59 por quedar dueño absoluto

188 1174 472 71 del árbol que fue vedado,

192 1220 441 69 vístase el alma de lulo.

959 392 481 61 Salió Dios en busca de él,

917 436 496 59 diciéndole: Adaq, pecaste,

919 482 433 57 eso fue lo que buscaste

921 522 389 61 por solicitar muger;

919 570 422 54 Adan quísose esconder

917 608 460 62 en un lugar muy oculto;

919 652 554 62 mas le dice: ¿huyes del susto?

917 695 531 63 ¿qué te hallas avergonzado?

915 735 431 67 ven á pagar tu pecado,

911 790 453 58 y que otro coja el fruto.

961 831 472 55 Hoy con su sangre divina

917 871 445 63 redimió Dios el pecado,

917 911 454 62 solo nos dejó encargado

915 957 449 60 su santa ley y doctrina;

913 1005 420 60 al cielo nos encamina

915 1042 403 63 creyendo su santa fé;

919 1093 383 58 y Cristo te dice, que

917 1134 485 61 lo tengas en la memoaria,

915 1172 558 69 que para el justo es la gloria,

917 1222 447 63 que yo para mí sembré.

631 1266 453 63 Preso en la cárcel estoy,

583 1318 445 53 no tengáis pena por eso,

583 1352 526 65 que no soy el primer preso,

581 1402 453 56 ni dejo de ser quien soy.

232 1446 543 62 Con qué amor y qué ternura

181 1490 420 54 estaba mi buen Jesus,

186 1529 497 65 pendiente de aquella Cruz

181 1577 494 55 sufriendo tanta amargura:

181 1615 427 67 les dijo á las criaturas;

186 1663 428 61 mira, tu Redentor soy,

181 1709 379 57 y por tí la vida doy,

181 1747 460 62 no reparo en tu maldad,

179 1795 431 63 que por darte libertad,

179 1839 460 60 preso en la cárcel estoy.

223 1874 433 67 De tormentos y fatigas,

179 1916 527 79 de Cruz cargado y prisiones,

179 1966 502 67 metido entre dos ladrones,

179 2010 481 65 va el Redentor de la vida:

179 2058 429 57 miró su Madre querida

175 2094 452 67 que cayó del grave peso

177 2142 477 67 de la Cruz, yo lo confieso,

179 2188 408 60 y fue tanta su agonia,

177 2230 429 60 que Je&us dijo á María:

177 2278 447 81 no tengáis pena por eso.

951 1448 537 56 Hasta el calvario ha llegado,

911 1481 518 65 donde con ánsias mortales,

911 1536 407 54 de sus vestidos Reales

911 1571 439 67 fue mi Jesús despojado;

909 1617 516 67 alli fue en la Cruz clavado,

915 1663 472 65 v sufriendo el duro peso,

913 1703 443 67 mas no afligido por eso,

913 1755 341 57 dijo Jesús á Mana:

909 1793 441 62 consuélese, Madre mia,

911 1845 510 54 que no soy el primer preso.

953 1881 524 64 Con fé y de esperanza lleno,

907 1931 432 52 dijo el buen ladrón así:

909 1972 424 61 Señor, acordaos de mi

907 2016 577 63 cuando estéis en vuestro reino

909 2062 363 57 y Jesús dijo sereno:

898 2102 496 63 hoy conmigo lias de venir

905 2146 441 63 á mi gran reino á vivir;

905 2192 355 54 el Paraíso te doy;

902 2240 536 56 que aunque clavado me ves,

905 2282 485 71 no dejo de ser quien soy.
