1765 2512
226 282 565 71 mandando so cuerpo y alma

961 284 542 63 Una gruesa de escardillos,

230 341 483 58 al Príncipe del Infierno.

961 334 464 61 y de azadones prometo

232 385 525 62 Puesta la soga en la nuez

958 380 455 63 á todos los hortelanos

232 427 555 69 tomó la pluma en los dedos

958 431 576 60 de Samaría y de Marruecos.

232 475 412 69 sus-haberes repartió

961 479 561 61 El palo con que á mi padre

234 527 479 65 bulando, y así diciendo:

965 521 513 67 le descoyunté los huesos,

234 577 641 63 Dos bolsas que me lian quedado

963 575 538 59 mando á lodos los casados

232 628 523 62 una espuerta y un talego,

965 625 555 55 con hembras do poco seso.

230 680 538 58 a los despenseros mando,

965 667 494 65 Las botas y las espuelas

965 711 511 71 á dos franceses cocheros

234 722 469 60 y sin balansas un peso.

234 776 473 59 Item, unas pesas fallas

965 768 511 65 y á un cómilre de galera

236 812 530 69 de plomo y algo de acero,

963 814 483 58 cuatro látigos de cuero.

232 866 502 61 una ganzúa y dos llaves,

963 860 582 63 Item, mando á los verdugos,

232 916 542 61 porque son mis herederos.

963 914 632 57 que ahorquen con mucho aseo,

232 965 486 58 Mis uñas son garabatos,

963 958 523 69 y con arrojo, pues tienen

967 1013 523 54 en mí un seguro maestro.

232 1008 488 74 y así con gusto las dejo

234 1055 542 73 á los que pescan pescados,

965 1061 504 54 Dos redes falsas y rotas,

236 1115 444 55 cortadores y fruteros.

963 1099 588 69 seis cañas con sus anzuelos,

240 1161 561 57 Para aguar leche y vinagre,

965 1151 559 65 que guardé mal adquiridas,

236 1207 639 63 mando á los que tratan de ello,

967 1199 504 69 valiéndome de lo ageno,

234 1247 475 67 con un libro de cocina,

965 1247 546 65 mando á todos los ociosos,

234 1295 534 67 dos arcas y cuatro cueros.

967 1287 479 75 que flemáticos y necios

236 1343 586 70 Oue vendan la leche aguada,

967 1348 540 60 se van á pescar las fiestas

967 1383 548 76 con soles, aguas y vientos.

238 1402 580 61 y den por cuartillos, medios,

967 1440 452 63 Esta túnica que visto,

236 1442 622 71 que aunque lo sienta el vulgo,

236 1494 526 61 sacarán mucho provecho.

967 1492 446 65 é injustamente poseo,

236 1538 507 71 Echen en la miel harina,

971 1536 396 65 la dejo para casaca

971 1590 484 55 á un gordo bodegonero.

240 1593 520 71 para que tenga mas peso,

969 1639 603 58 El báculo en que me arrimo,

240 1643 386 60 y la meloja socorra

221 1680 469 70 a todos los buñuleros.

969 1683 571 67 por ser largo y algo grueso,

240 1743 501 53 Vendan turrón y arropía

973 1727 519 62 divídase en dos bordones

238 1785 555 65 los chulos á lodos tiempos,

967 1773 636 67 para un cojo, y para un tuerto.

971 1821 421 67 Esta larga cabellera,

242 1835 457 59 que jugando de la uña,

242 1881 555 59 se hacen ladrones profesos.

975 1875 555 65 que heredé de mis abuelos;

242 1923 482 65 Aguardiente y tajadillas

975 1927 503 57 repártase en dos pelucas

240 1978 549 58 vendan Galfarrones necios,

973 1963 557 73 para dos lindos del tiempo.

973 2015 595 67 Una estera, y dos banquillos,

242 2022 505 65 y á medio dia aceitunas,

242 2066 555 71 á peso malo y buen precio.

977 2064 482 67 á un saludador entrego,

242 2120 490 63 La aloja y la carraspada

975 2112 469 73 y si fuere muerto, pase

244 2164 461 71 á los mortales la dejo,

975 2164 494 65 á un tornillero sargento.

973 2216 482 61 La vara con que media,

240 2223 499 60 y la Beca de la espuerta

240 2260 425 84 á Coritos y Gallegos.

977 2264 566 74 aunque le falten tres dedos,
