1737 2508
1112 125 317 90 Nùm. 123.

403 980 920 146 SATIRA GRACIOSA,

181 1122 1382 96 en que se manifiestan los nombres, propieda¬

288 1205 1175 105 des y faltas que las mujeres han notado

382 1297 989 101 en los hombres que hay en el día.

225 1460 418 61 Escuche todo viviente,

898 1433 494 90 y á un elogio tan cumplido

188 1508 491 59 e! que me quiera escuchar

898 1504 535 59 no hay (pie añadir, ni quitar,

183 1540 600 77 varias faltas que en los hombres,

902 1548 452 63 á no ser que aseguremos

186 1586 468 71 las hembras deben notar;

896 1588 675 73 que entre un Pedro y entre un Juan,

183 1638 475 59 porque las de las mujeres

898 1632 389 67 se repartió la malicia

188 1680 407 63 bien publicadas están,

900 1682 464 54 y á los Pedros cupo mas.

181 1715 544 78 y es menester que se cumpla

902 1720 540 64 No hay que fiar de los Pepes

190 1772 403 54 aquel célebre refrán

902 1768 488 64 que es gente poco formal;

188 1809 401 67 que nos dice Cicerón,

902 1814 439 60 v si hay alguno juicioso

192 1855 468 59 lleve su cruz cada cual...

905 1851 397 63 le debe de confirmar,

192 1903 493 59 Empecemos por los Juanes

902 1893 485 71 porque el nombre de José

188 1945 558 65 que es el nombre mas vulgar,

905 1947 451 55 se inventó por Carnaval.

190 1985 541 71 y por lo mucho que abundan

907 1991 495 57 Los Franciscos inconstantes

192 2037 547 65 puede que haya uno tal cual,

907 2037 451 57 desde fecha inmemorial,

192 2079 495 65 aunque semejante hallazgo

907 2077 506 61 han sido siempre maestros

194 2121 439 63 no se ha visto publicar.

909 2123 412 54 en el arte de engañar:

194 2171 510 65 A los Pedros con los Juanes

905 2148 556 84 dicen que hubo muchos justos

198 2207 387 92 los podemos igualar,

911 2215 495 79 en tiempo del padre Adan,
