1680 2436
225 125 22 67 8

117 176 516 61 de las perlas que sus ojos

119 221 488 73 derramaban bulliciosas,

119 263 488 76 y llegándose bien cerca,

123 308 460 71 le dice, blanca paloma,

115 359 474 71 tén animo, dueño mio,

121 466 518 65 que mi fortuna dichosa

121 519 498 65 á tus plantas me lia traido

125 570 486 65 para aliviar tus congojas,

125 604 409 78 entonces volvió los ojos,

123 653 490 67 y dijo muy animosa:

123 702 512 67 ó es ilusion lo que miro,

125 757 514 63 ó D. Diego se me antoja:

125 797 586 77 No es ilusion, le responde

125 860 588 63 mi bien, mi vida y mi gloria,

127 893 543 75 que estoy sintiendo tus males

130 943 507 74 y soy el que mas te adora:

125 1002 514 63 v cortándole las cuerdas,

130 1051 576 63 que oprimian su persona,

130 1094 524 93 la fué sacando en sus brazos

845 174 589 67 de aquella espesura tosca,

847 215 455 77 hasta que llegó á una quinta,

847 269 481 70 donde su caballo toma,

849 318 503 59 y con su prenda querida

847 359 507 65 entró alegre en Zaragoza;

117 418 470 65 y á la casa do sus Padres

849 412 526 63 la llevó con mucha honra,

847 460 467 67 á tiempo que ya venían

847 503 577 83 D. Juan de Laca, y su tropa,

849 560 560 73 y á D. Martin traían muerto,

851 623 562 61 que en el monte se lo topan,

847 647 483 71 sin saber quien lo mató,

849 700 550 69 ni de ello hubiese memoria;

849 751 505 73 y á D. Diego le abrazaron

849 809 540 61 con gran bizarria y pompa,

851 854 406 65 y de lodos á una voz

851 887 508 71 víctores y aplausos logra,

851 939 467 78 y al cabo de pocos dias

853 998 479 69 se celebraron las bodas,

855 1047 524 61 donde viven muy gustosos

857 1094 607 79 D. Diego y su prenda hermosa

798 1723 105 61 FIN

144 2261 1389 91 Imp. y lib. de Manuel Belloso y Moreno (menor.) — Madre de Dios, 1.

645 2216 389 63 CARMONA: —1874.
