1860 2629
302 1194 978 153 TROBOS DE AMOR, CATALANS

63 1327 1426 129 PER CANTAR Á LAS NOVAS LOS FADRINS QUE LAS ESTIMAN.

752 1548 52 75 1.

541 1568 441 101 Uns trobos te vull cantá

497 1656 562 61 prenda hermosa del meu cort:

493 1700 417 54 ab paraulas graciosas

502 1741 436 86 te vull esplica lo amor.

96 1794 480 98 Com que yo soch Catalá

50 1862 454 65 y formál com lo primé

50 1901 561 70 no'm puch canssá de estimá,

46 1952 605 76 y aquí al mitx de aquest carré

46 1995 465 77 uns trobos te vull cantá.

94 2074 434 79 Ets tu lo milló tresort

48 2125 524 70 que en la vida he conegut:

48 2173 535 72 vals mes que la plata y ort,

46 2214 497 75 y de amor me tens perdut

35 2263 565 103 prenda hermosa del meu cort.

809 1827 485 65 Te voldria di unas cosas

761 1879 546 68 mol mes dolssas que la mel,

761 1921 557 74 frescas lo mateix que rosas :

763 1960 430 73 te dich angelét del Cel

765 2006 445 81 ab parauletas graciosas.

809 2083 511 90 Es tan gran lo meu amor,

761 2144 513 64 que no'm pot güañá niugú

758 2190 604 66 per mes que tingui 'l cort fort :

761 2234 592 83 ya hu sens « maca » sols á tú

752 2274 452 107 te vull esplica lo amor.
