1541 2125
697.0 57.0 89.0 62.0 —19—

164.0 138.0 1138.0 60.0 sores Malesherbes, Bouchet y Desere presentaron sus defensas.

167.0 188.0 1141.0 58.0 Estas duraron hasta el 14 de Enero, siendo las discusiones

166.0 238.0 1141.0 57.0 muy acaloradas, procurando los girondinos prolongar los de-

168.0 286.0 1142.0 59.0 bates y ver de salvar á Luis XVl, cansando los ánimos; pero

167.0 337.0 1140.0 57.0 sus esfuerzos se estrellaron contra la audacia de la Montaña, y

166.0 384.0 1145.0 58.0 fué pronunciado el fallo. Los girondinos hicieron el último es-

167.0 434.0 1146.0 55.0 fuerzo, reclamaron la apelacion al pueblo, haciendo otras pro-

172.0 485.0 1139.0 56.0 posiciones que tendian á anular el decreto de la Convencion;

172.0 531.0 1143.0 60.0 pero todo en vano. El 15 se decidió por una mayoría de 693 vo-

174.0 579.0 1141.0 60.0 tos contra 276, que Luis Capeto era culpable de atentado contra

174.0 628.0 1141.0 54.0 la libertad, y de conspiracion contra la seguridad del estado.

237.0 680.0 1080.0 56.0 En el mismo dia decidieron 433 votos contra 288, que la

177.0 729.0 1140.0 50.0 sentencia de la Convencion nacional contra Cuis Capeto, no

174.0 776.0 749.0 57.0 se enviaria á la rectificacion del pueblo.

243.0 822.0 1079.0 59.0 En la sesion del 17 de Enero se pasó á votar la última cues-

179.0 875.0 1143.0 60.0 tion: ¿En qué pena ha incurrido Luis, rey de Francia? La se-

180.0 926.0 1140.0 56.0 sion duró 24 horas, y se terminó con el exámen del escrutinio.

243.0 972.0 1080.0 60.0 La Convencion estaba compuesta de 749 indivíduos de los

184.0 1025.0 1136.0 59.0 cuales se hallaban presentes 721; ausentes 28. La mayoría,

188.0 1075.0 344.0 55.0 era, pues, de 361.

244.0 1120.0 653.0 60.0 2 votaron por el encierro perpétuo.

245.0 1167.0 1083.0 60.0 286 la detencion y el destierro al hacerse la paz; el destier-

187.0 1219.0 1143.0 58.0 ro inmediato ó la reclusion; algunos pidieron la muerte condi-

185.0 1271.0 602.0 53.0 cional si se invadia el territorio.

250.0 1318.0 1080.0 59.0 46 la pena de muerte con próroga, para despues de la ex-

187.0 1364.0 1144.0 63.0 pulsion de los Borbones, ó de la ratificacion de la constitu-

192.0 1420.0 112.0 50.0 cion.

252.0 1466.0 435.0 55.0 387 la pena de muerte.

252.0 1512.0 1081.0 61.0 Entre éstos, rubor causa decirlo, figuraba uno de sus pa-

193.0 1553.0 1142.0 66.0 rientes, el duque de Orleans, que quizás pensaba sustituirle.

258.0 1611.0 1082.0 61.0 Hecho el escrutinio, Vergniaud, jefe del partido girondino

197.0 1662.0 1143.0 55.0 y presidente entonces de la Convencion, cuyo voto se unió al

196.0 1715.0 1143.0 52.0 de la mayoría, segun costumbre, declaró con voz conmovida,

199.0 1760.0 1142.0 54.0 que la pena pronunciada por la Asamblea contra Luis, era la

199.0 1813.0 213.0 55.0 de muerte.

268.0 1854.0 1076.0 62.0 Los defensores del desgraciado monarca, pidieron una pró-

200.0 1904.0 1143.0 66.0 roga; pero fué desechada la peticion por 380, votos contra 310.
