1531 2099
842.0 48.0 98.0 55.0 —5—

299.0 123.0 1149.0 57.0 duos del clero, con cuyo acto acabó de alejarse el pueblo de la

299.0 173.0 437.0 61.0 corona y de la nobleza.

361.0 319.0 1092.0 59.0 Celebróse por fin aquella famosa sesion régia, de cuyos re-

303.0 371.0 1150.0 59.0 sultados tanto se prometia la córte, con gran aparato de tro-

305.0 420.0 1148.0 56.0 pas. Se hizo esperar á los diputados del estado llano á la puer-

305.0 467.0 1147.0 57.0 ta del edificio mientras caia una abundante lluvia, hasta que

304.0 520.0 1148.0 54.0 estuvieron colocados los otros dos estados, y no les abrieron

304.0 569.0 1147.0 56.0 las puertas hasta que Bailly amenazó retirarse con todos los

302.0 613.0 507.0 59.0 diputados del estado llano.

358.0 662.0 1093.0 60.0 El mas profundo silencio reinó en los bancos de estos cuan-

302.0 714.0 491.0 57.0 do el rey tomó la palabra.

361.0 761.0 1090.0 54.0 El rey mandó leer una declaracion de treinta y cinco artí-

301.0 813.0 1150.0 56.0 culos, otorgando ciertas libertades; pero la mayor parte de los

301.0 862.0 1149.0 53.0 agravios del pueblo quedaban sin respuesta, lo que irritó en

299.0 911.0 1153.0 58.0 sumo grado á sus diputados, así como las expresiones repeti-

299.0 960.0 1153.0 56.0 das sin cesar el rey quiere, el rey ordena, que indicaban cla-

302.0 1009.0 1149.0 55.0 ramente la voluntad de excluir los Estados generales del poder

302.0 1064.0 1147.0 51.0 legislativo. El rey terminó la sesion amenazando á los Estados

302.0 1110.0 829.0 53.0 con una disolucion cierta si no le obedecian.

362.0 1154.0 1088.0 61.0 Retiróse el rey seguido de la nobleza, siendo el último de

302.0 1204.0 1147.0 57.0 abandonar el salon el marqués de Breré, el cual dirigiéndose

305.0 1252.0 313.0 59.0 á Bailly, le dijo:

365.0 1300.0 699.0 59.0 —¿Ya habeis oido las órdenes del rey?

360.0 1349.0 1086.0 60.0 —Voy á tomar las de la Asamblea—repuso Bailly—pero

299.0 1398.0 639.0 53.0 adelantándose Mirabeau, exclamó:

357.0 1445.0 1088.0 62.0 Sí: hemos oido las intenciones del rey; pero vos que no te-

296.0 1497.0 1154.0 57.0 neis aquí ni asiento, ni derecho de hablar, no estais autoriza-

294.0 1546.0 1154.0 58.0 do para recordarnos su discurso. Sin embargo, para evitar to-

295.0 1596.0 1153.0 56.0 do error y toda dilacion, id y decid á vuestro amo que estamos

294.0 1647.0 1152.0 56.0 aquí por la voluntad del pueblo, y que no saldremos sino por

296.0 1693.0 491.0 56.0 la fuerza de las bayonetas.

353.0 1743.0 1091.0 58.0 La ruptura entre el pueblo y el rey era manifiesta despues

290.0 1791.0 1154.0 53.0 de este acontecimiento. El rey hizo colocar artillería y tropas

289.0 1840.0 1159.0 59.0 en Sevres y el pueblo de París, al ver la actitud de la aristo-

288.0 1887.0 1158.0 63.0 cracia, habia ofrecido mandar cuarenta mil hombres á Versa-

305.0 1940.0 571.0 65.0 les á proteger á sus diputados.
