<?xml version="1.0" encoding="UTF-8"?>
<alto xmlns:xsi="http://www.w3.org/2001/XMLSchema-instance"
      xmlns="http://www.loc.gov/standards/alto/ns-v4#"
      xsi:schemaLocation="http://www.loc.gov/standards/alto/ns-v4# http://www.loc.gov/standards/alto/v4/alto-4-2.xsd">
  <Description>
    <MeasurementUnit>pixel</MeasurementUnit>
    <sourceImageInformation>
      <fileName>Varios_429_23.jpg</fileName>
      
    </sourceImageInformation>
  </Description>
  
  <Tags>
    <OtherTag ID="BT221" LABEL="CustomZone:impresorNum" DESCRIPTION="block type CustomZone:impresorNum"/><OtherTag ID="BT222" LABEL="CustomZone:numero_pliego" DESCRIPTION="block type CustomZone:numero_pliego"/><OtherTag ID="BT223" LABEL="CustomZone:title" DESCRIPTION="block type CustomZone:title"/><OtherTag ID="BT224" LABEL="GraphicZone:illustration" DESCRIPTION="block type GraphicZone:illustration"/><OtherTag ID="BT225" LABEL="GraphicZone:ornamentation" DESCRIPTION="block type GraphicZone:ornamentation"/><OtherTag ID="BT226" LABEL="MainZone" DESCRIPTION="block type MainZone"/><OtherTag ID="BT227" LABEL="MainZone:columns" DESCRIPTION="block type MainZone:columns"/><OtherTag ID="BT228" LABEL="MarginTextZone:colophon" DESCRIPTION="block type MarginTextZone:colophon"/><OtherTag ID="BT229" LABEL="MarginTextZone:note" DESCRIPTION="block type MarginTextZone:note"/><OtherTag ID="BT230" LABEL="MusicZone" DESCRIPTION="block type MusicZone"/><OtherTag ID="BT231" LABEL="NumberingZone:page" DESCRIPTION="block type NumberingZone:page"/><OtherTag ID="BT232" LABEL="QuireMarksZone:catchwords" DESCRIPTION="block type QuireMarksZone:catchwords"/><OtherTag ID="BT233" LABEL="QuireMarksZone:signature" DESCRIPTION="block type QuireMarksZone:signature"/><OtherTag ID="BT234" LABEL="RunningTitleZone" DESCRIPTION="block type RunningTitleZone"/>
    <OtherTag ID="LT81" LABEL="CustomLine:propriedad" DESCRIPTION="line type CustomLine:propriedad"/><OtherTag ID="LT82" LABEL="CustomLine:trailer" DESCRIPTION="line type CustomLine:trailer"/><OtherTag ID="LT83" LABEL="DefaultLine" DESCRIPTION="line type DefaultLine"/><OtherTag ID="LT84" LABEL="HeadingLine" DESCRIPTION="line type HeadingLine"/>
  </Tags>
  
  <Layout>
    <Page WIDTH="1532"
          HEIGHT="2134"
          PHYSICAL_IMG_NR="70"
          ID="eSc_dummypage_">
      <PrintSpace HPOS="0"
                  VPOS="0"
                  WIDTH="1532"
                  HEIGHT="2134">
        
        <TextBlock HPOS="623.0"
                   VPOS="0.0"
                   WIDTH="234.0"
                   HEIGHT="92.0"
                   ID="block_1"
                   TAGREFS="BT231">
          <Shape><Polygon POINTS="623 0 857 0 857 92 623 92 623 0"/></Shape>
          
          
          <TextLine ID="line_0"
                    TAGREFS="LT83"
                    BASELINE="690 68 821 67" 
                    HPOS="688.0"
                    VPOS="30.0"
                    WIDTH="133.0"
                    HEIGHT="60.0">
            <Shape><Polygon POINTS="690 68 690 90 821 75 821 67 818 48 773 48 764 43 747 30 745 30 744 30 743 30 688 36 690 68"/></Shape>
	    <String CONTENT="—23—"
                    HPOS="688.0"
                    VPOS="30.0"
                    WIDTH="133.0"
                    HEIGHT="60.0"></String>
          </TextLine>

          
        </TextBlock>
        
        <TextBlock HPOS="123.0"
                   VPOS="70.0"
                   WIDTH="1299.0"
                   HEIGHT="1986.0"
                   ID="block_0"
                   TAGREFS="BT226">
          <Shape><Polygon POINTS="123 70 1422 70 1422 2056 123 2056 123 70"/></Shape>
          
          
          <TextLine ID="line_1"
                    TAGREFS="LT83"
                    BASELINE="168 137 1315 137" 
                    HPOS="168.0"
                    VPOS="100.0"
                    WIDTH="1147.0"
                    HEIGHT="58.0">
            <Shape><Polygon POINTS="168 137 168 157 726 152 792 158 796 158 798 158 799 158 800 158 820 152 828 158 830 158 831 158 832 158 838 158 915 152 992 158 996 158 997 158 1000 158 1070 152 1098 158 1099 158 1100 158 1101 158 1131 152 1197 158 1198 158 1199 158 1201 158 1250 152 1313 158 1315 137 1315 100 1228 100 1227 100 1226 100 1211 107 1191 101 1190 101 1189 101 1188 101 1158 109 1050 100 1049 100 1048 100 1020 110 924 110 888 100 886 100 885 100 867 110 718 110 632 100 630 100 477 109 438 100 437 100 436 100 409 109 275 100 273 100 233 109 168 100 168 137"/></Shape>
	    <String CONTENT="de nulidades, Marat, lo mismo que sus amigos Danton y Des-"
                    HPOS="168.0"
                    VPOS="100.0"
                    WIDTH="1147.0"
                    HEIGHT="58.0"></String>
          </TextLine>

          
          
          <TextLine ID="line_2"
                    TAGREFS="LT83"
                    BASELINE="170 188 1312 186" 
                    HPOS="169.0"
                    VPOS="150.0"
                    WIDTH="1143.0"
                    HEIGHT="62.0">
            <Shape><Polygon POINTS="170 188 170 205 292 205 296 205 323 212 324 212 326 212 356 205 366 203 388 206 452 212 454 212 532 206 576 203 598 207 616 209 617 209 668 207 747 203 781 208 803 211 805 211 806 211 813 208 827 202 840 208 843 209 844 209 845 209 846 209 850 208 864 202 881 208 884 209 885 209 1029 211 1030 211 1042 209 1089 203 1127 211 1133 211 1134 212 1311 212 1312 186 1310 150 1230 150 1229 150 1228 150 1203 160 1103 160 1084 150 1083 150 1082 150 1081 150 1076 150 1041 157 1010 151 1009 151 1007 151 1006 151 996 158 958 151 950 150 949 150 937 151 878 158 847 152 846 152 795 158 782 151 779 150 777 150 776 150 775 150 769 151 745 158 719 152 716 151 715 151 713 151 712 151 711 151 711 152 697 161 646 161 633 152 632 152 630 152 629 152 628 152 609 160 563 152 558 152 557 152 552 152 501 160 490 152 488 151 487 151 486 151 484 151 483 151 476 152 451 160 416 154 403 151 401 151 373 154 327 157 278 154 239 151 238 151 237 151 228 154 211 160 169 155 170 188"/></Shape>
	    <String CONTENT="moulins. y demás patriotas de alguna talla, hubiera pagado"
                    HPOS="169.0"
                    VPOS="150.0"
                    WIDTH="1143.0"
                    HEIGHT="62.0"></String>
          </TextLine>

          
          
          <TextLine ID="line_3"
                    TAGREFS="LT83"
                    BASELINE="171 237 662 239" 
                    HPOS="170.0"
                    VPOS="201.0"
                    WIDTH="492.0"
                    HEIGHT="58.0">
            <Shape><Polygon POINTS="171 237 170 247 198 257 199 257 200 257 201 257 221 250 281 257 282 257 283 257 305 250 387 250 416 258 417 258 418 259 586 259 586 258 588 258 589 258 601 251 630 258 632 258 633 258 634 258 661 250 662 239 661 211 603 211 602 209 592 202 591 202 590 202 589 202 483 208 457 209 449 208 417 201 383 201 381 201 380 201 379 201 372 207 369 208 364 207 335 202 334 202 308 207 298 208 296 207 291 202 291 201 290 201 289 201 288 201 171 205 171 237"/></Shape>
	    <String CONTENT="su tributo á la guillotina."
                    HPOS="170.0"
                    VPOS="201.0"
                    WIDTH="492.0"
                    HEIGHT="58.0"></String>
          </TextLine>

          
          
          <TextLine ID="line_4"
                    TAGREFS="LT83"
                    BASELINE="231 289 1315 286" 
                    HPOS="230.0"
                    VPOS="250.0"
                    WIDTH="1085.0"
                    HEIGHT="57.0">
            <Shape><Polygon POINTS="231 289 231 307 266 299 342 305 343 305 377 299 449 305 450 305 691 299 725 305 728 305 729 305 733 305 806 298 879 304 881 304 913 298 1312 303 1315 286 1311 250 1275 257 1230 250 1229 250 1228 250 1227 250 1202 259 1156 259 1133 250 1132 250 1131 250 1128 250 1080 259 934 259 901 251 899 251 898 251 897 251 885 259 838 259 781 251 773 250 771 250 770 250 769 251 758 256 697 251 694 251 693 251 692 251 678 258 660 251 659 251 562 251 560 251 559 251 537 260 443 260 432 253 431 253 430 253 429 253 396 259 372 251 371 251 369 251 368 251 367 251 366 251 345 260 304 260 230 252 231 289"/></Shape>
	    <String CONTENT="Este mónstruo no cesaba de derramar sangre, llegando al"
                    HPOS="230.0"
                    VPOS="250.0"
                    WIDTH="1085.0"
                    HEIGHT="57.0"></String>
          </TextLine>

          
          
          <TextLine ID="line_5"
                    TAGREFS="LT83"
                    BASELINE="173 335 1317 335" 
                    HPOS="173.0"
                    VPOS="301.0"
                    WIDTH="1144.0"
                    HEIGHT="55.0">
            <Shape><Polygon POINTS="173 335 173 350 551 349 584 353 608 355 609 355 610 355 620 353 634 349 645 353 650 355 652 355 653 355 679 353 724 349 756 354 771 355 773 355 774 355 779 354 792 349 875 354 903 355 904 355 905 355 910 354 929 349 966 354 975 355 977 355 990 354 1047 349 1107 355 1115 355 1116 355 1125 355 1192 349 1202 355 1203 355 1204 355 1205 356 1317 356 1317 335 1317 310 1271 301 1269 301 1201 310 1039 310 1005 301 1004 301 1003 301 851 307 831 301 830 301 828 301 827 301 809 310 776 310 743 301 742 301 741 301 739 301 713 309 686 301 685 301 626 301 624 301 623 301 596 308 570 301 569 301 567 301 566 301 549 308 532 302 531 302 530 302 450 309 423 301 422 301 355 301 354 301 353 301 336 310 241 310 228 302 227 302 226 302 225 302 173 309 173 335"/></Shape>
	    <String CONTENT="extremo de dar un sustituto al verdugo de Paris para poder"
                    HPOS="173.0"
                    VPOS="301.0"
                    WIDTH="1144.0"
                    HEIGHT="55.0"></String>
          </TextLine>

          
          
          <TextLine ID="line_6"
                    TAGREFS="LT83"
                    BASELINE="173 385 1234 385" 
                    HPOS="173.0"
                    VPOS="350.0"
                    WIDTH="1061.0"
                    HEIGHT="54.0">
            <Shape><Polygon POINTS="173 385 173 401 1233 404 1234 385 1234 359 1198 350 1197 350 1159 356 1140 350 1139 350 1138 350 1137 350 1120 358 1119 358 1111 358 1048 352 1047 352 967 356 936 358 917 355 871 350 870 350 869 350 858 355 852 358 814 355 767 352 766 352 764 352 763 352 760 354 754 359 681 359 669 354 660 350 659 350 658 350 656 350 648 354 637 358 622 354 611 350 610 350 609 350 578 353 531 358 521 353 516 350 515 350 461 350 460 350 458 350 457 350 455 352 444 359 400 359 383 352 379 350 378 350 377 350 375 350 374 350 373 352 362 359 241 359 173 350 173 385"/></Shape>
	    <String CONTENT="descansar de su tarea que le tenia rendido y quebrantado."
                    HPOS="173.0"
                    VPOS="350.0"
                    WIDTH="1061.0"
                    HEIGHT="54.0"></String>
          </TextLine>

          
          
          <TextLine ID="line_7"
                    TAGREFS="LT83"
                    BASELINE="233 436 1318 432" 
                    HPOS="232.0"
                    VPOS="399.0"
                    WIDTH="1086.0"
                    HEIGHT="57.0">
            <Shape><Polygon POINTS="233 436 233 449 298 448 304 449 322 455 323 455 324 455 375 449 388 448 392 449 407 455 409 455 410 456 464 456 464 455 522 448 530 448 534 448 570 455 571 455 572 455 573 455 583 448 584 448 595 448 698 454 699 454 700 454 701 454 711 448 713 446 770 446 773 446 787 454 788 454 789 454 790 454 802 448 939 454 940 454 974 446 982 452 984 452 985 452 986 454 1146 454 1146 452 1209 445 1213 445 1215 445 1284 452 1285 452 1286 452 1318 444 1318 432 1316 399 1271 399 1269 399 1268 399 1267 399 1256 407 1203 407 1189 399 1188 399 1186 399 1185 399 1179 399 1133 406 1101 400 1094 399 1093 399 1065 400 935 407 857 401 835 400 834 400 833 400 827 401 807 409 640 409 614 403 595 400 594 400 463 401 462 401 452 404 436 409 410 405 388 401 387 401 232 405 233 436"/></Shape>
	    <String CONTENT="La menor palabra, la menor accion, una prenda del vesti-"
                    HPOS="232.0"
                    VPOS="399.0"
                    WIDTH="1086.0"
                    HEIGHT="57.0"></String>
          </TextLine>

          
          
          <TextLine ID="line_8"
                    TAGREFS="LT83"
                    BASELINE="175 483 1318 483" 
                    HPOS="175.0"
                    VPOS="452.0"
                    WIDTH="1143.0"
                    HEIGHT="48.0">
            <Shape><Polygon POINTS="175 483 175 500 1318 499 1318 483 1318 454 175 452 175 483"/></Shape>
	    <String CONTENT="do, cierto modo de cortarse el pelo, cualquier cosa en fin era"
                    HPOS="175.0"
                    VPOS="452.0"
                    WIDTH="1143.0"
                    HEIGHT="48.0"></String>
          </TextLine>

          
          
          <TextLine ID="line_9"
                    TAGREFS="LT83"
                    BASELINE="176 532 1316 532" 
                    HPOS="176.0"
                    VPOS="497.0"
                    WIDTH="1140.0"
                    HEIGHT="57.0">
            <Shape><Polygon POINTS="176 532 176 547 321 554 322 554 406 547 417 547 429 547 535 554 537 554 589 547 592 547 596 547 636 554 637 554 639 554 664 547 665 547 666 547 682 553 684 553 685 553 733 548 833 554 834 554 835 554 852 547 853 547 918 547 922 547 991 554 992 554 1037 547 1038 547 1039 547 1103 554 1105 554 1106 554 1130 547 1131 547 1242 554 1243 554 1316 546 1316 532 1316 507 1260 500 1259 500 1258 500 1239 505 1223 497 1222 497 1221 497 1181 506 948 497 947 497 946 497 911 507 793 507 749 499 748 499 637 506 617 497 616 497 569 497 567 497 566 497 541 507 462 507 424 497 423 497 422 497 398 503 388 497 387 497 386 497 310 497 309 497 308 497 286 507 176 507 176 532"/></Shape>
	    <String CONTENT="causa suficiente para llevar una persona al cadalso, cuando no"
                    HPOS="176.0"
                    VPOS="497.0"
                    WIDTH="1140.0"
                    HEIGHT="57.0"></String>
          </TextLine>

          
          
          <TextLine ID="line_10"
                    TAGREFS="LT83"
                    BASELINE="177 580 990 583" 
                    HPOS="176.0"
                    VPOS="545.0"
                    WIDTH="814.0"
                    HEIGHT="56.0">
            <Shape><Polygon POINTS="176 591 240 599 241 599 243 599 257 593 310 599 311 599 381 593 415 599 416 601 528 601 528 599 530 599 546 593 549 593 575 593 743 601 744 601 988 596 990 583 988 556 939 556 937 554 922 546 921 546 920 546 918 546 917 546 904 554 902 554 867 546 685 546 684 546 682 546 681 546 674 552 669 556 609 556 599 551 586 546 585 546 584 546 557 551 543 553 537 551 525 545 524 545 522 545 495 550 479 554 366 554 356 548 353 547 352 547 350 547 349 547 345 548 328 553 298 548 284 546 283 546 282 546 281 546 278 548 270 553 198 553 179 547 177 580 176 591"/></Shape>
	    <String CONTENT="una simple sospecha ó una infame delacion."
                    HPOS="176.0"
                    VPOS="545.0"
                    WIDTH="814.0"
                    HEIGHT="56.0"></String>
          </TextLine>

          
          
          <TextLine ID="line_11"
                    TAGREFS="LT83"
                    BASELINE="231 630 1316 628" 
                    HPOS="230.0"
                    VPOS="593.0"
                    WIDTH="1086.0"
                    HEIGHT="55.0">
            <Shape><Polygon POINTS="231 630 231 648 1315 641 1316 628 1313 603 1196 603 1194 602 1178 593 1177 593 1176 593 1125 599 1074 595 1073 595 1071 595 1054 601 1050 602 1049 601 1038 593 1037 593 1036 593 956 593 955 593 954 593 935 599 932 601 927 599 896 593 895 593 822 599 770 604 534 604 518 597 511 595 509 595 508 595 507 595 500 597 482 603 473 597 470 595 469 595 468 595 375 595 374 595 364 596 327 603 230 596 231 630"/></Shape>
	    <String CONTENT="La revolucion francesa, como casi todas las revoluciones se"
                    HPOS="230.0"
                    VPOS="593.0"
                    WIDTH="1086.0"
                    HEIGHT="55.0"></String>
          </TextLine>

          
          
          <TextLine ID="line_12"
                    TAGREFS="LT83"
                    BASELINE="177 681 1316 678" 
                    HPOS="176.0"
                    VPOS="643.0"
                    WIDTH="1140.0"
                    HEIGHT="62.0">
            <Shape><Polygon POINTS="177 681 177 705 245 705 246 705 284 693 355 693 405 704 412 705 413 705 430 704 557 692 656 692 687 701 698 704 699 704 700 704 701 704 710 700 731 692 750 699 751 699 752 699 754 699 774 694 807 699 814 700 815 700 816 700 819 699 831 694 857 699 873 701 875 701 876 701 885 699 901 694 916 698 933 703 934 703 935 704 1037 704 1037 703 1074 697 1102 692 1137 695 1177 700 1178 700 1214 694 1234 692 1247 694 1273 700 1274 700 1315 693 1316 678 1312 650 1230 650 1227 650 1196 643 1195 643 1194 643 1192 643 1182 650 1181 652 1092 652 1090 650 1076 643 1075 643 1074 643 1028 650 1026 650 986 643 985 643 935 652 929 652 911 652 754 644 752 644 720 652 704 644 703 644 608 644 607 644 605 644 586 652 513 646 512 646 483 652 466 646 464 646 463 646 374 653 339 646 189 646 188 646 187 646 186 646 176 650 177 681"/></Shape>
	    <String CONTENT="ahogó en sangre. Hizo más que Saturno, pues primero devoró"
                    HPOS="176.0"
                    VPOS="643.0"
                    WIDTH="1140.0"
                    HEIGHT="62.0"></String>
          </TextLine>

          
          
          <TextLine ID="line_13"
                    TAGREFS="LT83"
                    BASELINE="180 729 1198 726" 
                    HPOS="179.0"
                    VPOS="692.0"
                    WIDTH="1019.0"
                    HEIGHT="60.0">
            <Shape><Polygon POINTS="180 729 180 744 273 744 278 745 292 751 294 751 295 751 296 751 297 751 305 745 308 744 384 744 393 745 426 751 428 751 462 745 470 744 473 745 486 751 487 751 488 752 543 752 543 751 544 751 556 745 588 751 589 751 653 745 664 744 666 745 681 751 682 751 684 751 747 744 755 744 762 744 802 750 803 750 831 744 839 743 841 744 850 750 851 750 852 750 853 750 886 744 890 744 901 744 1010 750 1011 750 1198 743 1198 726 1196 703 1119 695 1118 695 1116 695 1115 695 1107 701 1106 703 901 703 896 699 877 692 876 692 841 692 840 692 839 692 818 699 811 701 803 699 787 692 786 692 743 692 742 692 710 698 685 704 640 704 626 698 614 693 613 693 611 693 551 697 494 700 475 697 460 693 458 693 457 693 448 695 426 703 415 695 411 693 410 693 409 693 315 693 314 693 304 694 271 703 252 695 251 695 179 694 180 729"/></Shape>
	    <String CONTENT="á sus padres y despues devoró á sus hijos, uno por uno."
                    HPOS="179.0"
                    VPOS="692.0"
                    WIDTH="1019.0"
                    HEIGHT="60.0"></String>
          </TextLine>

          
          
          <TextLine ID="line_14"
                    TAGREFS="LT83"
                    BASELINE="240 828 1320 826" 
                    HPOS="239.0"
                    VPOS="788.0"
                    WIDTH="1081.0"
                    HEIGHT="56.0">
            <Shape><Polygon POINTS="240 828 240 844 1319 840 1320 826 1318 799 1195 790 1194 790 1192 790 1169 796 1152 789 1151 789 1150 789 1047 796 1030 797 1028 796 1015 788 1013 788 1012 788 934 788 933 788 932 788 917 796 914 797 867 795 779 791 777 791 776 791 768 795 760 799 738 795 724 793 723 793 698 795 654 799 647 794 641 790 640 790 639 790 637 790 636 790 627 794 622 796 618 794 610 789 609 789 608 789 607 789 571 794 538 799 512 794 494 790 493 790 492 790 480 794 461 800 404 800 387 793 377 789 375 789 374 789 239 791 240 828"/></Shape>
	    <String CONTENT="Robespierre, desembarazado de los enemigos que le hacian"
                    HPOS="239.0"
                    VPOS="788.0"
                    WIDTH="1081.0"
                    HEIGHT="56.0"></String>
          </TextLine>

          
          
          <TextLine ID="line_15"
                    TAGREFS="LT83"
                    BASELINE="182 874 1322 874" 
                    HPOS="182.0"
                    VPOS="839.0"
                    WIDTH="1140.0"
                    HEIGHT="57.0">
            <Shape><Polygon POINTS="182 874 182 889 203 896 205 896 206 896 239 890 337 896 339 896 399 890 428 896 429 896 430 896 455 890 482 896 483 896 599 890 699 896 700 896 1322 889 1322 874 1320 842 1216 847 1194 842 1178 839 1105 839 1103 839 1102 839 1092 842 1080 847 1071 842 1064 839 1063 839 1062 839 1061 839 1050 842 1038 848 978 848 954 842 930 839 929 839 928 839 917 844 907 847 899 844 895 840 894 840 892 840 891 840 856 844 837 845 819 844 773 839 771 839 750 844 735 847 719 844 698 839 697 839 696 839 679 844 667 848 582 848 575 844 564 839 563 839 525 839 524 839 522 839 507 845 498 847 481 845 454 840 452 840 451 840 437 845 431 847 297 847 284 845 250 839 249 839 247 839 234 845 230 847 182 846 182 874"/></Shape>
	    <String CONTENT="sombra, muertos todos en el cadalso, pudo por fin gobernar á"
                    HPOS="182.0"
                    VPOS="839.0"
                    WIDTH="1140.0"
                    HEIGHT="57.0"></String>
          </TextLine>

          
          
          <TextLine ID="line_16"
                    TAGREFS="LT83"
                    BASELINE="184 923 908 925" 
                    HPOS="183.0"
                    VPOS="887.0"
                    WIDTH="725.0"
                    HEIGHT="59.0">
            <Shape><Polygon POINTS="184 923 183 940 342 937 355 941 369 944 371 944 372 946 483 946 483 944 511 940 526 937 531 940 535 943 537 943 538 943 539 943 607 940 628 938 640 940 700 946 701 946 770 938 775 938 779 938 818 946 819 946 820 946 821 946 832 938 833 938 873 946 875 946 876 946 877 946 877 944 884 938 907 938 908 925 907 899 885 899 885 898 872 889 871 889 870 889 869 889 867 889 850 898 831 889 830 889 828 889 827 889 803 895 771 889 770 889 769 889 768 889 758 897 756 899 725 899 723 897 711 889 710 889 709 889 707 889 652 890 650 890 649 890 641 896 637 898 632 896 611 889 610 889 609 889 608 889 590 896 583 898 576 896 564 891 563 891 562 891 540 895 531 897 525 895 506 887 505 887 484 887 483 887 482 887 481 887 473 895 470 897 462 895 441 887 439 887 438 887 410 893 396 897 337 897 332 893 326 889 324 889 323 889 322 889 321 889 305 893 303 893 297 887 296 887 295 887 294 887 247 890 246 890 245 890 243 892 237 897 222 892 213 889 212 889 211 889 184 891 184 923"/></Shape>
	    <String CONTENT="sus anchas solo, durante algun tiempo."
                    HPOS="183.0"
                    VPOS="887.0"
                    WIDTH="725.0"
                    HEIGHT="59.0"></String>
          </TextLine>

          
          
          <TextLine ID="line_17"
                    TAGREFS="LT83"
                    BASELINE="241 972 1323 974" 
                    HPOS="240.0"
                    VPOS="934.0"
                    WIDTH="1083.0"
                    HEIGHT="59.0">
            <Shape><Polygon POINTS="241 972 240 984 263 992 264 992 265 992 594 987 693 986 739 988 822 993 824 993 871 989 903 987 974 991 1036 993 1037 993 1057 991 1092 987 1181 992 1204 993 1205 993 1207 993 1209 992 1223 987 1249 993 1253 993 1254 993 1260 993 1301 987 1319 993 1323 974 1320 936 1275 946 1160 946 1138 937 1137 937 1135 937 1057 944 1028 936 1026 936 1025 936 1024 936 997 944 920 936 918 936 917 936 916 936 903 944 873 938 872 938 833 944 813 936 812 936 811 936 756 943 725 935 724 935 723 935 722 935 688 943 643 943 628 935 627 935 626 935 575 944 412 944 368 935 241 934 241 972"/></Shape>
	    <String CONTENT="Grandes eran sus dotes de energia é inteligencia para el"
                    HPOS="240.0"
                    VPOS="934.0"
                    WIDTH="1083.0"
                    HEIGHT="59.0"></String>
          </TextLine>

          
          
          <TextLine ID="line_18"
                    TAGREFS="LT83"
                    BASELINE="183 1024 1324 1021" 
                    HPOS="182.0"
                    VPOS="988.0"
                    WIDTH="1142.0"
                    HEIGHT="56.0">
            <Shape><Polygon POINTS="183 1024 184 1044 201 1037 270 1037 282 1043 282 1044 283 1044 284 1044 285 1044 315 1043 451 1037 468 1042 475 1044 476 1044 477 1044 493 1042 522 1037 613 1040 691 1044 692 1044 723 1040 754 1036 774 1039 793 1043 794 1043 820 1039 844 1036 894 1038 966 1043 967 1043 997 1038 1011 1036 1024 1037 1060 1043 1061 1043 1062 1043 1084 1037 1092 1036 1101 1037 1139 1043 1140 1043 1323 1034 1324 1021 1320 989 991 995 967 992 943 988 942 988 941 988 929 992 920 995 913 992 903 988 902 988 756 988 755 988 754 988 752 988 745 994 741 997 713 994 671 989 669 989 642 994 630 997 627 994 620 989 618 989 617 989 567 989 566 989 539 995 532 998 416 998 413 997 392 989 391 989 390 989 388 989 371 997 371 998 327 998 305 998 269 989 267 989 182 998 183 1024"/></Shape>
	    <String CONTENT="mando; pero no poseía las demás vírtudes necesarias para do-"
                    HPOS="182.0"
                    VPOS="988.0"
                    WIDTH="1142.0"
                    HEIGHT="56.0"></String>
          </TextLine>

          
          
          <TextLine ID="line_19"
                    TAGREFS="LT83"
                    BASELINE="186 1072 1262 1072" 
                    HPOS="186.0"
                    VPOS="1038.0"
                    WIDTH="1076.0"
                    HEIGHT="50.0">
            <Shape><Polygon POINTS="186 1072 186 1087 1260 1088 1262 1072 1261 1046 1228 1038 1227 1038 1105 1045 1100 1045 1099 1045 1088 1038 1087 1038 1086 1038 1047 1038 1045 1038 1044 1038 1043 1038 1031 1045 1029 1045 992 1038 991 1038 990 1038 965 1045 962 1045 960 1045 936 1038 935 1038 934 1038 933 1038 916 1045 914 1045 910 1045 878 1038 877 1038 825 1044 815 1045 811 1044 786 1038 784 1038 783 1038 733 1044 720 1046 649 1046 643 1044 626 1038 624 1038 623 1038 622 1038 604 1044 598 1046 450 1046 444 1043 432 1038 431 1038 430 1038 400 1043 385 1045 186 1043 186 1072"/></Shape>
	    <String CONTENT="minar una situacion como aquella, erizada de dificultades."
                    HPOS="186.0"
                    VPOS="1038.0"
                    WIDTH="1076.0"
                    HEIGHT="50.0"></String>
          </TextLine>

          
          
          <TextLine ID="line_20"
                    TAGREFS="LT83"
                    BASELINE="244 1123 1319 1120" 
                    HPOS="243.0"
                    VPOS="1083.0"
                    WIDTH="1076.0"
                    HEIGHT="59.0">
            <Shape><Polygon POINTS="244 1123 244 1138 332 1135 362 1139 398 1142 399 1142 400 1142 401 1142 407 1139 413 1135 451 1139 469 1140 470 1140 534 1139 733 1134 769 1139 776 1140 777 1140 779 1140 781 1139 796 1134 818 1140 825 1141 826 1141 827 1141 841 1140 881 1134 889 1140 890 1141 891 1141 892 1141 894 1141 904 1140 928 1135 949 1140 958 1141 959 1141 968 1140 998 1134 1082 1140 1088 1140 1089 1140 1090 1140 1107 1134 1125 1140 1126 1140 1127 1141 1318 1141 1319 1120 1317 1093 1214 1093 1211 1091 1179 1084 1178 1084 1177 1084 1159 1091 1158 1091 1156 1091 1135 1083 1134 1083 1133 1083 1038 1090 1020 1091 1012 1090 977 1083 975 1083 974 1083 961 1090 956 1093 939 1090 902 1084 901 1084 899 1084 879 1089 866 1093 796 1089 723 1085 722 1085 720 1085 707 1089 696 1091 685 1089 672 1084 671 1084 669 1084 668 1084 660 1088 650 1094 599 1095 538 1095 520 1088 514 1085 513 1085 512 1085 500 1088 467 1095 419 1095 403 1087 399 1085 398 1085 397 1085 385 1087 342 1094 318 1087 315 1085 314 1085 313 1085 243 1085 244 1123"/></Shape>
	    <String CONTENT="Robespierre fué acusado á su vez de traidor y de tirano, y"
                    HPOS="243.0"
                    VPOS="1083.0"
                    WIDTH="1076.0"
                    HEIGHT="59.0"></String>
          </TextLine>

          
          
          <TextLine ID="line_21"
                    TAGREFS="LT83"
                    BASELINE="188 1171 1326 1171" 
                    HPOS="188.0"
                    VPOS="1134.0"
                    WIDTH="1138.0"
                    HEIGHT="58.0">
            <Shape><Polygon POINTS="188 1171 188 1192 286 1185 399 1192 412 1192 413 1192 415 1192 416 1192 432 1185 486 1185 503 1191 506 1192 507 1192 508 1192 509 1192 512 1191 531 1185 635 1191 646 1191 647 1191 662 1191 767 1186 786 1190 795 1192 796 1192 824 1190 881 1185 907 1190 922 1192 923 1192 943 1190 968 1186 974 1190 980 1192 981 1192 982 1192 1326 1187 1326 1171 1326 1142 1248 1142 1247 1141 1230 1134 1229 1134 1228 1134 1196 1141 1192 1141 1170 1141 1024 1134 1023 1134 990 1139 975 1141 959 1139 929 1135 928 1135 927 1135 926 1135 921 1139 916 1142 764 1142 756 1138 749 1134 748 1134 747 1134 745 1134 738 1138 731 1141 712 1138 700 1135 699 1135 698 1135 692 1138 681 1142 575 1142 564 1136 559 1134 558 1134 557 1134 556 1134 551 1136 541 1141 502 1135 487 1134 486 1134 451 1135 359 1140 347 1134 346 1134 345 1134 343 1134 335 1134 277 1141 267 1135 266 1135 265 1135 188 1134 188 1171"/></Shape>
	    <String CONTENT="fué tal vez de todos los revolucionarios el más temido y el más"
                    HPOS="188.0"
                    VPOS="1134.0"
                    WIDTH="1138.0"
                    HEIGHT="58.0"></String>
          </TextLine>

          
          
          <TextLine ID="line_22"
                    TAGREFS="LT83"
                    BASELINE="187 1218 334 1221" 
                    HPOS="186.0"
                    VPOS="1180.0"
                    WIDTH="148.0"
                    HEIGHT="56.0">
            <Shape><Polygon POINTS="187 1218 186 1229 263 1236 264 1236 333 1230 334 1221 334 1196 235 1180 234 1180 187 1189 187 1218"/></Shape>
	    <String CONTENT="odiado."
                    HPOS="186.0"
                    VPOS="1180.0"
                    WIDTH="148.0"
                    HEIGHT="56.0"></String>
          </TextLine>

          
          
          <TextLine ID="line_23"
                    TAGREFS="LT83"
                    BASELINE="245 1270 1330 1267" 
                    HPOS="244.0"
                    VPOS="1227.0"
                    WIDTH="1086.0"
                    HEIGHT="62.0">
            <Shape><Polygon POINTS="245 1270 245 1289 1120 1289 1120 1288 1125 1288 1152 1282 1177 1288 1182 1288 1183 1288 1329 1287 1330 1267 1328 1240 1245 1232 1243 1232 1242 1232 1226 1240 1128 1240 1112 1230 1111 1230 1109 1230 1108 1230 1090 1240 1050 1240 1007 1227 1006 1227 1005 1227 942 1228 941 1228 905 1240 904 1240 903 1240 869 1232 867 1232 866 1232 841 1240 840 1240 839 1240 783 1231 782 1231 781 1231 754 1238 719 1232 718 1232 717 1232 701 1240 701 1241 632 1241 632 1240 578 1229 577 1229 513 1236 502 1229 501 1229 500 1229 369 1229 368 1229 367 1229 347 1235 265 1229 264 1229 263 1229 244 1238 245 1270"/></Shape>
	    <String CONTENT="Sabiendo el fin que le esperaba quiso matarse de un písto-"
                    HPOS="244.0"
                    VPOS="1227.0"
                    WIDTH="1086.0"
                    HEIGHT="62.0"></String>
          </TextLine>

          
          
          <TextLine ID="line_24"
                    TAGREFS="LT83"
                    BASELINE="190 1317 1330 1319" 
                    HPOS="190.0"
                    VPOS="1281.0"
                    WIDTH="1140.0"
                    HEIGHT="55.0">
            <Shape><Polygon POINTS="190 1317 190 1336 1329 1333 1330 1319 1329 1288 1252 1282 1250 1282 1208 1287 1173 1291 1164 1287 1153 1282 1152 1282 1151 1282 1150 1282 1139 1287 1132 1291 1054 1291 1036 1286 1023 1282 1022 1282 927 1282 926 1282 924 1282 918 1285 908 1291 830 1291 820 1285 819 1283 818 1283 816 1283 815 1283 794 1285 704 1289 684 1283 682 1283 681 1283 680 1283 666 1283 513 1289 467 1283 466 1283 417 1289 345 1281 336 1281 335 1281 334 1281 333 1281 320 1289 267 1289 247 1281 246 1281 190 1281 190 1317"/></Shape>
	    <String CONTENT="letazo al ser preso; pero solo consiguió destrozarse la mandí-"
                    HPOS="190.0"
                    VPOS="1281.0"
                    WIDTH="1140.0"
                    HEIGHT="55.0"></String>
          </TextLine>

          
          
          <TextLine ID="line_25"
                    TAGREFS="LT83"
                    BASELINE="190 1365 1331 1370" 
                    HPOS="190.0"
                    VPOS="1330.0"
                    WIDTH="1141.0"
                    HEIGHT="59.0">
            <Shape><Polygon POINTS="190 1365 190 1384 349 1378 379 1384 387 1385 388 1385 399 1384 437 1378 463 1384 476 1387 477 1387 565 1384 682 1379 692 1383 700 1387 701 1387 703 1387 803 1383 869 1381 886 1383 926 1388 927 1388 980 1382 1001 1381 1029 1382 1124 1389 1125 1389 1126 1389 1141 1382 1143 1382 1330 1382 1331 1370 1330 1338 1178 1342 1158 1336 1152 1334 1151 1334 1150 1334 1149 1334 1144 1336 1127 1342 1094 1336 1084 1334 1083 1334 1076 1336 1048 1342 1012 1336 1000 1333 999 1333 986 1334 952 1340 941 1334 940 1333 939 1333 937 1333 936 1333 903 1334 793 1339 774 1333 773 1333 771 1333 770 1333 761 1333 658 1339 615 1332 611 1332 610 1332 609 1332 608 1332 595 1339 526 1333 525 1333 479 1339 441 1331 438 1331 437 1331 430 1331 328 1338 316 1331 315 1331 314 1331 313 1331 269 1338 258 1331 257 1331 256 1331 190 1330 190 1365"/></Shape>
	    <String CONTENT="bula, de modo que quedó sin poder hablar. Durante la carrera"
                    HPOS="190.0"
                    VPOS="1330.0"
                    WIDTH="1141.0"
                    HEIGHT="59.0"></String>
          </TextLine>

          
          
          <TextLine ID="line_26"
                    TAGREFS="LT83"
                    BASELINE="189 1414 1331 1420" 
                    HPOS="188.0"
                    VPOS="1383.0"
                    WIDTH="1143.0"
                    HEIGHT="53.0">
            <Shape><Polygon POINTS="189 1414 188 1432 1329 1436 1331 1420 1330 1389 189 1383 189 1414"/></Shape>
	    <String CONTENT="del cadalso, Robespierre iba con la cabeza vendada y chorrean-"
                    HPOS="188.0"
                    VPOS="1383.0"
                    WIDTH="1143.0"
                    HEIGHT="53.0"></String>
          </TextLine>

          
          
          <TextLine ID="line_27"
                    TAGREFS="LT83"
                    BASELINE="192 1464 1330 1471" 
                    HPOS="190.0"
                    VPOS="1428.0"
                    WIDTH="1140.0"
                    HEIGHT="62.0">
            <Shape><Polygon POINTS="192 1464 190 1480 469 1478 477 1481 483 1485 484 1485 486 1485 506 1481 532 1478 552 1481 572 1486 573 1487 617 1487 617 1486 618 1486 620 1486 626 1481 632 1479 706 1481 806 1486 807 1486 808 1486 822 1481 830 1480 949 1480 959 1481 987 1489 988 1489 1105 1483 1182 1490 1183 1490 1329 1481 1330 1471 1329 1444 1262 1436 1261 1436 1260 1436 1248 1441 1234 1434 1233 1434 1139 1434 1138 1434 1137 1434 1116 1441 1115 1441 1113 1441 1060 1433 1058 1433 990 1440 977 1441 972 1440 946 1432 945 1432 943 1432 910 1440 907 1440 902 1440 859 1432 760 1430 758 1430 717 1438 711 1439 706 1438 684 1432 682 1432 681 1432 680 1432 667 1438 664 1440 572 1440 563 1436 535 1429 534 1429 533 1429 532 1429 518 1436 514 1439 430 1439 417 1435 380 1428 379 1428 316 1434 294 1438 243 1438 234 1434 219 1428 218 1428 216 1428 192 1433 192 1464"/></Shape>
	    <String CONTENT="do sangre, de suerte que no se le veía más que la mitad de su"
                    HPOS="190.0"
                    VPOS="1428.0"
                    WIDTH="1140.0"
                    HEIGHT="62.0"></String>
          </TextLine>

          
          
          <TextLine ID="line_28"
                    TAGREFS="LT83"
                    BASELINE="193 1513 1331 1518" 
                    HPOS="192.0"
                    VPOS="1476.0"
                    WIDTH="1139.0"
                    HEIGHT="58.0">
            <Shape><Polygon POINTS="192 1528 1329 1534 1331 1518 1329 1486 1262 1487 1256 1485 1246 1480 1245 1480 1243 1480 1242 1480 1241 1480 1235 1485 1229 1487 1175 1484 1125 1481 1124 1481 1105 1484 1074 1487 1055 1483 1043 1480 1042 1480 1041 1480 1025 1483 1006 1486 988 1483 972 1479 971 1479 953 1483 929 1486 897 1481 877 1479 876 1479 864 1481 839 1486 756 1480 703 1477 701 1477 684 1479 655 1485 640 1479 633 1477 632 1477 630 1477 614 1479 589 1483 496 1478 444 1476 340 1476 339 1476 333 1477 299 1484 271 1476 269 1476 267 1476 266 1476 263 1476 224 1484 194 1476 193 1513 192 1528"/></Shape>
	    <String CONTENT="rostro pálido y lívido. Cuando hubo llegado al cadalso desa-"
                    HPOS="192.0"
                    VPOS="1476.0"
                    WIDTH="1139.0"
                    HEIGHT="58.0"></String>
          </TextLine>

          
          
          <TextLine ID="line_29"
                    TAGREFS="LT83"
                    BASELINE="193 1562 1337 1568" 
                    HPOS="193.0"
                    VPOS="1524.0"
                    WIDTH="1144.0"
                    HEIGHT="64.0">
            <Shape><Polygon POINTS="1337 1540 1229 1530 1228 1530 1175 1537 1160 1538 1149 1536 1111 1529 1109 1529 1108 1529 1095 1536 1094 1536 1090 1536 1063 1531 1062 1531 1032 1535 1013 1538 959 1538 950 1534 943 1530 942 1530 941 1530 920 1534 903 1536 889 1534 869 1529 867 1529 866 1529 854 1532 844 1536 835 1532 826 1528 825 1528 824 1528 822 1528 807 1532 796 1535 784 1531 769 1528 768 1528 639 1528 637 1528 624 1530 595 1535 583 1529 577 1526 576 1526 575 1526 552 1529 495 1535 449 1528 442 1526 441 1526 436 1526 407 1534 309 1528 308 1528 222 1534 194 1524 193 1562 193 1582 241 1577 265 1582 270 1583 271 1583 277 1582 314 1575 380 1575 418 1582 430 1585 431 1585 432 1585 438 1582 450 1577 476 1582 489 1585 490 1585 492 1585 496 1582 508 1576 617 1576 639 1582 650 1586 652 1586 653 1587 773 1587 773 1586 774 1586 787 1582 803 1577 898 1577 910 1582 922 1586 923 1586 924 1586 943 1582 949 1581 952 1582 964 1587 965 1587 966 1587 1051 1582 1071 1581 1077 1582 1109 1588 1111 1588 1175 1582 1176 1582 1306 1588 1307 1588 1336 1581 1337 1568 1337 1540"/></Shape>
	    <String CONTENT="taron los verdugos el vendaje que sostenia su mandíbula infe-"
                    HPOS="193.0"
                    VPOS="1524.0"
                    WIDTH="1144.0"
                    HEIGHT="64.0"></String>
          </TextLine>

          
          
          <TextLine ID="line_30"
                    TAGREFS="LT83"
                    BASELINE="193 1611 1333 1618" 
                    HPOS="192.0"
                    VPOS="1575.0"
                    WIDTH="1141.0"
                    HEIGHT="64.0">
            <Shape><Polygon POINTS="193 1611 192 1628 199 1633 200 1633 201 1633 202 1633 254 1627 263 1633 264 1633 265 1633 406 1634 407 1634 460 1628 490 1626 500 1630 511 1633 512 1633 513 1633 577 1631 649 1627 660 1632 671 1636 672 1636 673 1636 737 1632 815 1628 826 1633 833 1637 834 1637 835 1637 888 1634 975 1630 992 1636 999 1638 1000 1638 1001 1638 1003 1638 1009 1636 1025 1630 1094 1630 1107 1637 1108 1638 1109 1638 1111 1638 1112 1638 1121 1637 1166 1631 1192 1638 1197 1639 1198 1639 1199 1639 1215 1638 1286 1632 1331 1639 1333 1618 1333 1591 1310 1581 1309 1581 1307 1581 1271 1589 1271 1591 1145 1591 1143 1589 1119 1580 1118 1580 1083 1580 1082 1580 1081 1580 1065 1588 1064 1589 958 1589 954 1587 930 1579 929 1579 745 1579 744 1579 699 1586 694 1586 690 1586 650 1577 649 1577 615 1585 610 1586 608 1585 595 1577 594 1577 592 1577 560 1582 538 1576 537 1576 535 1576 501 1585 498 1585 493 1583 460 1576 383 1575 381 1575 324 1582 315 1585 247 1585 241 1582 224 1576 222 1576 221 1576 193 1581 193 1611"/></Shape>
	    <String CONTENT="rior, y al arrancárselo le causó tal dolor que dió un agudo"
                    HPOS="192.0"
                    VPOS="1575.0"
                    WIDTH="1141.0"
                    HEIGHT="64.0"></String>
          </TextLine>

          
          
          <TextLine ID="line_31"
                    TAGREFS="LT83"
                    BASELINE="195 1662 315 1662" 
                    HPOS="195.0"
                    VPOS="1621.0"
                    WIDTH="120.0"
                    HEIGHT="58.0">
            <Shape><Polygon POINTS="195 1662 195 1679 315 1672 315 1662 315 1631 231 1621 230 1621 228 1621 195 1630 195 1662"/></Shape>
	    <String CONTENT="grito."
                    HPOS="195.0"
                    VPOS="1621.0"
                    WIDTH="120.0"
                    HEIGHT="58.0"></String>
          </TextLine>

          
          
          <TextLine ID="line_32"
                    TAGREFS="LT83"
                    BASELINE="256 1709 1336 1716" 
                    HPOS="254.0"
                    VPOS="1670.0"
                    WIDTH="1082.0"
                    HEIGHT="64.0">
            <Shape><Polygon POINTS="256 1709 254 1721 1333 1734 1336 1716 1333 1685 1217 1685 1203 1683 1172 1677 1171 1677 1170 1677 1159 1682 1157 1684 1153 1682 1141 1676 1140 1676 1139 1676 1138 1676 1124 1682 1118 1684 1076 1681 1011 1676 1010 1676 926 1679 820 1683 795 1677 783 1675 782 1675 769 1677 749 1681 741 1676 735 1674 733 1674 732 1674 698 1676 617 1682 604 1675 602 1672 601 1672 599 1672 598 1672 589 1675 560 1681 531 1674 530 1674 528 1674 527 1674 490 1681 443 1672 435 1671 433 1671 426 1672 375 1679 256 1670 256 1709"/></Shape>
	    <String CONTENT="Este hombre, á quien sus enemigos habian pintado siem-"
                    HPOS="254.0"
                    VPOS="1670.0"
                    WIDTH="1082.0"
                    HEIGHT="64.0"></String>
          </TextLine>

          
          
          <TextLine ID="line_33"
                    TAGREFS="LT83"
                    BASELINE="195 1759 780 1759 1339 1766" 
                    HPOS="195.0"
                    VPOS="1721.0"
                    WIDTH="1144.0"
                    HEIGHT="60.0">
            <Shape><Polygon POINTS="195 1759 195 1777 311 1777 311 1775 313 1775 333 1770 388 1775 398 1777 399 1778 516 1778 516 1777 518 1777 519 1777 519 1775 528 1771 599 1775 629 1778 630 1778 667 1775 741 1772 748 1775 752 1779 754 1779 755 1779 756 1779 788 1775 820 1773 904 1775 1017 1780 1018 1780 1056 1775 1075 1774 1094 1775 1145 1781 1146 1781 1338 1775 1339 1766 1339 1732 1329 1726 1328 1726 1326 1726 1239 1726 1237 1726 1236 1726 1216 1733 1208 1735 1132 1735 1127 1733 1111 1724 1109 1724 1108 1724 1075 1732 1065 1735 993 1735 988 1732 978 1724 977 1724 975 1724 939 1723 937 1723 936 1723 914 1732 913 1732 879 1723 878 1723 877 1723 876 1723 849 1732 843 1734 792 1734 788 1732 770 1723 769 1723 768 1723 767 1723 739 1732 737 1733 671 1733 660 1732 558 1721 385 1721 384 1721 383 1721 359 1730 289 1730 269 1722 267 1722 266 1722 195 1729 195 1759"/></Shape>
	    <String CONTENT="pre como tímido y cobarde; conservó su firmeza hasta el últi-"
                    HPOS="195.0"
                    VPOS="1721.0"
                    WIDTH="1144.0"
                    HEIGHT="60.0"></String>
          </TextLine>

          
          
          <TextLine ID="line_34"
                    TAGREFS="LT83"
                    BASELINE="194 1804 1339 1816" 
                    HPOS="193.0"
                    VPOS="1771.0"
                    WIDTH="1146.0"
                    HEIGHT="60.0">
            <Shape><Polygon POINTS="194 1804 193 1816 207 1823 208 1823 209 1823 238 1818 353 1824 354 1824 355 1824 375 1818 378 1818 383 1818 431 1825 432 1825 576 1821 602 1821 610 1822 652 1828 653 1828 716 1823 732 1822 739 1823 767 1829 768 1829 769 1829 781 1823 783 1823 864 1823 869 1824 881 1830 882 1830 883 1830 932 1825 949 1824 971 1826 1010 1830 1011 1831 1338 1831 1339 1816 1338 1785 1140 1777 1139 1777 1138 1777 1119 1783 1113 1784 1107 1783 1086 1775 1084 1775 1083 1775 1016 1781 997 1783 994 1781 981 1774 980 1774 979 1774 916 1780 903 1781 894 1780 852 1773 783 1773 782 1773 781 1773 769 1779 767 1780 747 1779 652 1771 650 1771 569 1777 567 1777 194 1774 194 1804"/></Shape>
	    <String CONTENT="mo momento, y cayó bajo la cuchilla, sin haber hecho la más"
                    HPOS="193.0"
                    VPOS="1771.0"
                    WIDTH="1146.0"
                    HEIGHT="60.0"></String>
          </TextLine>

          
          
          <TextLine ID="line_35"
                    TAGREFS="LT83"
                    BASELINE="195 1853 754 1856" 
                    HPOS="194.0"
                    VPOS="1818.0"
                    WIDTH="560.0"
                    HEIGHT="61.0">
            <Shape><Polygon POINTS="195 1853 194 1870 336 1868 343 1874 345 1875 346 1875 347 1875 348 1875 356 1874 386 1868 418 1874 430 1876 431 1876 432 1876 436 1875 450 1868 562 1868 579 1876 581 1876 582 1876 583 1876 584 1876 585 1876 597 1869 610 1876 613 1877 614 1877 615 1879 698 1879 698 1877 699 1877 700 1877 726 1869 750 1877 754 1856 752 1831 728 1831 726 1830 713 1821 712 1821 711 1821 710 1821 709 1821 707 1821 694 1829 692 1831 639 1831 620 1828 567 1819 566 1819 565 1819 546 1825 537 1829 513 1825 479 1819 477 1819 476 1819 475 1819 475 1821 470 1824 464 1830 428 1830 415 1823 406 1819 405 1819 404 1819 403 1819 396 1823 381 1829 327 1829 310 1821 304 1818 303 1818 302 1818 291 1819 269 1824 243 1819 238 1818 237 1818 235 1818 234 1818 227 1824 195 1818 195 1853"/></Shape>
	    <String CONTENT="leve demostracion de espanto."
                    HPOS="194.0"
                    VPOS="1818.0"
                    WIDTH="560.0"
                    HEIGHT="61.0"></String>
          </TextLine>

          
          
          <TextLine ID="line_36"
                    TAGREFS="LT83"
                    BASELINE="257 1904 1344 1913" 
                    HPOS="256.0"
                    VPOS="1863.0"
                    WIDTH="1088.0"
                    HEIGHT="75.0">
            <Shape><Polygon POINTS="257 1904 256 1927 328 1924 425 1930 443 1931 444 1931 445 1931 447 1931 464 1920 489 1920 522 1931 527 1932 528 1932 530 1932 546 1931 633 1922 646 1931 647 1931 648 1931 649 1931 687 1922 726 1928 728 1928 792 1922 818 1932 819 1932 820 1932 821 1932 844 1924 886 1924 903 1931 904 1931 905 1931 962 1925 1004 1934 1013 1936 1015 1936 1023 1934 1057 1926 1074 1934 1075 1934 1076 1934 1080 1934 1132 1926 1140 1932 1141 1932 1143 1932 1144 1932 1277 1928 1299 1936 1306 1938 1307 1938 1309 1938 1343 1936 1344 1913 1341 1874 1318 1881 1253 1881 1228 1873 1216 1870 1215 1870 1214 1870 1213 1870 1203 1873 1184 1879 1099 1873 1088 1873 1087 1873 1070 1873 952 1877 939 1873 933 1870 932 1870 930 1870 910 1873 878 1876 869 1873 858 1868 857 1868 790 1867 789 1867 757 1873 737 1875 711 1871 668 1867 667 1867 637 1871 624 1874 621 1871 614 1867 613 1867 611 1867 511 1864 509 1864 508 1864 488 1871 487 1871 482 1871 400 1863 399 1863 257 1870 257 1904"/></Shape>
	    <String CONTENT="Al ser conducido al cadalso Robespierre, pasó el fúnebre"
                    HPOS="256.0"
                    VPOS="1863.0"
                    WIDTH="1088.0"
                    HEIGHT="75.0"></String>
          </TextLine>

          
        </TextBlock>
        

        
      </PrintSpace>
    </Page>
  </Layout>
</alto>
