1530 2103
703.0 65.0 138.0 49.0 —9—

202.0 121.0 1138.0 72.0 de haberle mal aconsejado, era inmenso. El movimiento de

201.0 170.0 1140.0 76.0 París se comunicó á todas las provincias, organizándose muni-

201.0 218.0 1137.0 72.0 cipalidades para regirse y guardias nacionales para defenderse.

262.0 261.0 1078.0 80.0 La Asamblea nacional decretó en 4 de Agosto la abolicion

202.0 311.0 1138.0 80.0 de todas las reliquias de feudalismo, de todos los privilegios

205.0 361.0 1139.0 80.0 personales, encontrándose así establecida la igualdad de los

204.0 415.0 1138.0 72.0 ciudadanos, y asumió tambien para sí el voto que antes era

206.0 480.0 468.0 58.0 anexo á la dignidad real.

268.0 507.0 1077.0 81.0 La situacion del rey era terrible. Dos planes se le presenta-

209.0 559.0 1137.0 78.0 ban: consistia el uno en retirarse á Lorena y comenzar la guer-

210.0 609.0 1136.0 79.0 ra con las tropas francesas que le habian permanecido adictas;

211.0 660.0 1139.0 76.0 el otro obrar con ayuda de los extranjeros, cuyos gobiernos es-

212.0 709.0 1139.0 78.0 taban espantados de la revolucion francesa, que temian se hi-

213.0 753.0 1140.0 84.0 ciese europea. Animadas por los nobles emigrados y acallando

218.0 802.0 1134.0 82.0 sus resentimientos personales, las viejas monarquías se coali-

222.0 872.0 457.0 62.0 garon contra la Francia.

296.0 1747.0 1080.0 70.0 A pesar de los ofrecimientos de las naciones coaligadas, el

239.0 1791.0 1136.0 77.0 rey prefirió fugarse de París en la noche del 21 de Julio; pero

239.0 1844.0 1139.0 68.0 detenido el 22 en Varennes, el 25 volvia á entrar cautivo en

238.0 1904.0 245.0 63.0 las Tullerías.
