1529 2103
696.0 35.0 61.0 63.0 —8—

212.0 122.0 1076.0 43.0 El dia 12 era el pueblo dueño de todo París, retirándose las

153.0 158.0 1137.0 56.0 tropas impotentes para luchar contra todo un pueblo levanta-

150.0 206.0 1139.0 59.0 do en masa. El 13 discutióse en el Club del Palacio Real si se

151.0 253.0 1139.0 62.0 tomaria ó no el fuerte de la Bastilla, y habiendo acordado que

153.0 306.0 749.0 57.0 sí, el 14 de Julio fué tomado y demolido.

210.0 351.0 1080.0 62.0 Era la Bastilla una formidable y antiquísima fortaleza que

153.0 408.0 1138.0 53.0 servia á la vez de prision, y en la que no pocos infelices ha-

153.0 453.0 1137.0 56.0 bian sucumbido sin formacion de causa. El pueblo la odiaba

151.0 502.0 1138.0 57.0 porque veía en ella la representacion de la tiranía y la tomó

153.0 550.0 1136.0 57.0 y demolió con verdadera fruicion. De tanta importancia se con-

150.0 599.0 1137.0 57.0 sideró la toma de la Bastilla para el triunfo definitivo de aque-

153.0 651.0 1135.0 58.0 lla revolucion, que hoy, despues de un siglo, se ha proclama-

150.0 697.0 1137.0 60.0 do la fecha del 14 de Julio, en que aquella tuvo lugar, como

150.0 747.0 1137.0 63.0 fiesta nacional en Francia, para conmemorar aquel importante

149.0 797.0 296.0 59.0 acontecimiento.

206.0 938.0 1081.0 63.0 Despues de la victoria del pueblo, deliberó la córte indu-

144.0 990.0 1139.0 62.0 ciéndole los nobles á la guerra; pero el rey, lleno de espanto,

144.0 1040.0 1143.0 60.0 creyó que debia esperar. La mayoría de la nobleza, vista la

144.0 1091.0 1141.0 56.0 aetitud del rey, empezó á emigrar para volver mas tarde sir-

146.0 1139.0 1141.0 59.0 viendo de vanguardia á las tropas de la coalicion, impeliendo

143.0 1185.0 1141.0 61.0 á la revolucion á las medidas mas violentas, irritándola con

147.0 1237.0 726.0 58.0 sus ataques abiertos ó manejos secretos.

203.0 1282.0 1081.0 61.0 Al tener noticia de la toma de la Bastilla, exclamó aquel

146.0 1328.0 211.0 66.0 infeliz rey:

211.0 1383.0 532.0 58.0 —¿Eso es, pues, un alboroto?

210.0 1427.0 1078.0 69.0 —No señor; es una revolucion—respondió el duque de Larro-

144.0 1473.0 220.0 63.0 chefaucald.

201.0 1529.0 1079.0 63.0 Conociendo el rey los inconvenientes de la resistencia, y

143.0 1573.0 1145.0 69.0 mudando de condueta, se presentó á la Asamblea, protestando

143.0 1626.0 1144.0 64.0 de sus buenos sentimientos. Llamó de nuevo á Neker, confir-

146.0 1676.0 1139.0 62.0 mó los actos del ayuntamiento y la creacion de la guardia na-

146.0 1724.0 1138.0 61.0 cional. Pero esto de ningun modo podia atajar la revolucion.

148.0 1772.0 1137.0 64.0 El mar revolucionario estaba agitado, y la toma de la Bastilla

146.0 1817.0 1141.0 71.0 fué la formidable oleada que lo invadió todo. El ódio del pue-

144.0 1870.0 1143.0 68.0 blo contra los nobles, que habian abandonado al rey despues
