1531 2123
730.0 70.0 119.0 48.0 —15—

200.0 162.0 1142.0 30.0 do durante las matanzas. Aquel terrible acontecimiento esta-

201.0 188.0 1141.0 52.0 ba en la fuerza de las cosas y en el espíritu de los hombres. No

202.0 233.0 1139.0 60.0 hay trastorno político sin furor popular; no hay peligro para

200.0 275.0 1042.0 59.0 el pueblo desencadenado, sin desórdenes y sin violencia.

263.0 336.0 1075.0 49.0 »Los prusianos invadian el territorio; antes de acudir con-

198.0 378.0 1136.0 58.0 tra ellos, se quiso pasar á cuchillo á sus auxiliares en Paris.

200.0 424.0 1138.0 58.0 Quizás este acontecimiento influyó en aquel tiempo á la salva-

200.0 484.0 1134.0 55.0 cion de Francia. ¿Quién duda de que en los últimos tiempos,

200.0 523.0 1139.0 59.0 cuando los extranjeros se acercaban, sí se hubiesen renovado

200.0 582.0 1136.0 53.0 tales horrores en sus amigos jamás hubiesen dominado la

205.0 622.0 170.0 66.0 Francia?

256.0 666.0 1078.0 62.0 »Por regla general, no hay revolucion social sin terror. To-

196.0 723.0 1142.0 60.0 da revolucion de esta naturaleza no es ni puede ser al princi-

196.0 769.0 1140.0 66.0 pio más que una sublevacion. El tiempo y los principios son

196.0 822.0 1142.0 60.0 los únicos que llegan á ennoblecerla, á hacerla legítima; pero

196.0 868.0 1138.0 60.0 sea como quiera, no se ha podido llegar á esta sino por el terror.

198.0 916.0 1140.0 62.0 De todos modos, una revolucion es uno de los mayores males

196.0 964.0 1142.0 67.0 con que el cielo puede afligir á la tierra. Es el azote de la gene-

200.0 1015.0 1138.0 67.0 racion que la ejecuta; todas las ventajas que ella procura no

198.0 1065.0 1138.0 63.0 compensan el sobresalto que acibara la vida de sus autores. Las

196.0 1112.0 1140.0 59.0 revoluciones más bien fundadas lo destruyen todo en un mismo

198.0 1165.0 1138.0 64.0 instante, y no reedifican sino en lo futuro. La nuestra ha sido

200.0 1210.0 1132.0 69.0 una erupcion moral, tan inevitable como las erupciones fisicas;

201.0 1259.0 1135.0 67.0 verdadero volcan. Cuando las combinaciones químicas que

203.0 1309.0 1131.0 65.0 producen éste, son completas, estalla; las combinaciones mora-

201.0 1364.0 1133.0 63.0 les que producen una revolucion estaban á punto entre noso-

201.0 1406.0 379.0 62.0 tros y ha estallado.»

249.0 1555.0 1085.0 67.0 Inmenso fué el impulso revolucionario dado á la Francia

192.0 1608.0 1142.0 69.0 por los acontecimientos que acabamos de referir; las esperan-

191.0 1655.0 1143.0 68.0 zas de los realistas, sus tramas y sus relaciones con los emi-

192.0 1712.0 1142.0 57.0 grados, todo fué aniquilado. El 10 de Agosto habia derribado

192.0 1753.0 1142.0 62.0 la corona. El 2 de Setiembre destruyó su partido. Mas de

196.0 1804.0 1138.0 62.0 18.000 voluntarios armados y equipados partieron desde el 3

191.0 1852.0 1139.0 71.0 al 15 de Setiembre para presentarse en la frontera. En un mes

191.0 1901.0 532.0 75.0 se improvisó allí un ejército.
