1526 2118
697.0 45.0 138.0 62.0 — 12—

251.0 114.0 1071.0 58.0 No hubo entonces más que una sola voz para pedir el des-

193.0 163.0 1126.0 58.0 tronamiento del rey, distinguiéndose los jacobinos que repre-

189.0 211.0 1132.0 59.0 sentaban la parte más exaltada del pueblo, al paso que los Gi-

189.0 260.0 1134.0 56.0 rondinos representaban la clase media. La llegada de los fede-

188.0 309.0 1134.0 58.0 rados marselleses dió al pueblo nueva energía; el hímno de

190.0 357.0 1131.0 60.0 Rouget de l'Isle que aquellos bravos provenzales habian adop-

190.0 409.0 819.0 54.0 tado, inflamó á los parisienses hasta lo sumo.

249.0 455.0 1072.0 59.0 Todo presagiaba una lucha; pero faltaba fijar el dia de la

188.0 508.0 1131.0 48.0 batalla. Comenzó esta el tres de Agosto. Los secciones de Pa-

188.0 554.0 1135.0 57.0 ris pidieron á la Asamblea el destronamiento del rey, repitien-

187.0 603.0 1134.0 58.0 do la peticion el dia 6, imitando las demás secciones el ejemplo

186.0 653.0 1133.0 56.0 de la de Paris, pidiendo además la convocacion de una Con-

189.0 703.0 866.0 51.0 vencion nacional, y un levantamiento en masa.

248.0 753.0 1074.0 57.0 La Asamblea estaba indecisa en pronunciarse; votada la

190.0 803.0 1132.0 54.0 proposicion de destronamiento, obtuvo cuatrocientos y seis vo-

189.0 853.0 845.0 51.0 tos en contra y doscientos veinticuatro en pro.

248.0 900.0 1074.0 55.0 Esta votacion hizo perder á la Asamblea la iniciativa revo-

188.0 947.0 1133.0 57.0 lucionaria. La junta central de los federados y los clubs toma-

188.0 1001.0 1133.0 55.0 ron entonces el partido de sublevarse y arrancar el poder de

188.0 1047.0 1131.0 56.0 las manos que ellos creian culpables. En la noche del 9 al 10

186.0 1094.0 1135.0 60.0 de Agosto fué cambiado el Ayuntamiento, poniéndose el nuevo

186.0 1144.0 1137.0 57.0 cuerpo municipal á la cabeza del movimiento, revistiendo á

188.0 1195.0 1116.0 58.0 sus indivíduos de poderes ilimitados pava salvar á la patria.

250.0 1243.0 1073.0 57.0 Todos los preparativos para la defensa del palacio real fue-

188.0 1293.0 1135.0 57.0 ron inútiles. El pueblo, capitaneado por Santerre, Desmou-

188.0 1342.0 1134.0 55.0 lins, Danton y Barbaroux, se precipitó á palacio al son de un

187.0 1391.0 1136.0 59.0 inmenso toque de rebato. El rey aconsejado por Roderer se re-

190.0 1442.0 1135.0 58.0 tiró al seno de la Asamblea, sin revocar la órden que habia da-

187.0 1488.0 1135.0 61.0 do á la guarnicion de palacio de hacer fuego contra los agre-

189.0 1540.0 1135.0 56.0 sores. Irritado el pueblo de lo que les habia sucedido con la

189.0 1589.0 1135.0 61.0 guardia de palacio, que tiraba los cartuchos para que el pueblo

188.0 1641.0 1136.0 49.0 confiado se acercase y al cual hacia fuego al tenerlo próximo

189.0 1689.0 1132.0 54.0 envió un comunicado á la Asamblea á dar cuenta del hecho y

191.0 1739.0 1128.0 55.0 pedir justicía. Entonces Vergniaud tomó la palabra diciendo,

190.0 1786.0 1131.0 59.0 que considerando la Asamblea que los males de la patria ha-

190.0 1836.0 1126.0 56.0 bian llegado á su colmo, proponia el destronamiento del rey y

190.0 1885.0 763.0 63.0 la formacion de una Convencion nacional.
