1540 2125
752.0 57.0 65.0 48.0 —18—

213.0 144.0 1134.0 37.0 para desprestigiar y anonadar de una vez al de la Gironda,

211.0 167.0 1138.0 60.0 intentó el proceso de Luis XVI, forzándolo á demostrar que

212.0 221.0 377.0 55.0 queria salvar al rey.

272.0 270.0 1073.0 53.0 La idea de procesar al rey halló eco en toda la Francia, y

209.0 317.0 1145.0 57.0 de todas partes iban peticiones á la Convencion con aquel ob-

209.0 365.0 98.0 57.0 jeto.

269.0 413.0 1083.0 56.0 Se acusaba al rey de doblez, por sus relaciones con los emi-

210.0 463.0 1142.0 57.0 grados enemigos de la pátria, á los cuales facilitaba grandes

207.0 513.0 1144.0 53.0 sumas para hacer la contrarevolucion, y hasta se le acusaba de

210.0 560.0 1141.0 57.0 que, á imitacion de su antecesor, se dedicaba á especulaciones

210.0 610.0 790.0 54.0 sobre el monopolio ó estanco de los granos.

268.0 658.0 1083.0 56.0 Una parte de la Asamblea pedia que fuese condenado: se-

209.0 708.0 1142.0 57.0 gun unos, merecia un encierro perpétuo, y segun otros, un des-

207.0 757.0 1001.0 52.0 tierro: pero todos estaban acordes en que habia culpa.

266.0 806.0 1082.0 52.0 Un hecho vino á dar á la acusacion un carácter de eviden-

201.0 853.0 1147.0 52.0 cia. Durante las discusiones descubrióse en un armario de las

205.0 901.0 1142.0 59.0 Tullerías un rollo de papeles interesantes. Este descubrimien-

204.0 950.0 1144.0 52.0 to activó el proceso que los girondinos iban retardando, y has-

203.0 1001.0 1148.0 57.0 ta acusábase al mismo Roland, girondino, de haber ido prime.

203.0 1047.0 1146.0 63.0 ro él solo á registrar el armario y haber sacado de él los docts

206.0 1102.0 705.0 53.0 mentos que mas comprometian al rey.

263.0 1148.0 1085.0 58.0 Espantados los girondinos por la suerte que al rey espera-

205.0 1195.0 1144.0 57.0 ba, sin embargo de que ellos le habian derribado, intentaron

206.0 1247.0 1142.0 56.0 salvarle, expulsando de la Asamblea á sus mas activos acusa-

201.0 1295.0 1067.0 56.0 dores; pero inferiores en número, tuvieron que sucumbir.

262.0 1341.0 1083.0 61.0 El dia 11 de Diciembre de 1792, compareció el rey ante la

199.0 1391.0 1148.0 56.0 Convencion. El interrogatorio fué largo; á todas las acusacio-

200.0 1440.0 1148.0 62.0 nes de que se hizo eco el presidente, que era á la sazon Barre-

200.0 1492.0 1146.0 52.0 re, contestó el rey negando y con evasivas. Cuando se presen-

201.0 1542.0 1141.0 52.0 taron los papeles encontrados en el armario de las Tullerías,

198.0 1589.0 1148.0 56.0 con los demás que se cogieron á sus ayudas de cámara, Leper-

201.0 1639.0 1145.0 53.0 te y Dufrene, no los reconoció como suyos, á pesar de estar

198.0 1683.0 1148.0 60.0 muchos de ellos firmados por él. Llegó hasta negar la existen-

197.0 1731.0 1149.0 57.0 cia del armario de hierro. Semejante sistema de defensa no po-

198.0 1781.0 1147.0 58.0 dia menos de serle funesto; nadie podia atinar por qué no tenia

203.0 1833.0 741.0 54.0 valor para confesar sus propias acciones.

260.0 1878.0 1082.0 66.0 El 26 fué el rey conducido otra vez á la barra, y sus defen-
