1537 2123
690.0 76.0 135.0 60.0 — 16́—

242.0 165.0 1085.0 39.0 En medio de esto, la Junta de vigilancia ó de Salud públi-

184.0 192.0 1145.0 58.0 ca, como se llamaba algunas veces, no dejaba la dictadura de

186.0 242.0 1144.0 57.0 que se habia apoderado, y continuaba ejerciendo un terror for-

187.0 292.0 1138.0 52.0 midable. A los diez dias estaban de nuevo llenas las cárceles;

185.0 338.0 1143.0 57.0 el feroz Marat espantaba á París resucitando la violencia con

188.0 389.0 1143.0 55.0 los artículos de su periódico; en fin, habíase esparcido el rumor

186.0 437.0 1145.0 58.0 de otro degüello de presos para el dia 20 de Setiembre. La ca-

189.0 487.0 1142.0 60.0 pital iba á caer en el abatimiento y estupor que produce el des-

189.0 534.0 1146.0 60.0 potismo, cuando el Ayuntamiento disolvió la Junta de vigilan-

189.0 589.0 1142.0 53.0 cia el 18 por la noche. Su lúgubre mision estaba cumplida, y

191.0 634.0 1145.0 59.0 era ya tiempo de que la municipalidad acabase con un poder

195.0 687.0 497.0 54.0 que degeneraba en tiranía.

253.0 731.0 1087.0 60.0 A pesar de tan sábia medida, el Ayuntamiento no podia con-

195.0 780.0 1145.0 58.0 seguir que París recobrase su energía. Danton fué quien reani-

198.0 831.0 1140.0 59.0 mó el entusiasmo, quien impidió que la gente se entregase al

198.0 878.0 1142.0 60.0 miedo, y quien salvó tambien la Francia, tranquilizando los

198.0 929.0 1143.0 54.0 ánimos asustados de los progresos de los extranjeros, y disgus-

201.0 982.0 1021.0 54.0 tados quizás por los muchos sufrimientos que padecian.

260.0 1026.0 1081.0 59.0 Despues de la fuga de Laffayette, Dumourier, al frente del

201.0 1078.0 1137.0 55.0 ejército nacional, ganó la batalla de Valnuy á los prusianos. El

201.0 1127.0 1135.0 58.0 mismo dia celebraba su primera sesion la Convencion nacional,

202.0 1174.0 1138.0 60.0 proclamando la República y contestaba al duque de Brunswik,

202.0 1221.0 1143.0 59.0 que pedia el restablecimiento de Luis XVI como rey constiti-

201.0 1272.0 1139.0 58.0 cional: «La república francesa no puede oir ninguna proposi-

201.0 1322.0 1144.0 50.0 cion antes de que las tropas prusianas hayan evacuado com-

204.0 1369.0 1144.0 58.0 pletamente el territorio francés.» El duque de Brunswilk co-

202.0 1418.0 1147.0 53.0 menzó su retirada el 30 de Setiembre, al mismo tiempo que los

205.0 1469.0 1145.0 54.0 austriacos se veían obligados á levantar el sitio de Lila des-

206.0 1519.0 1143.0 56.0 pues de un bombardeo de siete dias. Por todas partes era ven-

206.0 1566.0 1146.0 58.0 cida la coalicion, y sus ejércitos precisados á evacuar el terri-

209.0 1617.0 1142.0 54.0 torio francés. No contentos los franceses con haber vencido á

209.0 1666.0 1138.0 57.0 los ejércitos coaligados, los atacaron en su propio territorio,

211.0 1710.0 1138.0 67.0 tomando á Treveris, Epiro y Maguncia, é invadiendo la Bélgi-

213.0 1758.0 348.0 68.0 ca, Saboya y Niza.

278.0 1907.0 1079.0 62.0 El ejército republicano seguia salvando la república, cuya
