1538 2123
731.0 61.0 120.0 52.0 —17—

202.0 150.0 1140.0 32.0 existencia comprometian los partidos con sus luchas intes-

204.0 176.0 119.0 50.0 tinas.

264.0 219.0 1084.0 61.0 Los girondinos eran los primeros que habian hablado de

202.0 272.0 1146.0 57.0 república. Decretando la Convencion aquella forma de gobier-

204.0 323.0 1144.0 57.0 no, habia realizado los proyectos de aquel partido. Altivos con

205.0 371.0 1141.0 55.0 su victoria aquellos republicanos, enemigos de la democracia,

205.0 421.0 1145.0 54.0 nada omitieron para conservar el poder creyéndose harto fuer-

207.0 469.0 1144.0 58.0 tes para salvar la pátria y detener la revolucion, destruyendo

207.0 517.0 1145.0 51.0 al partido de la Montaña. Las jornadas de Setiembre, en que

206.0 566.0 1148.0 56.0 muchos indivíduos de la Montaña, y especialmente Marat, ha-

209.0 615.0 1142.0 58.0 bian tomado parte, ofrecieron á los girondinos un pretexto pa-

207.0 661.0 710.0 59.0 ra atacar en conjunto á aquel partido.

267.0 711.0 1081.0 59.0 Denunciaron á Robespierre como aspirante á la dictadura,

213.0 758.0 1082.0 61.0 y se hacia callar á Marat con los gritos de ¡á la guillotina!

272.0 812.0 1082.0 54.0 Danton pidió las pruebas de las acusaciones formuladas

208.0 859.0 1143.0 57.0 contra sus amigos. Hablaron tambien Robespierre, Marat y

208.0 908.0 1148.0 52.0 otros no menos fogosos oradores de la Montaña, derrotando

209.0 960.0 1147.0 55.0 completamente á los girondinos, á pesar de los esfuerzos de

215.0 1008.0 1143.0 58.0 Viergniaud, que era sin disputa, despues de Mirabeau, el ora-

212.0 1053.0 588.0 56.0 dor mas hábil de aquella época.

272.0 1099.0 1071.0 62.0 La Gironda quedó vencida. Marat, absuelto, y esta absolu

211.0 1151.0 1148.0 53.0 cion era un triunfo para su partido. Se proclamó el decreto de-

212.0 1200.0 1149.0 56.0 clarando que la república francesa era una é indivisible, debien-

213.0 1251.0 1149.0 55.0 do observar aquí, que el primer ataque á los individuos de la

213.0 1298.0 1146.0 57.0 Convencion, fué dado por la Gironda, que sino envió al cadalso

213.0 1348.0 1143.0 55.0 á Marat, Danton y Robespierre, no fué por falta de voluntad,

215.0 1397.0 943.0 56.0 sino porque no pudo llevar las cosas á tal extremo.

260.0 1445.0 1097.0 58.0 La lucha entre girondinos y montañeses fué encarnizada;

215.0 1495.0 1140.0 58.0 pero la definitiva victoria fué para los segundos, gracias á las

217.0 1545.0 1140.0 56.0 muchas faltas cometidas por los primeros, no siendo la menor

214.0 1598.0 1141.0 52.0 de ellas el formular una acusacion contra un partido poderoso

218.0 1640.0 1145.0 58.0 sostenido por la multitud; dando así la señal de aquella guerra

219.0 1692.0 1144.0 53.0 intestina que iba á conducir á la Convencion á diezmarse con

220.0 1740.0 1142.0 58.0 sus propias manos, y la de que los girondinos, habiendo sido

219.0 1788.0 1140.0 60.0 los primeros en dar la señal del ataque, no podian dejar de ser

218.0 1841.0 414.0 54.0 las primeras víctimas.

280.0 1885.0 1077.0 61.0 El partido de la Montaña, mas hábil de lo que se creía,
