1531 2123
724.0 44.0 107.0 57.0 —14—

191.0 129.0 1125.0 39.0 se de la venganza del pueblo, porque abandonado a sí mismo,

191.0 158.0 1130.0 57.0 podia entrar á la ventura en las cosas, é inmolar á todo el que

188.0 208.0 1134.0 60.0 se le pusiera por delante, sin que entonces hubiese medio de

187.0 258.0 623.0 58.0 contener el curso de su venganza.

247.0 304.0 1070.0 56.0 Atormentado el Ayuntamiento con esta espantosa idea,

187.0 355.0 1132.0 55.0 acordó el proyecto de vaciar las cárceles, inmolando los presos

186.0 403.0 1135.0 58.0 á machetazos. Maillard, que era un antiguo cochero, recibió el

187.0 454.0 1132.0 55.0 encargo de llevar á cabo esta infame hecatombe, conocida en

187.0 498.0 707.0 61.0 la historia por Jornadas de Setiembre.

246.0 551.0 1071.0 58.0 Mil trescientos setenta y siete presos, en su mayor parte

186.0 601.0 1131.0 53.0 políticos, habia en las cárceles de Paris. De estos fueron dego-

186.0 651.0 1131.0 50.0 llados mil ochenta y siete y salvados doscientos noventa. De

181.0 700.0 1134.0 57.0 los guardias suizos de palacio, cogidos con las armas en la ma-

184.0 750.0 864.0 61.0 no haciendo fuego al pueblo, no se salvó ni uno.

239.0 894.0 1070.0 62.0 Las jornadas de Setiembre no se limitaron á Paris; Orleans,

182.0 943.0 1134.0 55.0 Marsella y muchas otras ciudades de Francia tuvieron tam-

179.0 993.0 1136.0 57.0 bien sus jornadas, degollando á los presos. En todas las capi-

178.0 1049.0 1137.0 52.0 tales y poblaciones de alguna importancia alzóse la guillotina

178.0 1095.0 1137.0 54.0 que no cesaba de segar cabezas. Un rio de sangre empapaba

179.0 1142.0 1137.0 57.0 todo el territorio francés: El reinado del terror estaba en su

175.0 1194.0 152.0 56.0 apogeo.

235.0 1237.0 1080.0 58.0 Mucho se ha hablado de esa negra época de la más grande

174.0 1289.0 1139.0 55.0 de las revoluciones y creemos que nuestros lectores leerán con

176.0 1336.0 1137.0 58.0 gusto la opinion de aquella manifestada por Napoleon, estan-

175.0 1387.0 354.0 56.0 do en Santa Elena.

227.0 1433.0 1078.0 57.0 Habiendo mencionado alguno la fecha del 3 de Setiembre,

171.0 1487.0 1133.0 54.0 el emperador dijo: «Es aniversario de escenas muy espantosas,

173.0 1534.0 1139.0 55.0 muy horribles; una reaccion en pequeño de la noche de San Bar-

174.0 1582.0 1137.0 57.0 tolomé, una mancha para nosotros; menos sin duda porque ha

173.0 1631.0 1137.0 55.0 hecho menos víctimas y no ha tenido como aquella la sancion

173.0 1678.0 1138.0 53.0 del gobierno que intentó castigar el crímen. Ha sido cometido

173.0 1729.0 1138.0 56.0 por el ayuntamiento de Paris, poder espontáneo, rival del le-

174.0 1776.0 1137.0 60.0 gíslativo y aun superior. Por lo demás, fué un acto de fanatís-

169.0 1824.0 1141.0 60.0 mo más que de pura maldad, pues se vió en los degolladores

172.0 1872.0 1137.0 71.0 de Setiembre degollar á uno de ellos mismos por haber roba-
