1538 2103
804.0 19.0 53.0 91.0 —7—

316.0 132.0 1089.0 43.0 En el famoso Club del Patacio Real, las ideas republicanas

257.0 158.0 1148.0 66.0 fermentaban y se discutian y adoptaban las medidas mas enér-

259.0 211.0 1149.0 64.0 gicas. Eran el alma de aquel club Camilo Desmoulins, Danton

258.0 264.0 1149.0 56.0 Marat y Santerre, que tan gran papel representaron en aque-

260.0 306.0 1147.0 66.0 lla grandiosa revolucion. Marat, sobre todo, con sus contí-

260.0 355.0 1149.0 67.0 nuos folletos enardecia al pueblo que llegó á considerarlo como,

264.0 412.0 164.0 54.0 su ídolo.

322.0 452.0 1089.0 70.0 La destitucion del ministro de Hacienda Neker, que era el

261.0 501.0 1149.0 67.0 único en quien el pueblo tenia alguna confianza, exasperó los

261.0 551.0 1150.0 68.0 ánimos; cuando se supo que Neker habia salido secretamente

262.0 597.0 1147.0 67.0 de París por órden del rey, se sublevó el pueblo en el Palacio,

261.0 648.0 1146.0 67.0 Real á la voz de Camilo Desmoulins, paseando por las calles el

265.0 708.0 343.0 54.0 retrato de Neker.
