1531 2134
770.0 33.0 86.0 46.0 —22—

239.0 96.0 1139.0 61.0 foragidos, pues sus actos mejor podian reputarse de crímenes

237.0 144.0 1139.0 59.0 que de justicieros. La guillotina no paraba de funcionar un

235.0 195.0 916.0 50.0 solo momento, tanto en París como en provincias.

295.0 240.0 1080.0 55.0 A la muerte del rey sucedió la de la reina y la de todos los

237.0 292.0 1138.0 55.0 individuos de la familia real, excepto el Delfin, que fué con-

234.0 339.0 1140.0 56.0 fiado á un carcelero del Temple, llamado Simon, que le hacia

233.0 395.0 1018.0 51.0 trabajar de zapatero, tratándole con la mayor crueldad.

291.0 439.0 1083.0 56.0 Segun unos autores el Delfin murió en el Temple, víctima

230.0 488.0 1142.0 58.0 de los malos tratos de su guardador Simon; segun otros des-

228.0 538.0 459.0 51.0 apareció sin saber cómo.

289.0 584.0 1083.0 55.0 Mas de un Delfin fingido se presentó restaurador otra vez

227.0 631.0 318.0 60.0 de la monarquía.

288.0 681.0 1082.0 56.0 De la reina María Antonieta, mujer de Luis XVI, se cuenta

226.0 731.0 1146.0 58.0 que despues de haberle leido la sentencia, toda la cabellera

226.0 783.0 1143.0 58.0 que la tenia muy hermosa y negra encaneció en el espacio de

227.0 835.0 292.0 50.0 una sola noche.

286.0 876.0 1076.0 62.0 Los girondinos murieron la mayor parte en la guillotina,

222.0 929.0 1147.0 57.0 acusados y condenados por sus irreconciliables enemigos los

226.0 981.0 1140.0 57.0 Montañeses, á exepcion de unos pocos que escaparon y fueron

225.0 1029.0 921.0 53.0 perseguidos y muertos como perros en provincias.

282.0 1074.0 1082.0 57.0 Ni Danton ni Camilo Desmoulins se libraron de la acusa-

222.0 1125.0 1142.0 60.0 cion de traidores, con todo y ser tan probados patriotas. No le

224.0 1173.0 544.0 58.0 valió á Danton su elocuencia.

275.0 1221.0 1088.0 57.0 El y Desmoulins fueron condenados á muerte en 5 de Abril

219.0 1270.0 1142.0 60.0 de 1794, por el mismo tribunal que tantas veces habian presi-

217.0 1319.0 1145.0 57.0 dido. Durante la carrera., Camilo Desmoulins lleno de rábia se

217.0 1369.0 1144.0 58.0 desgarró los vestidos, llegando casi en cueros al cadalso. Dan-

219.0 1419.0 1138.0 55.0 ton conservó su entereza y audacia hasta el último momento,

219.0 1465.0 1143.0 63.0 y dijo al verdugo; «¡Enseña mi cabeza al pueblo, que bien lo

218.0 1516.0 178.0 58.0 merece!»

275.0 1568.0 1089.0 53.0 Con Danton y Desmoulins murieron gran número de sus

219.0 1613.0 1144.0 58.0 partidarios, y si Marat no fué tambien guillotinado debióse, á

218.0 1663.0 1143.0 58.0 que, como antes hemos dicho, fué asesinado por una doncella

217.0 1711.0 1145.0 54.0 entusíasta realista llamada Carlota Corday, salida de Caen con

217.0 1760.0 1143.0 62.0 aquel objeto, pues dado el maquiavelismo de Robespierre, que

219.0 1807.0 1142.0 54.0 se valia de todos los medios para deshacerse de todos los hom-

218.0 1860.0 1143.0 65.0 bres que le hacian sombra, pues quería reinar solo, rodeado
