1531 2099
578.0 39.0 130.0 51.0 — 4—

72.0 113.0 1142.0 49.0 meza de todos los diputados del pueblo, burlaron todas las

74.0 152.0 850.0 59.0 medidas de los enemigos del partido nacional.

135.0 198.0 1079.0 56.0 Esta lucha duró hasta el lo de Junio. La corte se atemo-

75.0 248.0 1137.0 61.0 rizó y no se sabia lo que iba á suceder. Las provincias se su-

75.0 298.0 1136.0 58.0 blevaban, mientras la exaltacion de París llegaba á su colmo.

131.0 348.0 1088.0 57.0 Por un lado la córte reunia tropas de la capital y sus cerca-

73.0 397.0 1140.0 61.0 nías; por otro en toda Francia, la clase media, espantada con

73.0 445.0 1139.0 51.0 aquellos movimientos militares y de la sublevacion del paisa-

73.0 496.0 1138.0 55.0 naje tomaba las armas y se organizaba tambien militarmente.

131.0 544.0 1086.0 58.0 En esta situacion los Comunes, denominacion que se habia

70.0 591.0 1144.0 59.0 dado al estado llano, resolvieron obrar. Se apoderaron del po-

71.0 642.0 1137.0 57.0 der, convirtiendo los Estados generales en Asamblea nacional,

70.0 692.0 1143.0 58.0 retirándose todos los nobles y la mayor parte de los indivi-

71.0 739.0 276.0 52.0 duos del clero.

134.0 789.0 1079.0 56.0 La Asamblea nacional asumió todos los poderes en nombre

70.0 838.0 1143.0 56.0 del pueblo. Este hecho tan grave determinó la reconciliacion

68.0 885.0 1144.0 58.0 entre la córte y la nobleza; pero la energía de los Comunes

71.0 932.0 1142.0 61.0 hizo temblar á la nobleza por sus privilegios; á la córte por

71.0 985.0 627.0 57.0 sus abusos y al rey por su corona.

130.0 1029.0 1083.0 57.0 Instigado por la nobleza, el rey suspendió las sesiones de

70.0 1078.0 1141.0 60.0 la Asamblea el 22 de Junio, protestando que era preciso hacer

71.0 1131.0 1135.0 56.0 reparaciones en las tres salas que servian para los tres estados,

68.0 1177.0 1146.0 61.0 ocupando el edificio los guardias francesas; pero Bailly y otros

74.0 1227.0 1138.0 60.0 veinte y dos diputados se apoderaron de los papeles y se re-

75.0 1276.0 1132.0 60.0 unieron en el juego de pelota; jurando no separarse jamás,

73.0 1327.0 1139.0 54.0 reuniéndose donde las circunstancias lo exigiesen, hasta que

74.0 1370.0 1139.0 63.0 la constitucion del reino se hallase establecida y afirmada so-

75.0 1417.0 326.0 54.0 bre bases sólidas.

134.0 1468.0 1077.0 63.0 Esta fórmula resonó hasta fuera del edificio. La córte se

73.0 1514.0 1133.0 70.0 aterró y trató de ganar tiempo, y el rey escribió á Bailly,

75.0 1567.0 1139.0 57.0 presidente de la Asamblea, mandándole que la próxima se-

75.0 1616.0 1140.0 62.0 sion se abriese á las diez de la mañana, y que el salon no es-

74.0 1666.0 564.0 54.0 tuviese abierto hasta esa hora.

131.0 1710.0 1083.0 65.0 Además los nobles para impedir la reunion de la Asam-

73.0 1758.0 1140.0 69.0 blea embargaron el local del juego de pelota; pero los Comu-

73.0 1808.0 1141.0 67.0 nes se reunieron en la iglesia de San Luis, uniéndose á ellos

72.0 1858.0 1145.0 71.0 el arzobispo de Viena á la cabeza de ciento cuarenta indivi-
