1524 2113
653.0 59.0 153.0 74.0 — 10—

216.0 170.0 1084.0 26.0 La Asamblea se apoderó del poder ejecutivo y suspendió

153.0 185.0 1146.0 57.0 al rey; de hecho, el gobierno se convirtió entonces en republi-

153.0 232.0 1143.0 59.0 cano. Todo el mundo pedia la destitucion del rey, y en los

153.0 282.0 902.0 53.0 clubs se pedia el establecimiento de la república.

213.0 332.0 1080.0 56.0 Algunos diputados no se contentaron ya con la destitucion

152.0 386.0 1140.0 53.0 del rey, y pidieron que se le juzgase; pero fueron vencidos por

152.0 435.0 884.0 55.0 la mayoría que no era aun del todo republicana.

210.0 480.0 1075.0 56.0 A la Asamblea nacional sucedió la Asamblea constituyente,

151.0 529.0 1140.0 59.0 y á ésta, la Asamblea legislativa que celebró su primera sesion

149.0 579.0 1141.0 52.0 en 1. de Octubre de 1791. Ninguno de sus indivíduos habia

146.0 630.0 1144.0 57.0 pertenecido á la constituyente. La Asamblea legislativa supri-

147.0 679.0 1141.0 58.0 mió lo que quedaba en Francia del antiguo régimen, confis-

144.0 726.0 1142.0 54.0 cando además los bienes del clero, y obligó al rey á separar los

145.0 774.0 1140.0 54.0 ministros de su confianza, nombrando los que la Asamblea le

144.0 826.0 1141.0 61.0 impuso, por cuyo motivo los girondinos se hicieron dueños del

149.0 876.0 125.0 59.0 poder.

201.0 920.0 1081.0 61.0 Pero los girondinos no supieron dirigir la revolucion. Solo

143.0 971.0 1139.0 59.0 una cosa supieron hacer, defender la Francia de sus enemigos

140.0 1018.0 1142.0 57.0 exteriores y de sus conspiradores interiores. En esto consistió

144.0 1069.0 359.0 61.0 su principal gloria.

200.0 1119.0 1079.0 60.0 Cuatro grandes ejércitos creó la Gironda para guardar las

139.0 1168.0 1141.0 52.0 fronteras de Francia. Todos los hombres se alistaban con ver-

140.0 1214.0 1139.0 57.0 dadero entusiasmo, haciendo soldados y generales prodigios

138.0 1264.0 1138.0 62.0 de valor en defensa de la pátria, atacada por todos los ejércitos

138.0 1317.0 372.0 61.0 de Europa reunidos.

196.0 1460.0 1079.0 54.0 Cansado el rey de aquel poder que crecia á su sombra, acon-

138.0 1510.0 1139.0 59.0 sejado por los emigrados, negó su aprobacion á algunos decre-

137.0 1558.0 1140.0 58.0 tos. El pueblo respondió á este desafío de la córte, sublevándo-

137.0 1608.0 1138.0 56.0 se expontáneamente, invadiendo las Tullerías y penetrando en

138.0 1657.0 1137.0 60.0 las habitaciones del rey, que oyó, por boca de Legendre, que

135.0 1706.0 756.0 60.0 el pueblo estaba cansado de su conducta.

199.0 1752.0 1074.0 64.0 —Señor—dijo al rey, quien al oir esta palabra hizo un mo-

137.0 1804.0 1136.0 53.0 vimiento de sorpresa-sí, señor; escuchadnos: sois hecho para

133.0 1854.0 1137.0 54.0 escucharnos. Sois un pérfido; nos habeis engañado siempre;

133.0 1901.0 1137.0 58.0 nos engañais todavía; pero tened cuidado, la medida está col-

135.0 1949.0 914.0 67.0 mada, y el pueblo cansado de ser vuestro juguete.
