1525 2113
740.0 28.0 129.0 60.0 —11—

279.0 96.0 1089.0 61.0 El rey llegó en aquel dia hasta ponerse el gorro colorado

220.0 149.0 1146.0 57.0 de uno de los asistentes; pero á pesar de todo no mudó de con-

220.0 201.0 1148.0 54.0 ducta, lo que acabó de exasperar los ánimos; mientras que la

221.0 248.0 1143.0 57.0 conducta de los revoltosos que habian profanado la real cáma-

223.0 300.0 1145.0 58.0 ra disgustó á no pocos entre ellos el general Laffayete, que se

220.0 346.0 1147.0 57.0 presentó á la Asamblea diciendo que las violencias cometidas

221.0 393.0 1146.0 58.0 por el pueblo en las Tullerías habian sobresaltado los ánimos

221.0 442.0 1146.0 61.0 de los buenos ciudadanos y el ejército, y pidiendo que se casti-

226.0 496.0 494.0 55.0 gase á aquellos criminales.

287.0 541.0 1080.0 61.0 Laffayete tenia intencion de salvar al rey; pero los que con

225.0 592.0 1146.0 57.0 él se habian comprometido á dar un golpe de mano no le se-

226.0 642.0 1001.0 56.0 cundaron, por lo que se volvió al frente de su ejército.

286.0 691.0 1081.0 57.0 Cuando Laffayete hubo salido de Paris fué quemada su es-

231.0 738.0 123.0 48.0 tátua.

289.0 790.0 938.0 55.0 La situacion de Francia era verdaderamente grave.

294.0 838.0 1078.0 54.0 Tratábase de salvar la libertad y el país, amenazado de una

227.0 887.0 1145.0 54.0 invasion. Pero antes se conocia la necesidad de quitar el po-

228.0 936.0 1145.0 60.0 der ejecutivo á un rey que auxiliaba sus esfuersos, fundando

230.0 987.0 529.0 53.0 en estos su única esperanza.

295.0 1037.0 1079.0 54.0 Vergniaud, el elocuente y famoso jefe de los Girondinos, fué

231.0 1083.0 1141.0 54.0 el inicíador de esta cuestion. Pronunció un elocuente discurso

230.0 1133.0 1141.0 57.0 en la Asamblea, en el cual, despues de demostrar que el rey

231.0 1184.0 1143.0 52.0 era la causa de todo y que todo se hacia en su nombre, llama-

234.0 1233.0 1140.0 52.0 ba al país á salvarse en los siguientes términos: «Llamad, aun

231.0 1278.0 1141.0 60.0 es tiempo; llamad á todos los franceses á salvar la patria; mos-

233.0 1326.0 1141.0 56.0 tradles el abísmo en toda su intensídad, abísmo que solo po-

232.0 1378.0 1143.0 52.0 drán franquear haciendo un esfuerso extraordinario. A voso-

234.0 1427.0 1140.0 60.0 tros toca prepararlos por un movimiento eléctrico que diera

235.0 1476.0 448.0 55.0 impulso á todo el país.»

293.0 1520.0 1080.0 61.0 En efecto, la Asamblea declaró que la patria estaba en pe-

234.0 1573.0 1141.0 58.0 ligro, y decretó casi por unanimidad, que Laffayete fuese juz-

238.0 1624.0 1136.0 57.0 gado y el discurso de Vergniaud impreso y circulado á los

232.0 1673.0 1141.0 52.0 cincuenta y tres departamentos. A continuacion se ocupó en

234.0 1722.0 1139.0 50.0 crear un ejército capaz de defender las fronteras, al mismo

235.0 1766.0 1139.0 59.0 tiempo que el duque de Brunswich, publicaba el manifiesto de

235.0 1816.0 1137.0 69.0 los reyes extranjeros, que Luis XVI llamaba á Francia en so-

233.0 1868.0 119.0 57.0 corro.
