1544 2105
302.0 126.0 1086.0 61.0 Por fin el 21 de Enero de 1793 Luis fué guillotinado. Desde

243.0 182.0 1141.0 54.0 el cadalso quiso dirigir la palabra al pueblo; pero Santerre,

240.0 226.0 1144.0 60.0 jefe de las fuerzas ciudadanas, mandó á la banda de tambores

243.0 278.0 1141.0 59.0 tocar un redoble con lo que se ahogó la voz del infeliz mo-

242.0 336.0 176.0 47.0 monarca.

295.0 472.0 1087.0 61.0 El proceso del rey acabó de desconceptuar, á los ojos del

236.0 522.0 1147.0 60.0 partido popular, á los Girondinos, cuya situacion vino á em-

238.0 571.0 1139.0 58.0 peorar la defeccion del general Dumonvier, adicto á su política,

235.0 623.0 1146.0 57.0 que se pasó á los austriacos, despues de haber hecho prender

233.0 671.0 1144.0 58.0 á los cuatro emisarios enviados por la Convencion para inti-

232.0 720.0 475.0 51.0 marle su regreso á París.

293.0 767.0 1084.0 58.0 El enemigo más temible de los Girondinos era Marat, que

230.0 820.0 1147.0 58.0 con su periódico El amigo del pueblo les hacia una guerra sin

230.0 866.0 938.0 56.0 cuartel, denunciándoles como traidores á la patria.

291.0 915.0 1085.0 55.0 Irritados los Girondinos contra Marat y aprovechando la

230.0 965.0 1146.0 59.0 ausencia de ochenta y dos montañeses que recorrian las pro-

230.0 1013.0 1145.0 59.0 vincias reclutando para el ejército, denunciaron El amigo del

230.0 1064.0 1145.0 56.0 pueblo, consiguiendo llevar á Marat ante el tribunal revolu-

229.0 1109.0 1144.0 59.0 cionario; pero este triunfo les fué fatal. Marat se defendio há-

229.0 1163.0 1141.0 54.0 bilmente, pidiendo á su vez que los Girondinos, en número de

231.0 1211.0 917.0 56.0 veinte y dos, fuesen expulsados de la Convencion.

288.0 1257.0 1081.0 53.0 Marat fué absuelto y salió de la sala del jurado en medio

225.0 1308.0 1144.0 52.0 de los aplausos de un pueblo inmenso, que le llevó en triunfo

224.0 1356.0 1142.0 52.0 á la Convencion, coronado de encina, emblema de la fortaleza.

286.0 1406.0 1081.0 55.0 La Gironda se estremeció á la vista de esta ovacion popular;

221.0 1457.0 1146.0 52.0 conoció que estaba vencida. El pueblo se habia pronunciado

221.0 1502.0 1147.0 62.0 contra ella con tanta violencia que la hizo ver lo precario de

222.0 1557.0 247.0 49.0 su situacion.

280.0 1598.0 1088.0 60.0 Algunos desastres ocurridos al ejército se atribuyeron tam-

222.0 1650.0 1145.0 58.0 bien á los Girondinos; y Robespierre y Marat, sus mortales

219.0 1699.0 1148.0 55.0 enemigos, pidieron su acusacion á la Convencion, que en efec-

222.0 1750.0 443.0 55.0 to decretó su detencion.

277.0 1796.0 1086.0 55.0 Al saberse la detencion de los Girondinos, sus parciales se

218.0 1844.0 1147.0 59.0 sublevaron en provincias, triunfando de los Jacobinos en Lyon

221.0 1892.0 1145.0 67.0 y guillotinándolos todos. Lyon era el centro de la insurreccion

760.0 64.0 131.0 51.0 —20—
