1527 2118
709.0 44.0 156.0 63.0 — 13—

276.0 111.0 1073.0 65.0 Admitida la proposicion se nombró un nuevo ministerio en

215.0 163.0 1136.0 60.0 el que entró Danton. Los jacobinos triunfaban; tenian mayoría

215.0 216.0 1136.0 58.0 en el país aunque minoría en la Asamblea, colocándose en los

220.0 261.0 1132.0 61.0 bancos más elevados, por cuyo motivo se les denominaba La

218.0 314.0 1138.0 55.0 Montaña. Sin embargo, toda la energía revolucionaria parecia

220.0 363.0 698.0 60.0 haberse refugiado en aquella minoría.

282.0 409.0 1076.0 61.0 Hasta la apertura de la Convencion, el poder ejecutivo per-

221.0 462.0 1137.0 51.0 teneció de hecho al Ayuntamiento, al cual conservó la Asam-

223.0 508.0 871.0 61.0 blea para dar á sus actos carácter de legalidad.

283.0 560.0 1076.0 55.0 En vano intentó la Asamblea recobrar la iniciativa revolu-

222.0 608.0 1137.0 55.0 cionaria; su egoísmo y su ceguedad la habian arrastrado á la

222.0 658.0 356.0 57.0 caida de la corona.

287.0 707.0 1076.0 57.0 El Ayuntamiento de Paris se apoderó del rey, á quien en-

226.0 756.0 1142.0 55.0 cerró en el Temple bajo la custodia y responsabilidad del al-

227.0 806.0 1139.0 57.0 caide y de Santerre, jefe de la fuerza ciudadana, dirijida por

229.0 855.0 1134.0 58.0 Robespierre y Marat, abolió el directorio del departamento, y

231.0 906.0 1137.0 49.0 se apoderó de sus funciones y de todas las que concernian á la

234.0 950.0 1134.0 58.0 Asamblea, quedando desde entonces el Ayuntamiento de Paris

231.0 1000.0 1135.0 61.0 investido del poder supremo, y le confió á una Junta de vigi-

234.0 1049.0 957.0 60.0 lancia que creó y de la que Marat fué el presidente.

294.0 1101.0 1077.0 59.0 Los jacobinos eran dueños del poder y la Gironda inuti-

236.0 1148.0 137.0 62.0 lizada.

294.0 1200.0 1076.0 55.0 El Ayuntamiento profesaba en el más alto grado la opinion

240.0 1248.0 1132.0 58.0 y las creencias revolucionarias, y desde lo alto de aquella po-

235.0 1295.0 1137.0 61.0 sicion social, juzgaba y decidia prontamente sin necesidad de

236.0 1346.0 196.0 49.0 discusion.

303.0 1395.0 1070.0 58.0 Veínticinco mil emigrados y treinta y cinco mil prusianos

241.0 1443.0 1135.0 57.0 acababan de tomar á Lougug y sitiaban á Verdia; la Vendée

242.0 1492.0 1133.0 57.0 se sublevaba en sentido realista y Laffayete para salvar su ca-

246.0 1543.0 1131.0 57.0 beza dejaba su ejército y se refugiaba entre los mismos que

244.0 1589.0 1135.0 53.0 tenia encargo de combatir. Por toda Francia circulaban escri-

246.0 1639.0 1138.0 58.0 tos contrarevolucionarios, llamando al enemigo á Paris, pro-

246.0 1689.0 405.0 59.0 metiéndole su apoyo.

308.0 1739.0 1076.0 53.0 El furor popular crecia por momentos. El consejo munici-

251.0 1788.0 1134.0 57.0 pal, y en particular la junta de vigilancia, bajo la presidencia

249.0 1837.0 1135.0 56.0 de Marat, más revolucionario que todos sus individuos y aun

251.0 1886.0 1133.0 64.0 que el mismo Danton, comprendieron todo lo que podia temer-
