1545 2105
656.0 25.0 133.0 52.0 —21—

138.0 87.0 1140.0 60.0 en el Mediodía y Caen en el Norte. De Caen salió más tarde

136.0 139.0 1056.0 53.0 Carlota Corday, que asesinó á Marat, estando en el baño.

202.0 188.0 1077.0 58.0 Victoriosos los Jacobinos, y no teniendo ya nada que temer

140.0 237.0 1138.0 57.0 de los Girondinos, aunque calumniados y con el país invadido,

142.0 288.0 1139.0 54.0 se ocuparon, ante todo, en decretar la constitucion, este con-

143.0 335.0 1140.0 60.0 trato que debia reunir á todos los republicanos al rededor de

146.0 385.0 289.0 52.0 la Convencion.

204.0 428.0 1077.0 61.0 En 23 de Junio se votó la declaracion de los derechos del

145.0 479.0 1140.0 58.0 hombre y la abolicion de la ley marcial. El pueblo francés

143.0 534.0 1138.0 54.0 aceptó con entusiasmo la nueva constitucion, por ser la mas

146.0 582.0 1139.0 51.0 radical que hasta entonces se habia promulgado, que por otra

145.0 627.0 1139.0 60.0 podia modificarse siempre y cuando lo quisiere el pueblo so-

148.0 678.0 146.0 47.0 berano.

209.0 831.0 1081.0 54.0 Apenas decretada la constitucion, en vista de la actitud de

148.0 881.0 1142.0 54.0 los extranjeros, de los contrarevolucionarios, de los Vendea-

147.0 929.0 1143.0 55.0 nos, de los anarquistas, y por último, de todos los enemigos

147.0 977.0 1145.0 59.0 de la República, se pensó en suspender su promulgacion. En

148.0 1027.0 1144.0 55.0 las circunstancias en que se encuentra la República,—decia

147.0 1075.0 1145.0 55.0 Saint-Just—la constitucion no puede establecerse, pues seria

147.0 1123.0 1145.0 59.0 inmolada por ella misma. Llegaria á ser la garantía de los

148.0 1177.0 1146.0 57.0 atentados contra ella misma, porque careceria de la fuerza

148.0 1223.0 347.0 56.0 para reprimirlos.»

212.0 1268.0 1082.0 61.0 Este dictámen fué aprobado, y desde el mismo dia en que

150.0 1320.0 1144.0 58.0 fué suspendida la constitucion, la Convencion nacional ejerció

152.0 1368.0 1143.0 54.0 la dictadura y de hecho comenzó el terror, erigiéndose el fa-

149.0 1418.0 1146.0 57.0 moso Comite de salud pública, que publicó el no menos fa-

150.0 1467.0 1144.0 53.0 moso decreto del 23 de Agosto, llamando á las armas un dia

150.0 1516.0 1144.0 56.0 dado á todos los franceses útiles, á escepcion de los dedicados

150.0 1567.0 1143.0 64.0 á la agrícultura á fin de cuidar los campos y asegurar el ali-

153.0 1615.0 341.0 65.0 mento del pueblo.

215.0 1757.0 1082.0 61.0 Los delegados de la Convencion de los departamentos co-

152.0 1809.0 1145.0 57.0 metian toda clase de atrocidades, con el pretexto de salvar la

150.0 1859.0 1145.0 68.0 república. Algunos de estos delegados parecian verdaderos
