1536 2117
696.0 37.0 133.0 48.0 — 24—

178.0 96.0 1139.0 54.0 cortejo por delante de su casa deteniéndose la carreta un ins-

181.0 145.0 1138.0 60.0 tante al frente de aquella. La turba de mujeres y populacho

178.0 195.0 1139.0 60.0 que le seguia desde la Conserjería gritando ¡muera el tirano!

182.0 250.0 1136.0 51.0 ¡á la guillotina! se pusieron á bailar en corro al rededor de la

178.0 296.0 644.0 55.0 carreta, resonando en todas partes.

240.0 343.0 1079.0 58.0 ¡Sesenta indivíduos del Ayuntamiento sufrieron tambien el

175.0 390.0 1145.0 59.0 dia siguiente que Robespierre y los veintidos que con él mu-

176.0 439.0 1142.0 56.0 rieron; otros doce desdichados fueron al suplicio el dia 12, as-

174.0 491.0 1144.0 53.0 cendiendo las víctimas en tres dias al número de ciento y cin-

176.0 538.0 421.0 57.0 co, solamente en Paris!

231.0 586.0 1081.0 59.0 Segun opinion de Napoleon, Robespierre era incorruptible,

171.0 642.0 1146.0 47.0 é incapaz de votar ó causar la muerte de persona alguna, por

171.0 686.0 1146.0 56.0 enemistad personal ó deseo de enriquecerse. Era un entusias-

174.0 739.0 1144.0 54.0 ta; pero creia obrar segun la justicia y no dejó ni un franco al

170.0 783.0 1148.0 60.0 morir. Tenia más miras y pensamientos de lo que nadie pensa-

174.0 833.0 1144.0 59.0 ba, y despues de haber derribado las fraciones desenfrenadas,

170.0 883.0 1147.0 53.0 que habia tenido que combatir, era su intencion retroceder al

169.0 929.0 1145.0 53.0 orden y á la moderacion... Se le ímputaron todos los crímenes

169.0 982.0 1142.0 55.0 cometidos por otros... Hombres más tiranos y sanguinarios

173.0 1029.0 1018.0 57.0 que él le hicieron perecer. Ellos se lo atribuyeron todo.

234.0 1077.0 702.0 55.0 A la Convencion sucedió el Directorio.

233.0 1123.0 1078.0 55.0 El Consulado sucedió al Directorio, componiendo el nuevo

175.0 1174.0 1139.0 58.0 gobierno Napoleon Bonaparte, que de víctoria en víctoria des-

174.0 1224.0 1144.0 53.0 de el sitio de Tolon, en donde se distinguió notablemente como

173.0 1270.0 1144.0 54.0 oficial de artillería, se habia hecho el primer general de la re-

175.0 1321.0 1137.0 59.0 volucion, Cambaceres, antíguo diputado de la Convencion y

175.0 1372.0 719.0 55.0 Lebrun, siendo Napoleon el presidente.

234.0 1419.0 1081.0 59.0 Más tarde, por otro golpe de estado proclamóse emperador

171.0 1468.0 1146.0 58.0 de los franceses, siendo conocida de todo el mundo la hístoria

174.0 1518.0 556.0 54.0 de ese periódo revolucionario.

233.0 1564.0 1081.0 60.0 Desde la cumbre del poder fué á parar aquel coloso á San-

174.0 1613.0 1143.0 58.0 ta Elena, en donde murió casi solo y abandonado, despues de

171.0 1663.0 732.0 56.0 haber llenado al mundo con su nombre.

229.0 1710.0 1086.0 60.0 Con la muerte de Napoleon acabóse el fuego revolucionario

173.0 1760.0 356.0 54.0 encendido en 1789.

233.0 1805.0 1085.0 61.0 El dia 4 de Mayo de 1814 entraba en Paris Luis XVII. La

174.0 1858.0 1017.0 62.0 restauracion fué, como siempre, el fin de la revolucion.

693.0 1928.0 99.0 60.0 FIN.
