1541 2106
655.0 377.0 422.0 87.0 HISTORIA

806.0 498.0 123.0 64.0 DE LA

387.0 587.0 953.0 110.0 REVOLUCION FRANCESA.

353.0 871.0 1085.0 67.0 La revolucion francesa ha sido la más grande que registra

294.0 921.0 1145.0 64.0 la historia de todos los siglos. Las revoluciones, en las demás

293.0 971.0 1148.0 64.0 naciones, han influido cuando mas en la marcha sucesiva del

294.0 1021.0 1146.0 69.0 país en que se han desarrollado, mientras que aquella trascen-

291.0 1069.0 1149.0 63.0 dental revolucion influyó é influye aun, no tan solo en la mar-

293.0 1122.0 1146.0 56.0 cha de la nacion francesa, sino que conmovió mas ó menos

296.0 1167.0 1144.0 69.0 profundamente á todas las naciones europeas, infiltrando su

296.0 1223.0 422.0 65.0 espíritu en todas ellas.

351.0 1361.0 1083.0 65.0 Comenzó la revolucion francesa el mismo dia en que el rey

298.0 1412.0 1142.0 61.0 Luis XVI anunció que los Estados generales se reunirían en

300.0 1461.0 1140.0 68.0 1 de Mayo de l879. El rey creyó con esta concesion hecha al

297.0 1509.0 1142.0 66.0 pueblo, no evitar la revolucion que se le venia encima; pero,

299.0 1557.0 1141.0 69.0 sí dirigirla. Luis XVI se equivocaba. Si la corona no habia po-

294.0 1605.0 1144.0 69.0 dido impedir una revolucion que se habia hecho inevitable,

298.0 1662.0 463.0 62.0 tampoco sabria dirigirla.

356.0 1705.0 1087.0 68.0 El antagonismo entre los dos primeros estados de una par-

297.0 1752.0 1145.0 72.0 te, y el llano ó popular de otra, fué visible desde los primeros

298.0 1802.0 1148.0 68.0 momentos. Mil lazos se armaron al estado llano; pero todos

298.0 1852.0 1143.0 74.0 inútilmente. La energía y la elocuencia de Mirabeau y la fir-
