1538 2103
635.0 61.0 95.0 49.0 — 6—

170.0 115.0 1076.0 74.0 Despues de la sesion régia era preciso hacerse obedecer ó

107.0 163.0 1138.0 75.0 declararse vencido; pero la córte tuvo miedo, y lo único que

108.0 212.0 1140.0 67.0 hizo para impedir las deliberaciones de la Asamblea, fué en-

111.0 260.0 1135.0 76.0 viar albañiles para derribar el anfiteatro donde el rey se habia

106.0 309.0 1142.0 70.0 colocado á fin de turbar, al menos, con el ruido una sesion

109.0 356.0 1141.0 76.0 que el temor no pudo hacer levantar. Admirados los albañiles

108.0 407.0 1138.0 75.0 de la calma de la Asamblea, cesaron sus trabajos y se convir-

111.0 459.0 1075.0 65.0 tieron en testigos atentos de aquella solemne deliberacion.

171.0 505.0 1077.0 72.0 Mirabeau pidió que la Asamblea asegurase su obra, decre-

112.0 561.0 752.0 59.0 tando la inviolabilidad de cada diputado.

172.0 600.0 1078.0 76.0 Hasta el 14 de Julio nada de particular hizo la Asamblea

113.0 656.0 1142.0 66.0 mas que ocuparse en la constitucion; pero fuera de la Asam-

114.0 711.0 819.0 64.0 blea se preparaban grandes acontecimientos.

178.0 879.0 1077.0 40.0 Muy pronto se arrepintio la corte de haber consentido cir

118.0 900.0 1136.0 68.0 un momento de espanto, en la reunion de los estados ó clases.

115.0 949.0 1141.0 69.0 Los progresos mismos de la moderacion de la Asamblea eran

118.0 1000.0 1143.0 66.0 un objeto de alarma para ciertos hombres, que temian, sobre

118.0 1046.0 1145.0 70.0 todo, ver que un estado de cosas regular llegara á ser la obra.

118.0 1118.0 354.0 46.0 de sus adversarios.

182.0 1146.0 1080.0 67.0 Los frutos de conciliacion y de paz que se alcanzaban con

118.0 1195.0 1144.0 66.0 el contacto de las clases, se perdieron cuando se supo que la

120.0 1246.0 1141.0 61.0 Córte hacia avanzar inmensas tropas hácia Versalles y París.

122.0 1295.0 1142.0 64.0 Treinta mil hombres tenian como sitiados á los diputados en

125.0 1343.0 1141.0 64.0 Versalles el 7 de Julio, y varios jefes de regimiento manifesta-

122.0 1393.0 1142.0 66.0 ban públicamente su desprecio á los representantes del pueblo,

125.0 1445.0 725.0 64.0 y el placer que tendrian dispersándolos.

183.0 1490.0 1085.0 66.0 La Asamblea y la nacion desconfiaban de aquellos prepara-

123.0 1539.0 1146.0 65.0 tivos y se preparaban para resistir. El 10 de Julio dirigió la

126.0 1591.0 1143.0 63.0 Asamblea al rey aquella memorable exposicion redactada por

128.0 1638.0 1142.0 58.0 Mirabeau, pidiendo la retirada de las tropas, y oponiendo á la

127.0 1688.0 1146.0 59.0 Córte la única fuerza que realmente tomó la representacion na-

127.0 1738.0 739.0 61.0 cional, su carácter sagrado é inviolable.

188.0 1782.0 1084.0 61.0 Por la tarde del dia 12 de Julio, mientras París todo estaba

129.0 1836.0 1139.0 57.0 insurreccionado, se formó una junta en las casas consistoriales,

128.0 1882.0 1147.0 65.0 la cual gobernó desde entonces á París, poniéndose en corres-

129.0 1935.0 678.0 64.0 pondencia con la Asamblea nacional.
