1896 2640
290 143 458 68 paseando alegramente

288 195 489 62 de Barcelona las puertas,

292 239 463 69 vieron estar esta dama;

286 281 577 73 sabiendo que es de Cadenas,

292 336 480 82 bien pudieran escusarlo,

292 393 441 69 y no meterse con ella.

290 435 524 71 Alfonso con mil requiebros

286 488 577 73 ha empezado á enternecerla;

284 539 515 74 la dama con gran despejo

288 589 550 82 le ha dicho de esta manera:

297 642 431 70 Váyase muy noramala

288 693 443 68 el español á su tierra,

301 752 456 64 y no venga á enamorar

288 794 462 70 las damas barcelonesas,

288 844 383 73 mire que no faltará

297 891 497 72 quien le rompa la cabeza:

288 943 480 77 enfadado Alfonso Tellez

288 1003 471 70 con una risa compuesta,

288 1042 449 62 alzó la mano, y le dió

290 1084 476 73 un bofeton á la hembra,

292 1141 456 80 que le deshizo la cara;

286 1194 528 62 la boca, dientes y muelas

290 1247 445 64 en sangre se los bañó,

297 1295 458 75 y dice: Dile á Cadenas,

290 1350 555 66 que salga á tomar venganza,

295 1401 570 64 que Alfonso Tellez lo espera.

290 1452 419 70 Se salieron paseando

292 1502 571 57 muy poco á poco y sin pena,

295 1548 464 60 al tiempo que Cayetano

292 1601 483 60 llegó con Pedro Cadenas

295 1650 464 59 á la puerta de su dama,

299 1705 489 52 viéndola de esta manera,

295 1749 453 68 dice: Quien es el aleve

299 1790 524 75 que ha ofendido tu belleza,

297 1852 546 57 sabiendo que yo estoy vivo,

308 1892 557 77 y que corres por mi cuenta,

301 1951 432 64 que le quitaré la vida

301 1991 540 70 con esta espada sangrienta?

306 2041 486 71 Respondió muy enojada:

306 2098 499 71 No serás, Pedro Cadenas,

303 2142 417 69 respeto de Barcelona,

299 2191 564 101 si aquesta infamia no vengas,

1061 158 511 59 y cortas la atrevida mano,

1059 200 502 66 y la traes á mi presencia;

1059 244 669 79 pues de esta suerte me han puesto

1054 299 463 64 dos soldados de galera,

1059 343 504 72 el uno es Alfonso Tellez,

1068 402 438 55 y me dijo que salieras.

1057 433 546 86 De que oyen estas razones,

1054 488 522 79 como dos serpientes fieras

1057 539 550 74 van á buscar sus contrarios

1063 594 452 70 por calles y callejuelas.

1052 644 566 71 Junto á la puerta del Angel,

1052 695 729 77 como ambos á dos se encuentran;

1057 752 458 55 Cayetano que los vido,

1057 800 497 58 echó mano á la siniestra,

1057 842 378 79 y Pedro le detenia,

1052 897 496 64 diciendo: vamos á fuera,

1054 941 509 75 á donde no haya socorro,

1057 994 491 75 sino que del cielo venga.

1054 1040 430 82 Se salen de la ciudad

1063 1091 496 94 poco mas de media legua;

1054 1141 408 69 en un escusado sitio

1057 1199 458 59 volvió la cara Cadenas,

1057 1240 515 75 y en altas voces ha dicho:

1054 1295 571 64 aquí ha de ser la pendencia;

1052 1346 507 66 donde quedeis sepultados,

1059 1394 541 62 y que yo vengue mi ofensa.

1057 1438 521 69 Meten mano á las espadas

1052 1487 573 72 con tal ira y con tal fuerza,

1059 1542 416 72 que Cayetano Garcia

1054 1588 520 68 cerró con Diego Contreras,

1059 1643 445 73 y Alfonso Tellez cerró

1059 1694 502 66 con su contrario Cadenas.

1054 1740 487 68 Como son los agraviados

1054 1797 465 64 se tiraban tan de veras,

1059 1841 458 66 con tal ira y tal ahinco,

1054 1885 494 73 estocadas muy soberbias,

1059 1944 482 60 sin reparar de las puntas

1061 1991 495 61 á la que mas presto llega.

1059 2043 506 62 Alfonso, como es valiente,

1054 2083 551 70 le ha dado á Pedro Cadenas

1059 2138 438 66 tres furiosas estocadas,

1059 2191 541 92 que los pechos le atraviesa.

1717 2235 55 81 La
