1901 2640
173 800 1356 126 CURIOSO ROMANCE,

123 915 1467 108 DONDE SE DA CUENTA DE LA HORRIBLE PENDENCIA,

187 1012 1335 66 que pelearon cuatro valerosos soldados en la ciudad de Barcelona por el

231 1060 1262 103 agravio hecho á una dama: el uno se llamaba Alfonso Tellez, el otro Diego

336 1135 1034 90 Contreras, el otro Cayetano Garcia, y el otro Pedro Cadenas.

118 1247 522 70 Atencion noble auditorio,

114 1300 506 64 todo el orbe se suspenda,

112 1350 528 66 mientras mi lengua declara

112 1394 497 71 la mas reñida pendencia,

118 1449 500 62 que sucedió en Barcelona,

107 1500 528 64 siendo la ocasion pequeña,

110 1548 525 62 con cuatro nobles vasallos

112 1588 666 79 del Rey de España, que aumentan

112 1641 495 72 las voces de sus hazañas,

121 1689 558 79 por España y fuera de ella;

129 1749 577 59 porque en diciendo españoles,

116 1797 546 66 todas las naciones tiemblan.

116 1841 464 70 Eran entre los soldados

116 1898 671 64 estos cuatro hombres de prendas,

118 1944 568 69 y por ser hombres de aliento

127 1995 594 62 quiero que sus nombres sepan.

118 2041 445 66 El primero y principal

121 2098 457 62 era Diego de Contreras,

123 2149 466 66 soldado diestro y temido

125 2195 469 110 en castillos y fronteras;

880 1249 365 71 y Cayetano Garcia,

871 1291 515 79 hombre de valor y fuerza.

871 1344 510 72 El otro es Alfonso Tellez,

873 1397 482 63 cuyas hazañas y fuerzas

871 1454 501 64 no me atrevo á numerar;

871 1496 497 70 el otro es Pedro Cadenas,

873 1546 491 68 que es alférez reformado,

871 1601 488 71 sargento vivo en galera.

873 1645 409 73 Vivia en esta ciudad

873 1700 530 68 una dama hermosa y bella,

873 1753 506 66 espejo es de la hermosura,

873 1804 530 63 dama es de Pedro Cadenas.

873 1845 451 69 La solicitaba á tiempo,

877 1905 515 61 que de España sus galeras

873 1944 499 75 llegan á este fuerte muro,

871 1999 471 69 donde salieron en tierra,

875 2054 484 64 estos gallardos mancebos

880 2096 477 71 respetados donde quiera.

877 2138 515 73 Entre ellos Alfonso Tellez,

884 2202 535 99 y el dicho Diego Contreras,

1524 2263 68 66 pa-
