1952 2648
320 158 519 75 la arrastra de los cabellos,

322 218 408 64 y le corta la cabeza,

315 264 532 78 revolcándose en su sangre;

313 313 545 77 de allí se ha ido, y la deja.

320 361 587 78 Va á un convento á retraerse,

315 419 515 64 y un hermano de Cadenas

324 467 473 71 juró de tomar venganza,

309 514 459 70 haciendo las diligencias;

313 562 548 66 supo como en un convento

309 620 463 68 retirado está Contreras,

315 675 455 57 y con dañada intencion

311 703 510 91 lo vido estar en la lglesia.

311 763 446 77 Le tiró un carabinazo,

306 820 466 69 cayó bocabajo en tierra,

311 865 419 72 pidiendo la confesion,

304 915 510 75 fué en valde la diligencia.

300 959 402 78 El delincuente huyó,

306 1017 475 73 pero poco le aprovecha,

309 1072 485 71 que lo cercan y lo cogen,

304 1123 495 64 y á la cárcel se lo llevan.

300 1158 505 79 Dieron cuenta al General,

298 1213 560 77 lo que manda su Excelencia,

302 1273 528 66 que lo lleven y lo amarren

295 1326 480 59 á cuatro fuertes galeras,

300 1376 525 67 que su cuerpo despedacen,

306 1423 557 62 para que escarmiento tengan.

300 1474 479 64 Ya lo sacan de la cárcel,

295 1511 427 73 lo llevan á las galeras,

295 1573 517 62 todas cuatro están en cruz,

291 1617 539 75 lo amarraron con violencia,

295 1670 546 71 y á la voz de un ronco pito

291 1721 446 64 alzan áncoras y velas,

291 1767 590 66 con que quedó aquel cadáver

295 1824 495 62 dividido en cuatro piezas.

293 1864 535 95 Dios les perdone sus almas,

1084 176 556 79 y nos perdone las nuestras,

1081 236 606 70 cuando deste mundo vayamos

1081 284 477 73 á gozar la gloria eterna,

1077 337 468 60 y nos libre de mugeres

1079 386 583 72 porque ellas todo lo enredan,

1079 434 583 80 que no hay desdicha ninguna,

1084 481 543 75 que por mugeres no venga.

1077 538 459 66 Alerta, alerta mugeres,

1073 578 503 81 disponeos á la enmienda,

1075 637 559 73 que una muger fué la causa,

1077 690 495 64 que su galan se perdiera,

1077 734 402 67 y juntamente con él

1068 783 722 79 cuatro hombres de nobles prendas,

1073 842 421 60 y no menos la señora,

1073 891 443 62 que ya referido queda,

1066 931 556 77 que tambien pagó el tributo,

1070 986 548 66 que se le debe á esta deuda.

1059 1026 480 77 Escarmentad valentones,

1059 1076 482 75 no vivais á rienda suelta,

1059 1136 484 66 no mireis á las mugeres,

1062 1187 519 61 que son vívoras tan fieras,

1062 1233 507 64 que matan con su veneno

1062 1286 448 60 aquesta frágil materia.

1055 1330 433 66 Sino llamemos á Dios

1057 1383 572 68 y á la Vírgen Madre nuestra,

1062 1438 530 64 y que despues de esta vida

1064 1487 494 62 gocemos la Gloria eterna.

1059 1527 471 68 Y á Vos, Divina Señora,

1051 1577 472 71 en esta ocasion quisiera,

1055 1630 484 69 valido de vuestra gracia,

1055 1683 517 64 alabar vuestras grandezas.

1057 1725 535 75 Y con esto el que compuso

1051 1780 490 69 el romance, sacra Reina,

1053 1833 461 62 os pide perdon rendido,

1048 1882 508 77 que no alcanzó mas idea.

945 2019 154 114 FIN.

452 2219 1151 91 Barcelona: Imprenta de los Herederos de la Viuda Pla, calle

903 2272 254 115 de Cotoners.
