1737 2508
267 1876 460 69 Corónense de laureles

217 1922 577 67 todos los guapos de España,

219 1977 466 73 al oir de un castellano

223 2021 585 71 triunfos, victorias y palmas,

227 2071 588 71 y los hombres mas valientes

225 2115 544 73 humildes le rindan parias

223 2156 625 78 á este héroe, á este tremendo

219 2215 600 69 segundo Marte en las armas.

225 2267 579 90 Nació en la villa de lllescas

951 1853 625 82 el gran don Juan de la Tierra,

951 1908 539 60 dando aumentos á la fama

953 1954 635 67 el gran don Juan de la Tierra,

953 1993 487 82 de esclarecida prosapia,

951 2031 587 86 aunque un mediano caudal

959 2094 493 69 á su padre le acompaña.

955 2140 478 79 Diéronle estudios y fué

955 2196 549 73 un Séneca en la elegancia

961 2246 454 75 y en manejar el acero

1295 273 216 57 (Num. 23)

330 307 1116 138 DON JUAN DE LA TIERRA.

211 1373 1421 119 ROMANCE EN QUE SE DA CUENTA Y DECLARAN LOS HECHOS,

209 1433 1419 96 arrestos y valentías de éste héroe, natural de la villa de Illescas. Dáse

209 1479 1419 113 cuenta de la reñida pendencia que tuvo en defensa de su rey. Con

518 1536 803 75 todo lo demas que verá el curioso lector.

731 1730 381 117 PIRMERA PARTE.
