1920 2564
528 905 701 139 ROMANCE

151 1049 1433 185 DE DOÑA ANTONIA

498 1217 739 120 DE LISBOA.

196 1322 1309 120 Y ahora nuevamente se ha añadido una Letra à la fin de gusto.

136 1442 633 132 O Alto, y soberano Cielo,

267 1521 532 77 en tí pongo mi memoria,

138 1572 435 60 para contar, y dezir

128 1619 554 66 lo que sucedió en Lisboa,

177 1668 626 73 Con un Galan, y una Dama,

126 1715 624 79 que se quieren, y se adoran;

128 1769 620 70 y el amor que estos se tienen

124 1822 707 77 es firme, y no ay quien le rompe.

175 1863 547 72 Un Domingo de mañana,

124 1905 551 79 salió Don Pedro de Rojas

126 1965 633 90 mas galan que el Sol que sale

126 2014 543 73 à la puerta de su Aurora.

175 2064 554 76 La vió estar en un balcon

121 2106 531 156 à la linda Doña Antonia,

874 1472 556 79 y enternecido le ha dicho

865 1540 481 58 mil caricias amorosas.

923 1581 545 66 Mi alma, en tu corazon;

870 1628 601 74 mi bien, en tu pecho mora,

870 1685 457 58 ablanda la ingratitud

874 1720 588 79 que has tenido hasta ahora.

921 1773 605 81 Mi fortuna está en tu mano,

870 1831 601 64 y está en tus ojos mi gloria,

876 1875 507 69 y esse pecho tan tirano,

868 1925 626 72 lleno de un cristal, y aljofar.

917 1980 515 64 Ella pagado de aquesto,

872 2025 532 71 le ha respondido gozosa,

870 2072 611 75 le estimo, señor Don Pedro,

865 2121 567 150 le estimo, sino es lisonja.

1432 2158 94 123 Que
