1922 2638
362 213 498 65 De dia crió las plantas,

318 260 546 71 las flores y arboles bellos,

318 315 536 61 aves, pezes, y animales,

316 357 582 73 que ilustran los Elementos.

369 407 510 63 Al sexto dia del mundo

319 454 544 67 à nuestro Padre primero,

319 505 531 65 formó à semejanza suya,

319 558 585 63 de aquel barro Damasceno.

373 609 464 54 De dia dixo el Señor:

326 653 530 68 Adán este arbol te vedo,

321 702 548 67 nunca de su fruta comas,

322 754 554 68 ni quiebres este precepto.

360 794 682 83 Pero en fin pecó, como hombre

322 852 620 71 porque de su Esposa à ruego

319 901 582 66 comió de dia aquella fruta,

321 951 629 64 la gracia entonces perdieron.

370 1006 484 56 De dia quedó desnudo

318 1043 632 79 él, y su Esposa, y cogiendo

318 1099 555 67 algunas hojas de higuera,

316 1144 660 70 cubrieron los dos sus cuerpos.

367 1194 456 63 De dia le dixo Dios:

316 1233 719 78 Adán donde estás? que has hecho?

316 1297 634 60 dime, como has quebrantado

318 1346 558 63 mi divino Mandamiento?

372 1392 586 72 Adán respondió al Señor,

316 1447 537 55 entonces, assi diziendo:

319 1489 535 65 Esta muger que me díste

318 1537 488 64 ha sido la causa dello.

319 1590 531 67 Enojado contra Adán

319 1637 472 65 el Señor dixo severo:

316 1691 556 55 Con el sudor de tu rostro

313 1738 553 66 has de ganar tu sustento.

369 1790 529 59 Al justo Abel inocente,

313 1831 579 69 Cain su hermano protervo

313 1883 540 66 de dia le dió la muerte,

318 1937 567 56 con notable atrevimiento.

362 1981 444 66 De dia le dixo Dios

316 2028 654 69 à Caín, que andava huyendo:

318 2081 693 60 Dime, donde está tu hermano?

318 2129 675 67 y el Respondió muy soberbio:

353 2174 696 74 Soy yo guarda de mi hermano,

318 2232 580 105 para saber dél por cierto?

1071 215 622 78 y entonces Dios le maldixo,

1074 269 581 62 porque execut ó tal hecho.

1120 312 504 66 De dia el maldito Cam

1079 356 664 85 vió à su Padre Noé durmiendo,

1079 413 526 72 y porque del hizo burla,

1076 460 593 74 le echó su maldicion luego.

1115 510 522 70 De dia muchos Profetas

1071 565 551 68 anunciaron y escrivieron

1079 614 565 63 que à redemirnos vendria

1079 659 444 64 el Mesias verdadero.

1121 706 444 72 De dia baxó Moysés

1073 753 629 76 del monte los Mandamientos,

1068 806 669 77 que Dios mandó los guardasse,

1077 858 553 63 y los enseñasse al Pueblo.

1121 907 444 60 El Nazareno Sanson

1074 951 553 70 de dia derribó el Templo,

1076 1006 651 71 con solo arrimarse à un Poste,

1076 1053 431 69 y mató los Filisteos.

1122 1099 574 70 De dia el Pastor David

1071 1151 559 72 mató aquel Gigante fiero,

1070 1210 539 59 que tanto temor causava

1067 1247 630 76 con su arrogancia y esfuerzo.

1117 1298 460 69 De dia librò el Señor

1071 1346 485 75 à Israel de cautiverio;

1076 1398 338 66 y de dia dividió

1071 1446 579 69 las aguas del mar Vermejo.

1122 1497 489 60 De dia el Profeta Elias

1073 1538 517 72 el Manto dexó à Eliseo,

1073 1598 542 62 al ir rompiendo los ayres

1074 1642 534 69 en aquel Carro de fuego.

1122 1689 505 62 De dia el paciente Job,

1074 1745 595 69 todos sus bienes perdiendo,

1074 1789 490 69 en un muladar estava,

1073 1837 579 74 de podre, y gusanos lleno.

1122 1886 517 77 En la Ribera de un Rio

1074 1938 434 68 al Gigante Cananeo

1080 1988 559 53 se apareció Christo un dia

1080 2038 554 63 en forma de Niño tierno.

1125 2082 552 69 Passeme de la otra parte

1077 2135 598 66 dixo asi te premie el Cielo,

1080 2180 616 72 porque el Rio es caudaloso,

1077 2237 581 90 y yá ves que yo no puedo.
