1876 2588
300 176 533 82 Ay de ti prenda querida

308 243 596 69 vivo imán de mis potencias,

310 294 576 65 no siento mi muerte, no,

302 345 598 61 solo siento, que te quedas

300 383 541 80 en poder de esta canalla

308 435 510 69 enemigos de la lglesia:

308 491 510 74 Virgen de Consolacion

306 534 620 79 Madre, y Patrona de Utrera

306 586 665 84 que amparais vuestros devotos,

310 644 560 67 sacame de aquesta tierra,

312 690 590 74 que yo os prometo Señora

310 746 571 72 dentro de mi casa mesma

312 792 520 69 de haceros una Capilla,

313 834 535 86 para que con reverencia

319 888 535 71 adoren tu Santa Imagen

319 935 683 80 los Christianos, que esto sepan.

319 986 483 77 Apenas huvo acabado

315 1041 583 73 de hazer aquesta promesa,

317 1086 559 77 quando quedóse dormido

322 1135 603 75 mas de dos horas, y media;

329 1187 466 75 y luego que dispertó

323 1235 606 82 se halló Don Alfonso fuera,

326 1289 509 72 por portentoso milagra

328 1337 493 72 de la Soberana Reyna,

333 1386 510 71 Virgen de Consolacion

332 1421 622 90 que à sus devotos consuela.

332 1482 547 76 Fué à buscar su quarida,

332 1531 538 76 y llamandola à la puerta

335 1582 552 77 salió à recibirlo al punto,

335 1637 535 78 y contando su tragedia,

1012 184 580 60 quiso la Madre de Gracia,

1015 225 630 76 que en casa no los sintieran;

1028 278 498 72 se fueron à la marina,

1028 323 590 79 y en una Lancha pequeña,

1027 378 656 76 que entre otras muchas estava

1025 427 498 69 bordeando las arenas,

1030 474 546 73 se metieron cuydadosos,

1031 523 646 76 y el viento en favor los lleva,

1029 571 581 80 por las christalinas aguas,

1034 627 576 76 y en siete horas, y media,

1029 683 551 67 con contento, y alegria

1029 728 574 63 descubrieron las Almenas

1034 772 563 75 de la Ciudad de Almeria:

1040 821 581 80 y desembarcando en tiera,

1040 869 585 75 le dieron cuenta al Obispo

1043 923 641 74 de aquesta infausta tragedia,

1036 976 526 74 los desposaron al punto

1038 1022 692 76 con mucha pompa, y grandeza,

1042 1080 546 58 dandole infinitas gracias

1051 1127 484 66 à la Soberana Reyna,

1057 1170 512 73 Virgen de Consolacion

1051 1212 643 82 Madre, y patrona de Utrera,

1055 1275 669 70 y oy viven con gran contento

1042 1322 607 75 dentro de la Ciudad mesma.

1055 1373 527 61 Y ahora noble auditorio

1036 1416 507 74 aqui el homilde poeta

1049 1468 516 71 de rodillas por el suelo

1049 1522 537 65 os pide con reverencia,

1058 1567 606 72 que le perdones las faltas

1054 1614 696 86 que en este pliego se encierran.

971 1715 172 72 FIN.

448 1959 1235 98 Barcelona: En la Imprenta de los Herederos de Juan Jolis

717 2021 665 95 en la calle de los Algodoneros.
