1524 2436
2 109 38 53 2

56 133 582 76 Mas Lucinda que no duerme,

8 192 463 67 y con ansias se desvela,

4 239 455 77 los despojos de Cupido

4 292 459 73 dan fin á la primavera.

60 332 555 82 Y fué, que estando Belardo

8 389 463 71 algo quejoso una siesta

14 444 591 71 al pié de una hermosa fuente,

6 499 502 59 cuyas corrientes risueñas

58 548 547 60 Con gargantillas murmuran,

2 594 516 67 lo que distribuyen perlas,

12 637 613 81 al son de un fino instrumento,

18 696 528 63 cuyas concertadas cuerdas

62 740 482 71 Dan alivio á sus acentos,

14 791 455 75 y lastimosas querellas;

24 844 449 75 y para darles principio,

12 901 408 57 decia desta manera:

75 937 597 77 Vírgen, pues vos sois mi madre,

18 992 528 65 usad en mí de clemencia;

12 1037 583 71 ó fortuna, que en mi nombre

14 1092 418 69 atrevida te despeñas,

67 1144 416 61 Deten el curso voraz

12 1193 426 65 á tu voladora rueda,

14 1238 485 71 en la cláusula de un dia

14 1297 546 69 dió mi signo tantas vueltas.

71 1343 382 65 Si nací para penar,

18 1392 500 65 el cielo me dé paciencia:

18 1443 524 67 mas Lucinda que no pudo

20 1496 473 65 resistir tantas querellas,

73 1550 424 65 Se arrojó despavorida

22 1593 571 59 de entre unas matas espesas,

26 1640 656 69 que está escuchando á su amante

26 1695 451 60 estas lastimosas quejas.

81 1747 579 63 Y hácia donde está el cautivo

34 1798 498 69 paso entre paso se fuera,

26 1847 490 63 le dice: Cristiano amigo,

34 1893 579 76 ¿qué tienes que te lamentas?

85 1942 494 67 Puedes á las peñas duras

32 1999 545 61 ablandar con tus querellas:

34 2052 508 61 Sirena soy, y en tu canto

32 2099 526 71 la memoria traigo impresa.

91 2151 575 61 Y entre mi amor y tus versos

34 2200 476 87 hallan alivio mis penas:

705 138 499 64 volvió el cristiano la cara,

711 184 461 71 y mirando á la princesa

753 233 433 65 Con una dulce sonrisa

707 286 463 63 le dice de esta manera:

707 332 502 78 ¿Cuando merecí, Señora,

713 385 487 73 que tu majestad me vea?

753 426 610 85 Por ser gran dicha en un triste

711 483 498 77 el que le mire una reina.

709 531 532 80 Dijo Lucinda: Es mi gloria

709 594 420 65 mirar estas azucenas,

755 641 610 69 Se me ha perdido un diamante

711 682 536 69 al pié de aquestas macetas,

717 732 429 75 y ahora lo vine hallar

719 775 530 85 junto á esta fuente risueña.

759 834 547 73 El cristiano que la entiende

713 891 463 59 le dice de esta manera:

705 933 434 67 Ese diamante, Señora,

713 988 532 63 es un fuego que te quema.

762 1033 428 73 Lucinda se avergonzó

717 1090 477 61 al verse así descubierta,

717 1140 475 59 le dice: Dueño del alma,

721 1183 477 65 dulce y regalada prenda,

762 1236 508 61 Los diamantes de tus ojos

719 1282 601 72 son dos luces que me queman:

725 1335 565 75 yo me muero, y tú lo sabes,

727 1388 447 71 y si tú no lo remedias,

768 1437 520 67 Los volcanes de tu pecho

725 1487 575 63 me harán perder la paciencia.

727 1536 410 67 Belardo dijo: Señora,

723 1587 502 69 repórtate que estás ciega,

768 1634 560 73 Que soy cristiano y cautivo,

729 1682 508 78 y vengo de pobre esfera;

723 1731 549 81 y tú mora, y deste imperio

725 1786 437 67 eres reina y heredera;

778 1831 489 69 Y mal puede haber amor

725 1877 510 71 donde la ley no empareja.

731 1938 451 63 Dijo Lucinda: Belardo,

731 1989 455 67 no seas de esa manera:

778 2034 559 67 Eres niño, y no lo entiendes,

741 2084 498 77 y es cosa muy verdadera,

733 2135 658 69 que el amor siempre halla trazas,

737 2192 524 95 por alcanzar lo que desea.
