1486 2018
176 67 360 79 Quinto Romance.

15 169 479 73 Cuando ya triste y solo

10 218 449 74 don Rodrigo Calderón,

10 257 550 86 al Page que está de guardia

13 314 453 74 desta manera le habló:

15 366 461 67 Bien sabrás amigo mio,

18 415 483 79 triste y pensativo estoy,

16 464 542 79 desque aquel dia en que oí

20 516 558 67 en Montancho aquel cantor,

20 558 523 81 dijo que maté á la Reyna,

25 610 594 77 ay Dios, que grande traicion!

38 664 436 82 pagaré yo con la vida,

31 718 391 69 pero no la debo yo.

30 770 414 65 Para quitarle la cruz

31 813 431 73 el Comendador Mayor

31 857 536 79 al Marqués de siete Iglesias

33 916 448 66 desta manera le habló:

38 965 370 65 Perdone vuseñoria,

42 1005 558 81 que manda el Rey mi Señor,

40 1057 611 78 que le quite esta encomienda;

50 1108 520 75 péname á fé de quien soy.

48 1156 529 71 Y viendo el de siete lglesias

40 1210 468 61 resuelto al Comendador,

40 1251 525 82 la Cruz que traía al pecho

40 1304 421 73 de presto se la quitó,

48 1358 495 68 que los nobles Caballeros

47 1404 479 72 han de mostrar el valor.

55 1459 433 62 Y al Hábito que vestia

47 1505 447 69 desta manera le habló:

50 1557 446 62 Perdonad Hábito santo,

55 1604 463 74 que no he merecido yo,

55 1651 512 74 que se adornára mi pecho

53 1700 544 67 con vuestro sagrado honor.

57 1750 545 71 Mientras aqui habeis estado,

55 1801 502 74 Cruz pareciste en rincon,

63 1853 494 75 y porque todos me pisen,

55 1900 530 89 os me mandan quitar hoy.

742 53 567 69 Mas perdonadme Cruz santa,

742 104 505 65 si es que os hice traicion,

745 149 475 72 y entre tantos enemigos,

752 196 602 71 qne haré yo, mi Cruz sin vos?

745 245 486 82 Estando en estas razones

748 302 369 64 una triste voz oyó

748 349 441 68 á la puerta de la sala,

760 401 520 64 que llaman con un cordon,

750 445 562 71 dos Frailes de san Francisco,

752 497 530 69 de la Orden que es Menor.

757 544 540 76 Dijoles: Deo gracias Padres,

765 596 394 80 y el hábito les besó,

757 655 454 68 dijoles que se sentasen,

764 702 518 68 respondieron: Gran Señor,

767 746 540 79 ya no es hora de sentarnos,

764 798 447 68 vuestra vida se acabó;

765 849 428 79 y venimos á exortarle

775 894 478 81 que ponga firme su amor

765 946 475 64 en Cristo Rey Soberano,

772 993 483 73 que á todos nos redimió;

772 1040 540 74 que las diez ya son del dia,

769 1088 467 84 y en este punto las dió,

770 1140 539 77 y á las once (segun dicen)

775 1187 603 82 ya habreis dado cuenta á Dios.

770 1244 571 76 Sacó un Cristo de la manga,

769 1293 424 79 y dióselo á Calderón,

774 1340 525 79 y tomándole en sus manos,

779 1394 439 64 desta manera le habló:

785 1446 563 62 Vos sois el Rey de los Reyes,

784 1495 439 65 Vos el supremo Señor,

784 1540 567 67 que los Reyes de este mundo

782 1594 446 62 de polvo y ceniza son.

782 1639 433 74 Esto dijo don Rodrigo,

792 1695 468 67 y á los Padres se volvió,

785 1738 507 74 las mercedes de los Reyes,

785 1792 431 69 dineros prestados son,

790 1841 507 72 que los piden á su tiempo

789 1895 454 79 con soberbia ejecucion.

1346 1922 54 79 Cal-
