1908 2643
141 158 480 77 La púrpura derramando,

138 222 531 59 manchando la tosca arena,

138 270 494 60 como se va desangrando,

136 312 538 69 le van faltando las fuerzas;

134 367 487 60 con la espada y la daga

134 411 566 64 con su contrario se encierra,

134 464 513 71 le ha tirado una estocada,

136 513 535 70 que sin que reparo hiciera,

143 561 511 71 por un párpado de un ojo

136 614 580 64 le entró la punta sangrienta,

141 669 431 60 que el cérebro le pasó

134 715 586 64 de espada mas de una tercia.

138 766 507 59 Alfonso cayó de espaldas

141 814 460 62 difunto sobre la arena;

138 861 507 68 Cadenas muy mal herido,

136 911 522 66 sobre una gabia se sienta,

138 960 403 72 los ojos al cielo alza,

145 1017 571 62 y á Dios llama muy de veras,

138 1068 441 61 le dice: Pastor divino,

141 1112 484 72 yo soy la perdida oveja,

143 1165 537 63 que se vuelve á tu rebaño;

143 1215 421 60 ea, Señor, recogedla.

141 1259 471 66 Con esto llegó la parca,

138 1317 547 63 corta el brio que le alienta,

143 1367 520 62 espiró, y partióse el alma

143 1409 528 66 á el tribunal á dar cuenta.

143 1458 509 63 Volvamos ahora á los dos,

143 1506 469 73 que fuertemente pelean,

143 1570 383 53 cansados de pelear,

138 1614 522 57 ambos se pidieron treguas,

147 1662 452 62 para descansar un rato,

136 1709 573 64 se sientan sobre dos piedras;

143 1755 498 66 ya se mira el uno al otro,

138 1799 505 70 hablándole así Contreras:

138 1852 595 68 Todo el mundo tengo andado,

141 1902 605 78 y he estado en diversas tierras,

141 1955 394 71 y he tenido desafíos

138 2002 531 74 y muy reñidas pendencias,

145 2063 471 62 y no he hallado ninguno

138 2107 569 75 que á mi valor no obedezca:

136 2154 452 68 ambos estamos heridos,

138 2204 467 117 dejemos esta pendencia;

909 151 441 71 y Cayetano responde:

901 207 502 68 Mi fama no lo consiente;

912 255 460 79 pues que se dirá de mí

907 310 520 71 en el puerto y las galeras,

905 365 533 66 que te he dejado con vida,

903 411 509 71 viendo muerto á Cadenas,

909 471 503 57 que si en aquesta ocasion

905 510 500 73 un Bernardo te volvieras,

905 568 472 64 dos mil vidas te quitara

907 621 533 61 con esta espada sangrienta,

909 660 525 66 muy presto te ha de pasar

905 709 562 70 en volviendo á la pendencia.

907 764 516 61 Echan mano á las espadas

905 814 604 67 con tal brio y con tal fuerza,

914 861 659 75 que en breve tiempo han armado

912 909 509 73 la batalla mas sangrienta,

912 955 548 75 que el Sol no acierta á salir

907 1021 465 56 á resplandecer la tierra,

907 1072 447 60 en ver estos dos leones

905 1110 474 63 de la suerte que pelean.

905 1165 518 66 Cayetano es muy valiente,

914 1215 502 62 pero le faltan las fuerzas,

907 1264 516 61 que tiene cinco estocadas,

914 1321 447 57 y cortada una muñeca.

905 1354 401 73 Retirando pies atras,

905 1409 467 73 huyendo de la soberbia

905 1471 502 61 de Contreras, que parece

901 1519 546 57 un bravo leon que sueltan,

903 1565 544 73 tropezó y cayó de espaldas,

901 1610 412 72 le dice desta manera:

903 1662 551 75 Pues con la paz me rogaste,

905 1711 454 66 razon es que obedezca.

905 1762 593 77 Dijo Contreras: no es tiempo;

898 1810 509 70 le dió la muerte violenta:

905 1863 445 66 y desque se vido solo,

907 1920 470 62 ya la noche venia cerca,

901 1966 524 69 tendiendo su manto negro,

901 2010 465 66 á la ciudad dió la vuelta.

901 2059 528 75 Se fué en casa de la dama,

898 2107 428 64 le dice desta manera:

909 2154 562 81 Traidora, pues fuístes causa,

903 2204 465 121 aquí pagarás tu ofensa;

1577 2261 29 97 la
