1842 2604
301 167 567 84 Mes si la Iglesia nous' vol

243 227 604 78 no se quin consell donarvos

241 286 530 69 solament per vostre mal

243 340 489 54 ne se un y es Casarvos

245 384 493 69 si sou grans Estudiants

241 434 610 73 de mi no podreu queixarvos

241 488 497 61 si sou grans Estudiants

236 535 595 83 despues tindreu lo descans.

288 620 580 83 Lo queus dic per vostre bé

238 677 576 80 nous ha de costar quimera

243 739 447 61 per despido sols diré

241 785 625 69 que quant torneu de Cervera

243 835 484 59 si sou grans Estudiants

238 883 533 84 ja tothom vos ne venera

994 186 496 80 si sou grans Estudiants

990 243 563 82 tots vos besarán las mans.

1036 329 436 85 Gracias á la Trinitát

988 388 615 76 que en Vich ja no feu tabola

986 444 545 68 tenint un tan gran Prelát

986 494 564 76 dich vostre Veyan y Mola

983 549 496 65 si sou grans Estudiants

986 596 521 65 sereu credit de sa escola,

988 644 495 69 si sou grans Estudiants

983 690 552 78 ell vos donará al descans.

1029 755 545 113 Gracias á Deu que ab tal

986 837 547 78 mola tota la Estudiantina

981 887 511 82 en Vich fa bona farina.

842 996 198 173 FI.

397 1234 1101 130 Barcelona: En la Estampa dels Hereus de Joan Jolis,

701 1343 511 87 al carrer dels Cotoners.
