1897 2672
314 144 593 71 el que usted me dé una tarde

312 195 559 69 licencia, que vendré presto.

312 242 537 76 Diósela, y tomó su manto,

309 291 446 69 llevándose con secreto

314 351 403 60 una pistola del amo,

320 398 498 71 y en busca del cavallero

312 449 590 65 fué, y hallándole á su puerta

312 496 508 78 hablando con dos sujetos,

309 543 480 76 le hizo una seña tapada,

318 596 506 78 y él la siguió muy ligero,

318 661 462 58 y en una escusada calle

309 694 593 74 lo esperó con grande aliento;

316 754 444 72 y asi que le vió llegar

312 799 512 71 se destapó, y dijo luego:

312 859 479 62 cavallero falso, ingrato,

314 899 426 69 alevoso, y desatento,

309 950 569 67 me conoces? Y él responde:

309 1004 609 73 si te he visto, no me acuerdo.

309 1048 468 76 Y apenas lo pronunció,

309 1099 533 65 cuando con gentil denuedo

314 1160 450 64 sacó ayrada la pistola,

325 1213 526 62 y por medio de los pechos

307 1246 584 74 le metió el tiro, y las valas:

316 1313 475 65 y dejándolo por muerto,

307 1358 386 62 al sagrado se retira

312 1405 470 60 en un dichoso convento

316 1454 417 73 de monjas se refugió,

314 1503 486 71 donde con cristiano celo

314 1551 461 67 la recibieron, y estuvo

316 1600 546 76 todos los dias, y el tiempo,

318 1656 393 67 que la justicia gastó

318 1707 444 60 en declarar el suceso:

316 1765 464 60 aunque no se dilataron,

323 1810 573 73 porque don Francisco viendo,

323 1868 577 64 que está cercano á la muerte,

318 1919 535 58 con grande arrepentimiento

318 1955 426 73 se confesó, y declaró

318 2006 402 67 lo que referido dejo.

314 2055 510 67 La perdonó, y la justicia

312 2110 526 58 de su parte hizo lo mismo.

320 2159 533 72 Al fin murió don Francisco

323 2213 508 67 (téngale Dios en el cielo)

316 2264 368 62 acabado el funeral

1041 142 579 82 con todos sus cumplimientos,

1045 202 473 71 le entregaron á la dama

1045 249 475 76 joyas, galas, y dineros,

1045 309 470 65 y no las quiso admitir;

1043 351 582 74 solo mandó, que al baquero,

1043 400 573 74 de quien se hallava obligada,

1038 447 464 76 le dieran para remedio

1043 505 510 62 de su casa y su pobreza,

1045 547 555 78 lo que quisieran de aquello.

1043 603 470 71 Hicieronlo asi, y quedó

1047 654 453 80 agradecido en extremo.

1049 699 542 66 Y despues de esto, escrivió

1045 748 486 69 todo el caso por extenso

1043 806 528 69 á sus padres, como queda

1041 859 483 69 en un santo monasterio,

1043 908 452 67 á donde tomó sagrado,

1049 959 498 67 y que estava con intento

1045 1013 421 62 de quedarse religiosa,

1045 1057 450 60 si su merced para ello

1043 1104 508 76 le dá licencia, y perdona

1045 1164 430 65 el ya cometido yerro.

1045 1211 450 64 Abrió la carta gustoso,

1049 1262 531 67 pero luego halló el veneno

1045 1313 537 60 de el desprecio de su casa,

1045 1360 626 73 de su sangre y de sus deudos;

1049 1407 573 73 y entre enojado y prudente,

1045 1447 544 76 buscando el mejor remedio,

1049 1516 413 62 eligió por mas suave

1045 1563 464 51 el dejar en el convento

1045 1614 484 60 á su hija, y perdonarla,

1049 1665 446 65 y darle todo el dinero,

1049 1714 431 60 que para ser religiosa

1047 1770 457 55 necesitava, y con esto

1049 1819 428 60 echarle su bendicion;

1045 1854 430 74 lo cual ejecutó luego,

1047 1914 564 61 con una carta y un propio,

1061 1963 590 72 que envió al mismo convento,

1054 2010 412 65 á donde dicen murió

1054 2061 394 61 la que referida dejo.

1052 2110 488 67 Dios le perdone su alma,

1054 2166 575 67 y á nosotros nos dé el cielo;

1061 2222 465 62 y las faltas le perdonen

1049 2266 408 67 á Geronimo Romero.

965 2333 145 42 FIN.

316 2353 1427 98 Barcelona : Imprenta de los Herederos de la Viuda Pla, calle Cotoners.
