1878 2590
263 179 590 75 obscuros los instrumentos,

269 238 489 69 poderoso el enemigo,

273 293 534 55 sobornado el Escrivano,

274 332 628 80 y el Juez pagado, y servido,

277 391 579 69 por lo que quedó de todos

276 434 529 75 despreciado, y abatido.

277 490 580 68 Aqui fueron los sollozos,

284 541 569 63 aqui fueron los suspiros,

277 587 618 73 aqui fue el clamar al Cielo,

280 640 546 62 aqui fue el pedir auxilio.

283 690 580 66 En medio de tantas penas,

287 746 615 58 y en medio de tal conflicto:

287 795 592 56 Un Lunes, por la mañana,

286 841 545 53 derechamente se ha ido

289 886 495 73 ázia la Iglesia mayor,

293 933 600 78 y yá que en ella se ha visto

293 989 609 65 con muy cordial devocion,

290 1036 616 70 delante de un Santo Christo

302 1088 575 61 se ha postrado de rodillas,

302 1136 597 69 y de esta manera ha dicho:

297 1187 435 66 Ea, Divino Señor,

303 1238 613 59 esto, mi bien ya está visto;

297 1280 536 78 Justicia no hay para mi,

297 1338 535 70 que solo la halla el rico,

299 1385 554 78 yo estoy yá desamparado

305 1437 631 69 de Parientes, y de Amigos,

305 1490 621 85 no ay uno, que me socorra

1017 176 662 65 lo que encuentro es enemigos,

1018 234 628 55 solo en vos tengo esperanza,

1020 271 655 78 solo en vos, mi Dios, confio,

1020 328 443 61 á vos apelo, Señor,

1018 376 518 67 á vos apelo, Dios mio,

1020 425 447 65 amparame cariñoso,

1021 476 488 66 favorecedme benigno.

1027 522 534 75 Ea, Señor, que me voy

1028 575 529 73 por esse mundo perdido

1033 625 588 75 à empeñar vuestra palabra,

1033 680 564 71 para el sustento; y alivio

1031 732 505 63 de tantas necessidades,

1033 779 552 67 que me tienen impelido.

1030 834 610 59 De puerta en puerta andaré

1039 882 564 66 como quál otro mendigo,

1041 930 577 70 y si el hombre me faltare,

1039 975 640 75 no me falteis vos, Dios mio;

1039 1023 706 87 pues bien sabeis; que en mi pecho

1050 1083 518 70 os llevo bien esculpido.

1049 1136 535 53 Dexemos en este estado

1050 1179 499 67 à este triste y afligido,

1040 1233 512 67 prometiendo, darle fin

1039 1279 565 69 en otro segundo escrito:

1039 1325 663 76 Y en tanto, Letor, paciencia,

1036 1387 654 77 que yo tambien la he tenido,

1049 1436 486 67 y en la segunda verás

1028 1482 464 107 este caso concluido.

1621 2174 103 119 SE-
