1905 2650
237 219 689 87 Y por mi Sangre á los hombres

185 282 541 59 de mi Gloria los heredo,

187 329 539 77 pues oy usurpo la culpa,

185 381 536 76 que los usurpó primero.

244 432 588 70 Vestirme de trage humano,

188 479 637 76 y en Pan, y Vino me quedo,

185 531 579 71 dando al sediento á beber,

187 580 585 78 y de comer al hambriento.

235 630 674 76 Entré en el mundo tan pobre,

187 681 515 74 y tan amigo del ageno,

188 722 710 84 que hallé en el quien me vendió

187 781 559 72 por solos treinta dineros.

235 827 609 76 Adan, y Eva, y á sus hijos,

185 880 698 75 desde oy les perdono, y quiero,

188 933 678 75 que pues yo los hago proprios,

187 986 673 59 no han de ser mas estrangeros.

238 1033 569 68 Y a mis queridos Profetas

187 1083 506 66 conmigo verlos deseo,

185 1118 651 83 que los Santos por sí mismos,

185 1177 643 77 son dignos de mayor premio.

235 1229 601 73 Al hombre pues le perdono

185 1277 531 71 le daré franco mi Cielo,

191 1332 594 66 y al que antes le sugetava,

197 1385 620 66 yo le tendrè mas sugeto.

241 1431 566 70 Y á mi Divina Justicia

187 1491 602 62 tenganle todos respeto,

187 1531 512 70 que justifica los Justos,

187 1581 509 70 y castiga los sobervios.

234 1632 563 59 Al hombre doy mi tesoro

182 1673 622 76 por lo mucho que le quiero,

184 1725 698 74 pues tambien le quiero, y amo,

182 1779 612 70 que por él en Cruz me veo.

229 1825 563 74 De aquesta grave Passion

181 1875 614 72 doce horas ha que padezco,

181 1928 635 65 que estoy en la Cruz clavado

181 1981 623 60 pagando lo que no devo.

232 2028 573 68 T ngo mi Cuerpo llagado

179 2080 594 67 por rehedificar mi Templo,

182 2134 613 65 y por pagar muchas culpas,

179 2183 529 91 tengo muchos agujeros.

948 275 649 70 no tendrá el hombre remedio,

997 213 501 79 Ya con la antigua Ley

951 329 479 62 mi testamento reciba,

956 378 608 68 porque este es el verdadero.

954 478 553 59 en mi nuevo Testamento

1003 426 543 64 Al fin quiero declararme

956 528 669 59 pues voy venciendo la muerte,

956 581 617 66 aunque por vencerla muero.

954 680 623 64 mi muerte al Sepulcro dexo,

1001 628 621 69 Mi Espiritu mando al Padre,

953 727 613 56 mando a mi Madre, à Juan,

956 771 641 69 y al Santo Ladron mi Reyno.

1000 827 635 68 Mando que le dén al hombre

953 877 576 72 el Sacramento mi Cuerpo,

963 931 532 67 y se juntarán dos cosas

954 977 725 71 Dios, y Hombre en un momento.

1006 1029 433 64 Y al fin esto acabo,

957 1074 573 69 y dixo à su Padre Eterno:

957 1132 589 61 en vuestras manos, Señor,

956 1179 608 70 mi Espiritu os encomiendo.

1043 1326 559 75 Romance á la Assumpcion.

945 1422 551 121 OY la Paloma Divina,

966 1476 715 74 en quien nunca se vió falta

953 1529 445 61 para subir á su nido

954 1579 525 64 el dulce buelo levanta.

1003 1625 523 63 Es la Paloma la Virgen

951 1678 481 62 Maria llena de gracia,

953 1726 579 64 oy sube á reynar al Cielo

953 1782 439 58 de virtudes rodeada.

987 1825 564 66 Lleva en sus divinos pies

953 1880 571 58 la Luna preciosa, y clara,

948 1927 616 66 y assi van dos Lunas juntas,

948 1977 573 62 una bella, y otra galana.

970 2028 556 59 Sube la Virgen preciosa

947 2081 576 55 de resplandor tan cercada,

945 2130 568 62 que à los Angeles admira,

945 2180 578 85 y á toda la Corte espanta.

1518 2221 108 68 Pre-
