1885 2623
260 115 476 66 diciendo lo que le pasa,

260 168 507 70 que la sacase al proviso;

258 218 540 63 mas no fué tan en secreto,

273 266 547 72 pues lo cogió don Francisco;

255 323 508 59 hallola firme y constante,

260 373 466 59 segun por lo contenido.

264 415 512 65 Volvió otra vez indignado,

264 476 477 57 y á doña Leonor le dijo:

255 515 508 70 Mira, infame, este papel,

262 570 501 68 que envias á don Jacinto.

260 620 492 68 Encerróla, y dispusieron,

262 671 488 69 que el Vicario al proviso

255 727 525 59 con don Fernando la case,

266 775 451 73 por escusar un peligro.

262 824 418 63 Quisiera escribir aquí

260 874 503 72 las lágrimas, los suspiros,

260 931 514 63 los sollozos. los lamentos,

258 974 461 68 los pesares y los gritos

268 1022 497 73 que la triste dama hacia;

260 1075 588 66 muy bien se dice ello mismo:

260 1130 446 61 si el disimular la pena

266 1175 473 73 no le fuera tan preciso,

266 1230 370 66 rebentara de dolor,

262 1276 439 70 mas volvióse basilisco,

266 1337 575 59 cual vívora y cual serpiente,

268 1383 517 68 que con su veneno mismo

266 1429 435 66 antepone su venganza,

266 1477 521 64 destruyendo á su enemigo.

277 1527 459 70 Tuvo lugar, y escribió,

271 1578 487 72 diciéndole á don Jacinto:

273 1628 404 72 Esposo mio y señor,

271 1687 472 61 dueño del alma querido,

268 1737 576 61 hoy mi padre de por fuerza,

273 1783 477 70 con harto dolor lo digo,

275 1838 468 63 con que pena lo refiero,

277 1884 551 74 y con que llanto lo escribo,

271 1930 559 72 hoy me ha casado mi padre,

273 1989 509 65 hoy te perdí, dueño mio:

273 2041 553 57 de este pesar, de esta pena,

273 2085 439 70 las lágrimas hilo á hilo

273 2142 474 61 de mis ojos se despeñan,

273 2183 503 74 remediarlo no he podido:

279 2240 451 68 yo casada sin mi gusto,

273 2284 479 67 rebiento solo en decirlo:

282 2341 509 98 yo verme con otro dueño,

1073 113 571 79 yo en brazos de mi enemigo:

1071 181 538 50 ea, mueran los que causan

1073 222 481 66 tus disgustos y los mios.

1071 275 527 63 Para esta noche te espero,

1071 325 481 61 vendrás bien apercibido,

1075 378 464 56 que una criada avisada

1073 426 556 63 te entrará en el cuarto mio.

1073 469 580 68 Muera, muera don Fernando,

1075 518 571 78 pues mi padre lo ha querido,

1073 570 420 74 y nos irémos los dos,

1073 631 523 59 que en otro reyno distinto

1075 673 446 65 nos casarémos los dos,

1075 727 490 62 que ya tengo prevenidos

1071 778 503 67 muchos doblones y joyas,

1073 826 490 72 muchas sortijas y anillos.

1073 872 525 67 Esto, Señor, te encarezco,

1075 924 578 72 no haya falta en lo que digo.

1080 972 494 64 Todo aquel dia se estuvo

1078 1022 520 73 el padre con los padrinos,

1075 1079 457 64 trazando para la noche

1073 1127 455 68 mil fiestas y regocijos;

1078 1180 398 65 y la cautelosa dama

1078 1226 376 65 al inocente marido,

1080 1272 485 74 por encubrir la ponzoña,

1075 1326 486 66 mostraba amor y cariño.

1080 1381 505 59 Vino la noche, y con ella

1078 1427 465 65 á la puerta don Jacinto

1078 1475 500 63 bien prevenido de armas,

1084 1530 418 59 y la criada al proviso

1078 1575 524 73 le ha tomado por la mano,

1082 1630 571 68 y en su cuarto lo ha metido,

1080 1672 455 72 sin que nadie reparara,

1086 1720 505 83 y allí se quedó escondido,

1080 1781 485 66 cual áspid emponzoñado

1080 1827 463 65 entre las flores metido:

1082 1877 470 61 allí aguarda al inocente,

1093 1927 409 70 para picarle atrevido.

1082 1975 549 73 Llegó en fin la media noche,

1080 2024 431 70 se dió fin al regocijo;

1089 2078 470 70 ya todos los convidados

1082 2122 507 68 á sus casas se habian ido.

1084 2174 538 66 Entró Leonor en su cuarto,

1078 2231 518 61 halló en él á don Jacinto;

1082 2282 418 59 allí trazaron el como

1078 2330 500 98 han de lograr su designio.

1677 2376 76 104 En-
