1915 2576
143 197 625 77 passando muchos estanques,

145 255 541 62 con un fuego tan activo

150 300 652 76 que horror causa imaginarlo,

143 349 561 73 quanto ni mas el decirlo.

141 401 608 71 En medio de tantas llamas,

141 444 526 73 vido muchos conocidos

137 491 627 75 blasfemando, y maldiciendo

137 547 659 75 de aqueste mundo los vicios.

143 592 559 77 Entraronse mas à dentro,

137 639 582 80 y alli vido, que oprimidos

135 699 549 71 en un lado tan estrecho,

130 751 531 66 avia un gran laberinto;

133 795 664 76 muchos hombres, y mugeres,

138 851 655 73 que davan muy recios gritos;

135 900 581 70 unos maldicen sus padres,

137 947 651 77 otros el pan que han comido,

137 1006 636 64 y estos segun sus tormentos,

133 1043 551 71 al instante se hizo juicio

131 1099 572 70 en este mundo avian sido

131 1152 517 62 deshonestos excessivos.

130 1197 456 68 Mas adelante passó,

137 1249 535 64 y encontró un elado rio

130 1296 542 67 tendiendo por el la vista

128 1346 520 62 en medio de tanto frio,

127 1396 602 70 qué tropel de Condenados

128 1443 667 75 que alli estavan dando gritos!

134 1501 624 64 Qué temblores que les dava,

127 1545 666 79 valgame Dios, que conflicto!

124 1597 574 73 mas para templar el yelo,

130 1644 555 64 baxa otro mas veloz rio

124 1687 605 81 de un fuego tan abundante,

123 1745 541 71 con hedor tan excessivo,

124 1793 528 73 que solamente à la vista

123 1838 616 82 le sirvió de grande martirio;

125 1894 590 72 y juntos ya, fuego, y yelo

123 1943 521 63 executan bien su oficio.

124 1993 460 73 Y mas abaxo advirtió

124 2047 460 68 un tan elevado risco

121 2096 588 66 que no alcanzó à ver el fin,

123 2150 625 88 por mas que quiso inquirirlo

895 218 509 65 por alli los condenados

894 270 520 66 baxaban como racimos.

891 319 510 71 Passaron mas adelante

893 372 564 63 y entraron en un Castillo

887 416 585 73 con las paredes de fuego,

860 457 657 81 la techumbre de lo mismo;

894 515 602 80 Qué de llamas que arrojava

885 569 466 67 aquel voráz edificio!

887 619 609 70 Qué lamentos que se oian!

884 671 661 70 Qué ansias, y qué conflictos!

885 714 584 75 Entre muchos condenados

884 767 440 68 avia uno en un sitio

878 815 581 78 mas alto, que los demas,

875 862 511 76 en una silla oprimido,

878 916 654 75 rodeado de un grande fuego,

877 967 714 76 pues era el mayor que la ha visto.

878 1014 623 77 Entonces dixo el Demonio:

877 1061 583 81 Ven acá, repara, amigo,

875 1111 535 78 mira bien aquella silla,

871 1164 664 83 y al que está en ella metido,

875 1216 561 72 por si al caso le conoces,

877 1263 609 82 que discurro le avrás visto.

877 1310 455 71 Puso los ojos en él,

880 1366 589 69 y con prontitud ha dicho:

873 1411 604 78 Aqueste es cierto Notario,

871 1466 610 71 que se hallava quando vivo

874 1512 565 76 en Tarragona mi patria,

870 1565 565 73 exerciendo alli su oficio;

868 1608 586 83 fui à pedirle unos papeles,

875 1668 544 67 y no pude conseguirlos.

868 1708 610 73 Entonces dixo el Demonio:

871 1758 495 80 Ven acá tu fementido;

863 1811 422 73 conoces este señor,

863 1867 634 70 que à la vista está conmigo?

865 1910 624 77 Que ahullidos tan horrendos

864 1962 588 77 dió al instante que le vido,

855 2004 620 89 que votos, y que blasfemias,

869 2062 572 78 que maldiciones ha dicho!

863 2110 475 72 Maldito sea mi padre,

858 2163 609 119 mi madre, muger, é hijos:

1408 2235 113 77 mal-
