1904 2616
481 732 873 96 NUEVO, Y CURIOSO

334 893 1283 188 ROMANCE,

190 1084 1450 94 EN QUE SE DA CUENTA, Y DECLARA

187 1158 1452 91 los hechos, arrestos, y valentías de Don Juan de la

190 1235 1448 87 Tierra, natural de la Villa de Illescas. Dáse cuenta

254 1299 1315 99 de las reñidas pendencias que tuvo en defensa de

453 1370 907 99 su Rey. Con todo lo demás que verá

686 1447 539 84 el curioso Lector.

529 1572 763 94 PRIMERA PARTE.

181 1704 606 129 COronense de Laureles

209 1767 697 83 todos los guapos de España

190 1812 500 67 al oi r de un Castellano

190 1858 625 79 triunfos, victorias, palmas;

193 1912 612 74 y los hombres mas valientes

190 1956 557 74 humildes le rindan párias

190 2007 677 82 à este Heroe, à este tremendo,

190 2060 629 73 segundo marte en las Armas.

188 2102 614 83 Nació en la Villa de Illescas,

188 2153 575 120 dando aumentos à la fama,

937 1713 641 97 el gran Don Juan de la Tierra

937 1777 501 65 de esclarecida prosapia,

938 1821 588 74 aunque un mediano caudal

941 1874 518 69 à su padre le acompaña.

936 1918 531 75 Dieronle Estudios, y fué

936 1972 591 71 un Seneca en la elegancia;

936 2027 479 64 y en manejar el azero

930 2071 517 68 exedia à otro Carranza;

930 2120 540 71 aqui se cumple el refrán,

928 2171 631 107 hombre pobre todo es trazas.

1494 2233 101 79 Sa-
