<?xml version="1.0" encoding="UTF-8"?>
<alto xmlns:xsi="http://www.w3.org/2001/XMLSchema-instance"
      xmlns="http://www.loc.gov/standards/alto/ns-v4#"
      xsi:schemaLocation="http://www.loc.gov/standards/alto/ns-v4# http://www.loc.gov/standards/alto/v4/alto-4-2.xsd">
  <Description>
    <MeasurementUnit>pixel</MeasurementUnit>
    <sourceImageInformation>
      <fileName>BCN_063_6.jpg</fileName>
      
    </sourceImageInformation>
  </Description>
  
  <Tags>
    <OtherTag ID="BT1290" LABEL="CustomZone:impresorNum" DESCRIPTION="block type CustomZone:impresorNum"/><OtherTag ID="BT1291" LABEL="CustomZone:numero_pliego" DESCRIPTION="block type CustomZone:numero_pliego"/><OtherTag ID="BT1292" LABEL="CustomZone:title" DESCRIPTION="block type CustomZone:title"/><OtherTag ID="BT1293" LABEL="GraphicZone:illustration" DESCRIPTION="block type GraphicZone:illustration"/><OtherTag ID="BT1294" LABEL="GraphicZone:ornamentation" DESCRIPTION="block type GraphicZone:ornamentation"/><OtherTag ID="BT1295" LABEL="MainZone" DESCRIPTION="block type MainZone"/><OtherTag ID="BT1296" LABEL="MainZone:columns" DESCRIPTION="block type MainZone:columns"/><OtherTag ID="BT1297" LABEL="MarginTextZone:colophon" DESCRIPTION="block type MarginTextZone:colophon"/><OtherTag ID="BT1298" LABEL="MarginTextZone:note" DESCRIPTION="block type MarginTextZone:note"/><OtherTag ID="BT1299" LABEL="MusicZone" DESCRIPTION="block type MusicZone"/><OtherTag ID="BT1300" LABEL="NumberingZone:page" DESCRIPTION="block type NumberingZone:page"/><OtherTag ID="BT1301" LABEL="QuireMarksZone:catchwords" DESCRIPTION="block type QuireMarksZone:catchwords"/><OtherTag ID="BT1302" LABEL="QuireMarksZone:signature" DESCRIPTION="block type QuireMarksZone:signature"/><OtherTag ID="BT1303" LABEL="RunningTitleZone" DESCRIPTION="block type RunningTitleZone"/>
    <OtherTag ID="LT480" LABEL="CustomLine:propriedad" DESCRIPTION="line type CustomLine:propriedad"/><OtherTag ID="LT481" LABEL="CustomLine:trailer" DESCRIPTION="line type CustomLine:trailer"/><OtherTag ID="LT482" LABEL="DefaultLine" DESCRIPTION="line type DefaultLine"/><OtherTag ID="LT483" LABEL="HeadingLine" DESCRIPTION="line type HeadingLine"/>
  </Tags>
  
  <Layout>
    <Page WIDTH="1936"
          HEIGHT="2683"
          PHYSICAL_IMG_NR="313"
          ID="eSc_dummypage_">
      <PrintSpace HPOS="0"
                  VPOS="0"
                  WIDTH="1936"
                  HEIGHT="2683">
        
        <TextBlock HPOS="267"
                   VPOS="220"
                   WIDTH="668"
                   HEIGHT="2084"
                   ID="block_0"
                   TAGREFS="BT1296">
          <Shape><Polygon POINTS="935 220 935 2304 267 2304 267 220"/></Shape>
          
          
          <TextLine ID="eSc_line_dcd74aad"
                    TAGREFS="LT482"
                    BASELINE="290 295 790 288" 
                    HPOS="288"
                    VPOS="232"
                    WIDTH="502"
                    HEIGHT="74">
            <Shape><Polygon POINTS="617 232 577 234 557 236 534 239 512 239 490 241 467 243 445 245 423 245 400 248 378 250 355 252 333 252 311 254 288 257 290 295 290 306 790 304 790 288 785 248 619 232 617 232"/></Shape>
	    <String CONTENT="A Vos, celestial Princesa,"
                    HPOS="288"
                    VPOS="232"
                    WIDTH="502"
                    HEIGHT="74"></String>
          </TextLine>

          
          
          <TextLine ID="eSc_line_cd394267"
                    TAGREFS="LT482"
                    BASELINE="299 346 848 337" 
                    HPOS="297"
                    VPOS="286"
                    WIDTH="551"
                    HEIGHT="76">
            <Shape><Polygon POINTS="678 290 662 290 649 299 628 290 611 292 606 292 590 299 492 292 476 292 454 295 431 295 416 295 297 306 299 346 299 362 846 355 848 337 846 299 816 286 814 286 812 286 707 299 680 290 678 290"/></Shape>
	    <String CONTENT="que sois la luz de la gracia,"
                    HPOS="297"
                    VPOS="286"
                    WIDTH="551"
                    HEIGHT="76"></String>
          </TextLine>

          
          
          <TextLine ID="eSc_line_901bee39"
                    TAGREFS="LT482"
                    BASELINE="293 397 848 386" 
                    HPOS="290"
                    VPOS="339"
                    WIDTH="558"
                    HEIGHT="72">
            <Shape><Polygon POINTS="760 339 738 339 736 339 734 339 725 351 713 351 640 342 626 342 611 342 599 353 597 353 590 353 525 344 514 344 496 344 463 355 461 355 458 355 436 344 425 346 420 346 400 355 396 357 382 357 302 346 299 346 297 346 295 346 290 348 293 397 293 411 846 406 848 386 843 348 763 339 760 339"/></Shape>
	    <String CONTENT="fuente hermosa de piedades,"
                    HPOS="290"
                    VPOS="339"
                    WIDTH="558"
                    HEIGHT="72"></String>
          </TextLine>

          
          
          <TextLine ID="eSc_line_b2ee234e"
                    TAGREFS="LT482"
                    BASELINE="299 447 765 440" 
                    HPOS="297"
                    VPOS="393"
                    WIDTH="468"
                    HEIGHT="74">
            <Shape><Polygon POINTS="499 395 476 395 454 395 449 395 297 404 299 447 299 467 765 456 765 440 760 402 510 393 499 395"/></Shape>
	    <String CONTENT="que misericordia manas,"
                    HPOS="297"
                    VPOS="393"
                    WIDTH="468"
                    HEIGHT="74"></String>
          </TextLine>

          
          
          <TextLine ID="eSc_line_e17b6a9d"
                    TAGREFS="LT482"
                    BASELINE="293 498 713 489" 
                    HPOS="290"
                    VPOS="449"
                    WIDTH="423"
                    HEIGHT="63">
            <Shape><Polygon POINTS="293 498 293 509 709 512 713 489 709 451 290 449 293 498"/></Shape>
	    <String CONTENT="intercede con tu hijo,"
                    HPOS="290"
                    VPOS="449"
                    WIDTH="423"
                    HEIGHT="63"></String>
          </TextLine>

          
          
          <TextLine ID="eSc_line_861802f7"
                    TAGREFS="LT482"
                    BASELINE="295 545 774 541" 
                    HPOS="293"
                    VPOS="500"
                    WIDTH="481"
                    HEIGHT="58">
            <Shape><Polygon POINTS="295 545 295 558 774 556 774 541 767 500 293 505 295 545"/></Shape>
	    <String CONTENT="se adolezca de mi alma;"
                    HPOS="293"
                    VPOS="500"
                    WIDTH="481"
                    HEIGHT="58"></String>
          </TextLine>

          
          
          <TextLine ID="eSc_line_34a2d2fb"
                    TAGREFS="LT482"
                    BASELINE="302 605 819 588" 
                    HPOS="299"
                    VPOS="538"
                    WIDTH="520"
                    HEIGHT="85">
            <Shape><Polygon POINTS="769 543 747 543 725 543 718 543 299 561 302 605 302 623 819 601 819 588 812 538 769 538 769 543"/></Shape>
	    <String CONTENT="y que perdone mis culpas"
                    HPOS="299"
                    VPOS="538"
                    WIDTH="520"
                    HEIGHT="85"></String>
          </TextLine>

          
          
          <TextLine ID="eSc_line_db662c5b"
                    TAGREFS="LT482"
                    BASELINE="299 650 857 639" 
                    HPOS="297"
                    VPOS="585"
                    WIDTH="560"
                    HEIGHT="92">
            <Shape><Polygon POINTS="812 590 790 590 767 590 745 592 722 592 700 592 678 594 655 594 646 594 619 594 611 596 597 596 297 608 299 650 302 677 349 666 564 672 588 672 590 672 593 672 595 672 635 659 854 666 857 639 850 585 812 585 812 590"/></Shape>
	    <String CONTENT="que conozco que son tantas"
                    HPOS="297"
                    VPOS="585"
                    WIDTH="560"
                    HEIGHT="92"></String>
          </TextLine>

          
          
          <TextLine ID="eSc_line_b6667769"
                    TAGREFS="LT482"
                    BASELINE="302 699 749 688" 
                    HPOS="299"
                    VPOS="646"
                    WIDTH="450"
                    HEIGHT="76">
            <Shape><Polygon POINTS="302 699 302 722 749 710 749 688 743 646 299 661 302 699"/></Shape>
	    <String CONTENT="que las arenas del mar"
                    HPOS="299"
                    VPOS="646"
                    WIDTH="450"
                    HEIGHT="76"></String>
          </TextLine>

          
          
          <TextLine ID="eSc_line_bbe9db99"
                    TAGREFS="LT482"
                    BASELINE="297 751 760 744" 
                    HPOS="295"
                    VPOS="702"
                    WIDTH="465"
                    HEIGHT="67">
            <Shape><Polygon POINTS="297 751 297 769 760 769 760 744 754 702 295 706 297 751"/></Shape>
	    <String CONTENT="no llegan á numerarlas,"
                    HPOS="295"
                    VPOS="702"
                    WIDTH="465"
                    HEIGHT="67"></String>
          </TextLine>

          
          
          <TextLine ID="eSc_line_15a64b93"
                    TAGREFS="LT482"
                    BASELINE="306 804 696 791" 
                    HPOS="304"
                    VPOS="751"
                    WIDTH="392"
                    HEIGHT="71">
            <Shape><Polygon POINTS="306 804 306 822 696 809 696 791 689 751 304 753 306 804"/></Shape>
	    <String CONTENT="pero tu misericordia"
                    HPOS="304"
                    VPOS="751"
                    WIDTH="392"
                    HEIGHT="71"></String>
          </TextLine>

          
          
          <TextLine ID="eSc_line_b22bb696"
                    TAGREFS="LT482"
                    BASELINE="313 851 729 842" 
                    HPOS="311"
                    VPOS="802"
                    WIDTH="418"
                    HEIGHT="69">
            <Shape><Polygon POINTS="313 851 313 871 727 860 729 842 722 802 311 809 313 851"/></Shape>
	    <String CONTENT="jamás á nadie le falta."
                    HPOS="311"
                    VPOS="802"
                    WIDTH="418"
                    HEIGHT="69"></String>
          </TextLine>

          
          
          <TextLine ID="eSc_line_33c6eea2"
                    TAGREFS="LT482"
                    BASELINE="302 901 749 894" 
                    HPOS="299"
                    VPOS="849"
                    WIDTH="450"
                    HEIGHT="78">
            <Shape><Polygon POINTS="302 901 302 916 438 927 440 927 443 927 461 918 472 914 476 918 481 923 481 925 483 925 485 925 487 927 577 927 577 925 579 925 588 921 611 912 649 921 655 923 658 923 660 923 669 923 720 912 743 923 749 894 743 849 299 854 302 901"/></Shape>
	    <String CONTENT="Y dichas estas razones,"
                    HPOS="299"
                    VPOS="849"
                    WIDTH="450"
                    HEIGHT="78"></String>
          </TextLine>

          
          
          <TextLine ID="eSc_line_439edb3e"
                    TAGREFS="LT482"
                    BASELINE="299 952 756 939" 
                    HPOS="297"
                    VPOS="898"
                    WIDTH="459"
                    HEIGHT="67">
            <Shape><Polygon POINTS="299 952 299 965 756 959 756 939 752 905 606 898 604 898 503 905 353 916 297 907 299 952"/></Shape>
	    <String CONTENT="la mazmorra se llenaba"
                    HPOS="297"
                    VPOS="898"
                    WIDTH="459"
                    HEIGHT="67"></String>
          </TextLine>

          
          
          <TextLine ID="eSc_line_2b6dcd53"
                    TAGREFS="LT482"
                    BASELINE="304 1003 816 992" 
                    HPOS="302"
                    VPOS="947"
                    WIDTH="514"
                    HEIGHT="72">
            <Shape><Polygon POINTS="304 1003 304 1019 816 1015 816 992 810 947 302 956 304 1003"/></Shape>
	    <String CONTENT="de un resplandor celestial,"
                    HPOS="302"
                    VPOS="947"
                    WIDTH="514"
                    HEIGHT="72"></String>
          </TextLine>

          
          
          <TextLine ID="eSc_line_92ce18bb"
                    TAGREFS="LT482"
                    BASELINE="306 1057 823 1044" 
                    HPOS="304"
                    VPOS="994"
                    WIDTH="519"
                    HEIGHT="81">
            <Shape><Polygon POINTS="756 994 754 994 752 994 734 1006 731 1006 698 997 696 997 693 997 642 1006 628 1010 304 1010 306 1057 306 1075 823 1062 823 1044 819 1006 758 994 756 994"/></Shape>
	    <String CONTENT="y á los niños se arrimaba,"
                    HPOS="304"
                    VPOS="994"
                    WIDTH="519"
                    HEIGHT="81"></String>
          </TextLine>

          
          
          <TextLine ID="eSc_line_769b7fc4"
                    TAGREFS="LT482"
                    BASELINE="306 1106 834 1095" 
                    HPOS="304"
                    VPOS="1053"
                    WIDTH="530"
                    HEIGHT="69">
            <Shape><Polygon POINTS="306 1106 306 1122 832 1117 834 1095 828 1053 304 1062 306 1106"/></Shape>
	    <String CONTENT="quebrantando las prisiones,"
                    HPOS="304"
                    VPOS="1053"
                    WIDTH="530"
                    HEIGHT="69"></String>
          </TextLine>

          
          
          <TextLine ID="eSc_line_91ccbec3"
                    TAGREFS="LT482"
                    BASELINE="302 1153 863 1144" 
                    HPOS="299"
                    VPOS="1104"
                    WIDTH="564"
                    HEIGHT="69">
            <Shape><Polygon POINTS="389 1106 367 1106 344 1106 322 1106 320 1104 299 1104 302 1153 302 1173 861 1167 863 1144 857 1104 391 1104 389 1106"/></Shape>
	    <String CONTENT="sueltos los dos se quedaban,"
                    HPOS="299"
                    VPOS="1104"
                    WIDTH="564"
                    HEIGHT="69"></String>
          </TextLine>

          
          
          <TextLine ID="eSc_line_5706ef06"
                    TAGREFS="LT482"
                    BASELINE="308 1209 884 1193" 
                    HPOS="306"
                    VPOS="1153"
                    WIDTH="578"
                    HEIGHT="74">
            <Shape><Polygon POINTS="308 1209 308 1227 718 1209 881 1216 884 1193 877 1153 306 1162 308 1209"/></Shape>
	    <String CONTENT="y hacia su madre se arriman,"
                    HPOS="306"
                    VPOS="1153"
                    WIDTH="578"
                    HEIGHT="74"></String>
          </TextLine>

          
          
          <TextLine ID="eSc_line_b5cf06f5"
                    TAGREFS="LT482"
                    BASELINE="317 1254 828 1243" 
                    HPOS="315"
                    VPOS="1200"
                    WIDTH="513"
                    HEIGHT="76">
            <Shape><Polygon POINTS="317 1254 317 1276 825 1263 828 1243 821 1200 315 1214 317 1254"/></Shape>
	    <String CONTENT="y con alhagueñas palabras"
                    HPOS="315"
                    VPOS="1200"
                    WIDTH="513"
                    HEIGHT="76"></String>
          </TextLine>

          
          
          <TextLine ID="eSc_line_4a17cba3"
                    TAGREFS="LT482"
                    BASELINE="304 1305 736 1294" 
                    HPOS="302"
                    VPOS="1249"
                    WIDTH="434"
                    HEIGHT="72">
            <Shape><Polygon POINTS="570 1249 568 1249 548 1263 467 1263 373 1254 371 1254 369 1254 344 1265 302 1254 304 1305 304 1321 736 1319 736 1294 729 1249 608 1258 588 1249 570 1249"/></Shape>
	    <String CONTENT="le decian: madre mia,"
                    HPOS="302"
                    VPOS="1249"
                    WIDTH="434"
                    HEIGHT="72"></String>
          </TextLine>

          
          
          <TextLine ID="eSc_line_aa7bcaa9"
                    TAGREFS="LT482"
                    BASELINE="306 1354 821 1341" 
                    HPOS="304"
                    VPOS="1299"
                    WIDTH="517"
                    HEIGHT="67">
            <Shape><Polygon POINTS="306 1354 306 1366 821 1357 821 1341 814 1299 304 1316 306 1354"/></Shape>
	    <String CONTENT="conoces á quien te habla?"
                    HPOS="304"
                    VPOS="1299"
                    WIDTH="517"
                    HEIGHT="67"></String>
          </TextLine>

          
          
          <TextLine ID="eSc_line_e903e0ab"
                    TAGREFS="LT482"
                    BASELINE="308 1404 854 1395" 
                    HPOS="306"
                    VPOS="1345"
                    WIDTH="548"
                    HEIGHT="74">
            <Shape><Polygon POINTS="308 1404 308 1419 854 1410 854 1395 848 1345 306 1359 308 1404"/></Shape>
	    <String CONTENT="Quedó la Cristiana entonces"
                    HPOS="306"
                    VPOS="1345"
                    WIDTH="548"
                    HEIGHT="74"></String>
          </TextLine>

          
          
          <TextLine ID="eSc_line_a9d486c8"
                    TAGREFS="LT482"
                    BASELINE="311 1455 718 1446" 
                    HPOS="308"
                    VPOS="1406"
                    WIDTH="410"
                    HEIGHT="60">
            <Shape><Polygon POINTS="311 1455 311 1466 718 1464 718 1446 711 1406 308 1415 311 1455"/></Shape>
	    <String CONTENT="del caso maravillada,"
                    HPOS="308"
                    VPOS="1406"
                    WIDTH="410"
                    HEIGHT="60"></String>
          </TextLine>

          
          
          <TextLine ID="eSc_line_195c9958"
                    TAGREFS="LT482"
                    BASELINE="317 1515 423 1502 747 1495" 
                    HPOS="315"
                    VPOS="1455"
                    WIDTH="432"
                    HEIGHT="74">
            <Shape><Polygon POINTS="317 1515 317 1529 747 1515 747 1495 740 1455 315 1464 317 1515"/></Shape>
	    <String CONTENT="y postrada de rodillas,"
                    HPOS="315"
                    VPOS="1455"
                    WIDTH="432"
                    HEIGHT="74"></String>
          </TextLine>

          
          
          <TextLine ID="eSc_line_2f6a7d8b"
                    TAGREFS="LT482"
                    BASELINE="313 1553 861 1544" 
                    HPOS="311"
                    VPOS="1495"
                    WIDTH="550"
                    HEIGHT="79">
            <Shape><Polygon POINTS="467 1502 447 1502 438 1511 434 1513 425 1511 396 1506 378 1509 355 1511 333 1515 331 1511 311 1515 313 1553 313 1574 859 1558 861 1544 854 1495 564 1511 528 1509 474 1502 467 1502"/></Shape>
	    <String CONTENT="asi ha dicho en voces altas:"
                    HPOS="311"
                    VPOS="1495"
                    WIDTH="550"
                    HEIGHT="79"></String>
          </TextLine>

          
          
          <TextLine ID="eSc_line_ab397a0f"
                    TAGREFS="LT482"
                    BASELINE="311 1605 796 1596" 
                    HPOS="308"
                    VPOS="1556"
                    WIDTH="488"
                    HEIGHT="67">
            <Shape><Polygon POINTS="311 1605 311 1623 794 1616 796 1596 792 1556 308 1556 311 1605"/></Shape>
	    <String CONTENT="Dime quien eres, Señora,"
                    HPOS="308"
                    VPOS="1556"
                    WIDTH="488"
                    HEIGHT="67"></String>
          </TextLine>

          
          
          <TextLine ID="eSc_line_3af6480c"
                    TAGREFS="LT482"
                    BASELINE="322 1656 812 1643" 
                    HPOS="320"
                    VPOS="1598"
                    WIDTH="492"
                    HEIGHT="72">
            <Shape><Polygon POINTS="322 1656 322 1670 812 1656 812 1643 805 1598 320 1616 322 1656"/></Shape>
	    <String CONTENT="que tanta alegria causas?"
                    HPOS="320"
                    VPOS="1598"
                    WIDTH="492"
                    HEIGHT="72"></String>
          </TextLine>

          
          
          <TextLine ID="eSc_line_9d31488a"
                    TAGREFS="LT482"
                    BASELINE="317 1705 904 1696" 
                    HPOS="315"
                    VPOS="1656"
                    WIDTH="589"
                    HEIGHT="61">
            <Shape><Polygon POINTS="360 1656 337 1656 315 1656 317 1705 317 1717 904 1712 904 1696 899 1656 382 1656 360 1656"/></Shape>
	    <String CONTENT="Yo soy la Virgen del Carmen,"
                    HPOS="315"
                    VPOS="1656"
                    WIDTH="589"
                    HEIGHT="61"></String>
          </TextLine>

          
          
          <TextLine ID="eSc_line_e198f22f"
                    TAGREFS="LT482"
                    BASELINE="313 1757 711 1746" 
                    HPOS="311"
                    VPOS="1708"
                    WIDTH="400"
                    HEIGHT="60">
            <Shape><Polygon POINTS="313 1757 313 1768 709 1766 711 1746 705 1708 311 1714 313 1757"/></Shape>
	    <String CONTENT="devota mia, levanta,"
                    HPOS="311"
                    VPOS="1708"
                    WIDTH="400"
                    HEIGHT="60"></String>
          </TextLine>

          
          
          <TextLine ID="eSc_line_f23d1691"
                    TAGREFS="LT482"
                    BASELINE="320 1811 888 1795" 
                    HPOS="317"
                    VPOS="1752"
                    WIDTH="571"
                    HEIGHT="76">
            <Shape><Polygon POINTS="320 1811 320 1828 888 1817 888 1795 881 1752 317 1759 320 1811"/></Shape>
	    <String CONTENT="que vengo por tus tres hijos,"
                    HPOS="317"
                    VPOS="1752"
                    WIDTH="571"
                    HEIGHT="76"></String>
          </TextLine>

          
          
          <TextLine ID="eSc_line_7e08d802"
                    TAGREFS="LT482"
                    BASELINE="324 1860 881 1849" 
                    HPOS="322"
                    VPOS="1808"
                    WIDTH="559"
                    HEIGHT="70">
            <Shape><Polygon POINTS="324 1860 324 1878 879 1866 881 1849 875 1808 322 1817 324 1860"/></Shape>
	    <String CONTENT="para cuando á Roma vayas;"
                    HPOS="322"
                    VPOS="1808"
                    WIDTH="559"
                    HEIGHT="70"></String>
          </TextLine>

          
          
          <TextLine ID="eSc_line_1061d14e"
                    TAGREFS="LT482"
                    BASELINE="320 1907 872 1900" 
                    HPOS="317"
                    VPOS="1853"
                    WIDTH="555"
                    HEIGHT="74">
            <Shape><Polygon POINTS="675 1853 653 1855 631 1855 608 1855 586 1855 564 1855 541 1857 519 1857 496 1857 474 1857 452 1857 429 1860 407 1860 384 1860 369 1860 317 1862 320 1907 320 1927 870 1922 872 1900 868 1857 687 1853 675 1853"/></Shape>
	    <String CONTENT="ves aqui á el infante bueno,"
                    HPOS="317"
                    VPOS="1853"
                    WIDTH="555"
                    HEIGHT="74"></String>
          </TextLine>

          
          
          <TextLine ID="eSc_line_461a0d16"
                    TAGREFS="LT482"
                    BASELINE="322 1958 785 1947" 
                    HPOS="320"
                    VPOS="1904"
                    WIDTH="465"
                    HEIGHT="68">
            <Shape><Polygon POINTS="322 1958 322 1972 785 1969 785 1947 778 1904 320 1911 322 1958"/></Shape>
	    <String CONTENT="todas sus heridas sanas."
                    HPOS="320"
                    VPOS="1904"
                    WIDTH="465"
                    HEIGHT="68"></String>
          </TextLine>

          
          
          <TextLine ID="eSc_line_7be61587"
                    TAGREFS="LT482"
                    BASELINE="320 2007 821 1998" 
                    HPOS="317"
                    VPOS="1960"
                    WIDTH="504"
                    HEIGHT="63">
            <Shape><Polygon POINTS="320 2007 320 2023 821 2016 821 1998 816 1963 317 1960 320 2007"/></Shape>
	    <String CONTENT="En los brazos se lo pone,"
                    HPOS="317"
                    VPOS="1960"
                    WIDTH="504"
                    HEIGHT="63"></String>
          </TextLine>

          
          
          <TextLine ID="eSc_line_3112a962"
                    TAGREFS="LT482"
                    BASELINE="337 2063 431 2054 754 2054" 
                    HPOS="335"
                    VPOS="2003"
                    WIDTH="419"
                    HEIGHT="76">
            <Shape><Polygon POINTS="671 2003 649 2003 626 2003 604 2003 581 2003 559 2005 537 2005 514 2005 492 2005 470 2005 447 2005 425 2007 402 2007 380 2007 358 2007 335 2014 337 2063 337 2079 752 2074 754 2054 752 2003 693 2003 671 2003"/></Shape>
	    <String CONTENT="y el pecho se destapa,"
                    HPOS="335"
                    VPOS="2003"
                    WIDTH="419"
                    HEIGHT="76"></String>
          </TextLine>

          
          
          <TextLine ID="eSc_line_ee5ba628"
                    TAGREFS="LT482"
                    BASELINE="333 2110 747 2099" 
                    HPOS="331"
                    VPOS="2059"
                    WIDTH="416"
                    HEIGHT="73">
            <Shape><Polygon POINTS="333 2110 333 2132 747 2121 747 2099 740 2059 331 2068 333 2110"/></Shape>
	    <String CONTENT="y dandole el alimento"
                    HPOS="331"
                    VPOS="2059"
                    WIDTH="416"
                    HEIGHT="73"></String>
          </TextLine>

          
          
          <TextLine ID="eSc_line_b2e2ca45"
                    TAGREFS="LT482"
                    BASELINE="326 2159 745 2148" 
                    HPOS="324"
                    VPOS="2108"
                    WIDTH="421"
                    HEIGHT="65">
            <Shape><Polygon POINTS="326 2159 326 2173 745 2166 745 2148 738 2108 324 2117 326 2159"/></Shape>
	    <String CONTENT="de puro gozo lloraba."
                    HPOS="324"
                    VPOS="2108"
                    WIDTH="421"
                    HEIGHT="65"></String>
          </TextLine>

          
          
          <TextLine ID="eSc_line_188d374d"
                    TAGREFS="LT482"
                    BASELINE="324 2206 754 2200" 
                    HPOS="322"
                    VPOS="2150"
                    WIDTH="432"
                    HEIGHT="81">
            <Shape><Polygon POINTS="658 2153 640 2153 577 2153 568 2155 546 2155 532 2155 492 2155 478 2157 456 2157 434 2157 425 2157 407 2157 389 2159 367 2159 344 2159 342 2157 322 2157 324 2206 324 2231 752 2226 754 2200 747 2150 662 2150 658 2153"/></Shape>
	    <String CONTENT="Mirábale á su cabeza,"
                    HPOS="322"
                    VPOS="2150"
                    WIDTH="432"
                    HEIGHT="81"></String>
          </TextLine>

          
          
          <TextLine ID="eSc_line_60c2c768"
                    TAGREFS="LT482"
                    BASELINE="331 2271 429 2260 828 2251" 
                    HPOS="329"
                    VPOS="2209"
                    WIDTH="499"
                    HEIGHT="105">
            <Shape><Polygon POINTS="331 2271 331 2305 409 2314 411 2314 414 2314 416 2314 416 2311 429 2298 447 2282 494 2293 548 2307 550 2307 552 2307 555 2307 575 2289 577 2287 579 2289 606 2302 608 2302 611 2302 613 2302 615 2302 635 2285 642 2278 825 2271 828 2251 821 2209 329 2220 331 2271"/></Shape>
	    <String CONTENT="y viendo que estaba sana"
                    HPOS="329"
                    VPOS="2209"
                    WIDTH="499"
                    HEIGHT="105"></String>
          </TextLine>

          
        </TextBlock>
        
        <TextBlock HPOS="1007"
                   VPOS="231"
                   WIDTH="650"
                   HEIGHT="2054"
                   ID="block_1"
                   TAGREFS="BT1296">
          <Shape><Polygon POINTS="1657 231 1657 2285 1007 2285 1007 231"/></Shape>
          
          
          <TextLine ID="eSc_line_1fa0c491"
                    TAGREFS="LT482"
                    BASELINE="1029 281 1600 288" 
                    HPOS="1027"
                    VPOS="239"
                    WIDTH="573"
                    HEIGHT="74">
            <Shape><Polygon POINTS="1029 281 1027 301 1333 310 1336 310 1347 308 1396 299 1416 310 1418 313 1421 313 1423 313 1425 313 1427 313 1436 310 1470 301 1595 313 1600 288 1598 239 1029 239 1029 281"/></Shape>
	    <String CONTENT="se admiró del gran prodigio;"
                    HPOS="1027"
                    VPOS="239"
                    WIDTH="573"
                    HEIGHT="74"></String>
          </TextLine>

          
          
          <TextLine ID="eSc_line_6408689e"
                    TAGREFS="LT482"
                    BASELINE="1036 339 1443 328" 
                    HPOS="1034"
                    VPOS="292"
                    WIDTH="409"
                    HEIGHT="67">
            <Shape><Polygon POINTS="1036 339 1036 359 1443 344 1443 328 1436 292 1034 297 1036 339"/></Shape>
	    <String CONTENT="y con alegria estraña"
                    HPOS="1034"
                    VPOS="292"
                    WIDTH="409"
                    HEIGHT="67"></String>
          </TextLine>

          
          
          <TextLine ID="eSc_line_cde8c9f8"
                    TAGREFS="LT482"
                    BASELINE="1031 386 1515 380" 
                    HPOS="1029"
                    VPOS="337"
                    WIDTH="486"
                    HEIGHT="60">
            <Shape><Polygon POINTS="1096 339 1074 339 1051 339 1049 337 1049 337 1047 337 1045 337 1042 337 1029 344 1031 386 1031 397 1512 395 1515 380 1510 344 1110 337 1096 339"/></Shape>
	    <String CONTENT="á la Reyna de los Cielos"
                    HPOS="1029"
                    VPOS="337"
                    WIDTH="486"
                    HEIGHT="60"></String>
          </TextLine>

          
          
          <TextLine ID="eSc_line_10cb0d37"
                    TAGREFS="LT482"
                    BASELINE="1031 435 1568 431" 
                    HPOS="1029"
                    VPOS="384"
                    WIDTH="539"
                    HEIGHT="65">
            <Shape><Polygon POINTS="1186 386 1163 386 1141 386 1119 386 1096 386 1074 386 1051 386 1045 386 1029 393 1031 435 1031 449 1566 444 1568 431 1564 391 1188 384 1186 386"/></Shape>
	    <String CONTENT="de aquesta suerte le habla:"
                    HPOS="1029"
                    VPOS="384"
                    WIDTH="539"
                    HEIGHT="65"></String>
          </TextLine>

          
          
          <TextLine ID="eSc_line_509c0952"
                    TAGREFS="LT482"
                    BASELINE="1031 487 1551 480" 
                    HPOS="1029"
                    VPOS="440"
                    WIDTH="522"
                    HEIGHT="63">
            <Shape><Polygon POINTS="1031 487 1031 498 1546 503 1551 480 1546 444 1029 440 1031 487"/></Shape>
	    <String CONTENT="De donde á mi tanto bien,"
                    HPOS="1029"
                    VPOS="440"
                    WIDTH="522"
                    HEIGHT="63"></String>
          </TextLine>

          
          
          <TextLine ID="eSc_line_fdd5f08f"
                    TAGREFS="LT482"
                    BASELINE="1031 536 1615 532" 
                    HPOS="1029"
                    VPOS="485"
                    WIDTH="586"
                    HEIGHT="62">
            <Shape><Polygon POINTS="1340 485 1338 485 1302 494 1286 498 1237 496 1051 487 1049 487 1047 487 1045 487 1029 496 1031 536 1031 547 1615 545 1615 532 1604 485 1589 496 1533 487 1510 485 1508 485 1506 485 1504 485 1501 489 1490 498 1405 498 1380 491 1342 485 1340 485"/></Shape>
	    <String CONTENT="siendo yo tu indigna esclava?"
                    HPOS="1029"
                    VPOS="485"
                    WIDTH="586"
                    HEIGHT="62"></String>
          </TextLine>

          
          
          <TextLine ID="eSc_line_25ce57c5"
                    TAGREFS="LT482"
                    BASELINE="1031 588 1499 581" 
                    HPOS="1029"
                    VPOS="534"
                    WIDTH="470"
                    HEIGHT="69">
            <Shape><Polygon POINTS="1358 534 1331 534 1320 536 1302 536 1029 545 1031 588 1031 601 1497 603 1499 581 1495 545 1360 534 1358 534"/></Shape>
	    <String CONTENT="Cuando merecí, Señora,"
                    HPOS="1029"
                    VPOS="534"
                    WIDTH="470"
                    HEIGHT="69"></String>
          </TextLine>

          
          
          <TextLine ID="eSc_line_bd905ceb"
                    TAGREFS="LT482"
                    BASELINE="1038 637 1553 632" 
                    HPOS="1036"
                    VPOS="590"
                    WIDTH="517"
                    HEIGHT="62">
            <Shape><Polygon POINTS="1038 637 1038 652 1553 643 1553 632 1548 592 1036 590 1038 637"/></Shape>
	    <String CONTENT="que esa visita se me haga."
                    HPOS="1036"
                    VPOS="590"
                    WIDTH="517"
                    HEIGHT="62"></String>
          </TextLine>

          
          
          <TextLine ID="eSc_line_2f088a50"
                    TAGREFS="LT482"
                    BASELINE="1040 690 1524 684" 
                    HPOS="1038"
                    VPOS="643"
                    WIDTH="486"
                    HEIGHT="59">
            <Shape><Polygon POINTS="1040 690 1040 702 1521 699 1524 684 1519 643 1038 643 1040 690"/></Shape>
	    <String CONTENT="Y le respondió la Virgen"
                    HPOS="1038"
                    VPOS="643"
                    WIDTH="486"
                    HEIGHT="59"></String>
          </TextLine>

          
          
          <TextLine ID="eSc_line_e7ddb72f"
                    TAGREFS="LT482"
                    BASELINE="1034 740 1539 733" 
                    HPOS="1031"
                    VPOS="695"
                    WIDTH="508"
                    HEIGHT="69">
            <Shape><Polygon POINTS="1034 740 1034 751 1181 764 1183 764 1313 762 1316 762 1318 762 1333 751 1365 762 1367 762 1369 762 1539 744 1539 733 1533 695 1031 699 1034 740"/></Shape>
	    <String CONTENT="aquestas dulces palabras:"
                    HPOS="1031"
                    VPOS="695"
                    WIDTH="508"
                    HEIGHT="69"></String>
          </TextLine>

          
          
          <TextLine ID="eSc_line_1e115480"
                    TAGREFS="LT482"
                    BASELINE="1036 791 1481 782" 
                    HPOS="1034"
                    VPOS="744"
                    WIDTH="447"
                    HEIGHT="63">
            <Shape><Polygon POINTS="1036 791 1036 807 1479 802 1481 782 1477 749 1034 744 1036 791"/></Shape>
	    <String CONTENT="Hija, tu gran devocion"
                    HPOS="1034"
                    VPOS="744"
                    WIDTH="447"
                    HEIGHT="63"></String>
          </TextLine>

          
          
          <TextLine ID="eSc_line_c60b9d60"
                    TAGREFS="LT482"
                    BASELINE="1031 840 1510 831" 
                    HPOS="1029"
                    VPOS="782"
                    WIDTH="481"
                    HEIGHT="81">
            <Shape><Polygon POINTS="1477 784 1461 784 1134 802 1029 791 1031 840 1031 863 1508 854 1510 831 1504 782 1477 782 1477 784"/></Shape>
	    <String CONTENT="hizo que mi amor bajára"
                    HPOS="1029"
                    VPOS="782"
                    WIDTH="481"
                    HEIGHT="81"></String>
          </TextLine>

          
          
          <TextLine ID="eSc_line_38ec8580"
                    TAGREFS="LT482"
                    BASELINE="1034 892 1606 885" 
                    HPOS="1031"
                    VPOS="833"
                    WIDTH="575"
                    HEIGHT="74">
            <Shape><Polygon POINTS="1034 892 1034 907 1606 903 1606 885 1602 845 1510 833 1508 833 1031 845 1034 892"/></Shape>
	    <String CONTENT="desde el Cielo hasta la tierra,"
                    HPOS="1031"
                    VPOS="833"
                    WIDTH="575"
                    HEIGHT="74"></String>
          </TextLine>

          
          
          <TextLine ID="eSc_line_845b1395"
                    TAGREFS="LT482"
                    BASELINE="1040 941 1595 934" 
                    HPOS="1038"
                    VPOS="889"
                    WIDTH="557"
                    HEIGHT="65">
            <Shape><Polygon POINTS="1374 889 1351 889 1329 889 1307 889 1284 889 1262 889 1239 889 1217 892 1195 892 1172 892 1150 892 1128 892 1105 892 1083 892 1069 892 1038 901 1040 941 1040 954 1593 947 1595 934 1591 889 1396 889 1374 889"/></Shape>
	    <String CONTENT="que amor con amor se paga."
                    HPOS="1038"
                    VPOS="889"
                    WIDTH="557"
                    HEIGHT="65"></String>
          </TextLine>

          
          
          <TextLine ID="eSc_line_96bcbe62"
                    TAGREFS="LT482"
                    BASELINE="1036 992 1636 988" 
                    HPOS="1034"
                    VPOS="947"
                    WIDTH="602"
                    HEIGHT="59">
            <Shape><Polygon POINTS="1036 992 1036 1003 1633 1006 1636 988 1631 950 1034 947 1036 992"/></Shape>
	    <String CONTENT="Has de saber que este hombre,"
                    HPOS="1034"
                    VPOS="947"
                    WIDTH="602"
                    HEIGHT="59"></String>
          </TextLine>

          
          
          <TextLine ID="eSc_line_e8c138ed"
                    TAGREFS="LT482"
                    BASELINE="1040 1044 1564 1037" 
                    HPOS="1038"
                    VPOS="994"
                    WIDTH="526"
                    HEIGHT="72">
            <Shape><Polygon POINTS="1040 1044 1040 1066 1403 1050 1559 1059 1564 1037 1557 994 1038 999 1040 1044"/></Shape>
	    <String CONTENT="que tanto á ti te maltrata,"
                    HPOS="1038"
                    VPOS="994"
                    WIDTH="526"
                    HEIGHT="72"></String>
          </TextLine>

          
          
          <TextLine ID="eSc_line_444098cc"
                    TAGREFS="LT482"
                    BASELINE="1040 1093 1450 1086" 
                    HPOS="1038"
                    VPOS="1041"
                    WIDTH="412"
                    HEIGHT="67">
            <Shape><Polygon POINTS="1040 1093 1040 1106 1448 1108 1450 1086 1443 1041 1038 1050 1040 1093"/></Shape>
	    <String CONTENT="era muy devoto mio,"
                    HPOS="1038"
                    VPOS="1041"
                    WIDTH="412"
                    HEIGHT="67"></String>
          </TextLine>

          
          
          <TextLine ID="eSc_line_8a14e4fb"
                    TAGREFS="LT482"
                    BASELINE="1045 1146 1537 1133" 
                    HPOS="1042"
                    VPOS="1091"
                    WIDTH="495"
                    HEIGHT="76">
            <Shape><Polygon POINTS="1045 1146 1045 1167 1537 1146 1537 1133 1530 1091 1042 1104 1045 1146"/></Shape>
	    <String CONTENT="y no quiero que su alma"
                    HPOS="1042"
                    VPOS="1091"
                    WIDTH="495"
                    HEIGHT="76"></String>
          </TextLine>

          
          
          <TextLine ID="eSc_line_23b2413b"
                    TAGREFS="LT482"
                    BASELINE="1040 1196 1548 1180" 
                    HPOS="1038"
                    VPOS="1135"
                    WIDTH="510"
                    HEIGHT="85">
            <Shape><Polygon POINTS="1040 1196 1040 1209 1110 1220 1112 1220 1114 1220 1141 1209 1141 1207 1548 1200 1548 1180 1542 1135 1038 1155 1040 1196"/></Shape>
	    <String CONTENT="se pierda, y de su rescate"
                    HPOS="1038"
                    VPOS="1135"
                    WIDTH="510"
                    HEIGHT="85"></String>
          </TextLine>

          
          
          <TextLine ID="eSc_line_db878974"
                    TAGREFS="LT482"
                    BASELINE="1042 1243 1577 1231" 
                    HPOS="1040"
                    VPOS="1189"
                    WIDTH="537"
                    HEIGHT="69">
            <Shape><Polygon POINTS="1042 1243 1042 1258 1577 1256 1577 1231 1571 1189 1040 1198 1042 1243"/></Shape>
	    <String CONTENT="tu sola has de ser la causa."
                    HPOS="1040"
                    VPOS="1189"
                    WIDTH="537"
                    HEIGHT="69"></String>
          </TextLine>

          
          
          <TextLine ID="eSc_line_4cd1cb59"
                    TAGREFS="LT482"
                    BASELINE="1040 1292 1504 1283" 
                    HPOS="1038"
                    VPOS="1245"
                    WIDTH="466"
                    HEIGHT="58">
            <Shape><Polygon POINTS="1040 1292 1040 1303 1504 1299 1504 1283 1497 1245 1038 1254 1040 1292"/></Shape>
	    <String CONTENT="Con esto se despidieron"
                    HPOS="1038"
                    VPOS="1245"
                    WIDTH="466"
                    HEIGHT="58"></String>
          </TextLine>

          
          
          <TextLine ID="eSc_line_44bc51e7"
                    TAGREFS="LT482"
                    BASELINE="1036 1341 1481 1334" 
                    HPOS="1034"
                    VPOS="1294"
                    WIDTH="447"
                    HEIGHT="63">
            <Shape><Polygon POINTS="1036 1341 1036 1357 1481 1357 1481 1334 1474 1294 1034 1301 1036 1341"/></Shape>
	    <String CONTENT="con amorosas palabras,"
                    HPOS="1034"
                    VPOS="1294"
                    WIDTH="447"
                    HEIGHT="63"></String>
          </TextLine>

          
          
          <TextLine ID="eSc_line_c6eb60d6"
                    TAGREFS="LT482"
                    BASELINE="1042 1395 1512 1381" 
                    HPOS="1040"
                    VPOS="1343"
                    WIDTH="472"
                    HEIGHT="63">
            <Shape><Polygon POINTS="1042 1395 1042 1406 1512 1401 1512 1381 1506 1343 1040 1354 1042 1395"/></Shape>
	    <String CONTENT="muy alegres los infantes"
                    HPOS="1040"
                    VPOS="1343"
                    WIDTH="472"
                    HEIGHT="63"></String>
          </TextLine>

          
          
          <TextLine ID="eSc_line_1f608443"
                    TAGREFS="LT482"
                    BASELINE="1042 1442 1609 1435" 
                    HPOS="1040"
                    VPOS="1392"
                    WIDTH="569"
                    HEIGHT="65">
            <Shape><Polygon POINTS="1042 1442 1042 1457 1606 1457 1609 1435 1602 1392 1040 1404 1042 1442"/></Shape>
	    <String CONTENT="con su madre se abrazaban;"
                    HPOS="1040"
                    VPOS="1392"
                    WIDTH="569"
                    HEIGHT="65"></String>
          </TextLine>

          
          
          <TextLine ID="eSc_line_8c6812e1"
                    TAGREFS="LT482"
                    BASELINE="1049 1495 1584 1482" 
                    HPOS="1047"
                    VPOS="1442"
                    WIDTH="537"
                    HEIGHT="73">
            <Shape><Polygon POINTS="1049 1495 1049 1515 1584 1504 1584 1482 1577 1442 1047 1453 1049 1495"/></Shape>
	    <String CONTENT="quédate en paz y no temas"
                    HPOS="1047"
                    VPOS="1442"
                    WIDTH="537"
                    HEIGHT="73"></String>
          </TextLine>

          
          
          <TextLine ID="eSc_line_9cbc7a7d"
                    TAGREFS="LT482"
                    BASELINE="1047 1544 1555 1536" 
                    HPOS="1045"
                    VPOS="1489"
                    WIDTH="510"
                    HEIGHT="76">
            <Shape><Polygon POINTS="1380 1489 1358 1489 1336 1489 1313 1491 1298 1491 1291 1498 1286 1500 1260 1498 1201 1493 1201 1493 1179 1493 1166 1493 1148 1502 1143 1502 1092 1495 1089 1495 1067 1495 1065 1493 1045 1502 1047 1544 1047 1560 1208 1565 1210 1565 1213 1565 1224 1560 1244 1553 1273 1560 1295 1565 1298 1565 1300 1565 1318 1560 1349 1551 1360 1560 1363 1562 1365 1562 1367 1562 1369 1562 1371 1562 1378 1560 1396 1551 1414 1560 1421 1562 1423 1562 1425 1562 1427 1562 1439 1560 1477 1549 1551 1558 1555 1536 1551 1489 1403 1489 1380 1489"/></Shape>
	    <String CONTENT="el castigo que te aguarda,"
                    HPOS="1045"
                    VPOS="1489"
                    WIDTH="510"
                    HEIGHT="76"></String>
          </TextLine>

          
          
          <TextLine ID="eSc_line_97239f60"
                    TAGREFS="LT482"
                    BASELINE="1049 1594 1622 1585" 
                    HPOS="1047"
                    VPOS="1538"
                    WIDTH="575"
                    HEIGHT="69">
            <Shape><Polygon POINTS="1049 1594 1049 1605 1620 1607 1622 1585 1615 1538 1047 1551 1049 1594"/></Shape>
	    <String CONTENT="que has de salir con victoria,"
                    HPOS="1047"
                    VPOS="1538"
                    WIDTH="575"
                    HEIGHT="69"></String>
          </TextLine>

          
          
          <TextLine ID="eSc_line_3290ebf4"
                    TAGREFS="LT482"
                    BASELINE="1040 1643 1566 1638" 
                    HPOS="1038"
                    VPOS="1594"
                    WIDTH="528"
                    HEIGHT="62">
            <Shape><Polygon POINTS="1040 1643 1040 1656 1566 1656 1566 1638 1559 1594 1038 1598 1040 1643"/></Shape>
	    <String CONTENT="libre, sin dolencia y sana;"
                    HPOS="1038"
                    VPOS="1594"
                    WIDTH="528"
                    HEIGHT="62"></String>
          </TextLine>

          
          
          <TextLine ID="eSc_line_d16d1344"
                    TAGREFS="LT482"
                    BASELINE="1047 1694 1470 1683" 
                    HPOS="1045"
                    VPOS="1641"
                    WIDTH="425"
                    HEIGHT="64">
            <Shape><Polygon POINTS="1448 1641 1425 1641 1403 1641 1380 1641 1358 1641 1336 1641 1322 1641 1307 1641 1291 1643 1269 1643 1253 1643 1045 1647 1047 1694 1047 1705 1470 1703 1470 1683 1463 1641 1448 1641"/></Shape>
	    <String CONTENT="despues predica la fé"
                    HPOS="1045"
                    VPOS="1641"
                    WIDTH="425"
                    HEIGHT="64"></String>
          </TextLine>

          
          
          <TextLine ID="eSc_line_ca9fdd29"
                    TAGREFS="LT482"
                    BASELINE="1045 1743 1573 1732" 
                    HPOS="1042"
                    VPOS="1688"
                    WIDTH="531"
                    HEIGHT="69">
            <Shape><Polygon POINTS="1289 1690 1266 1690 1253 1690 1235 1699 1110 1692 1110 1694 1087 1694 1065 1694 1063 1692 1058 1692 1056 1692 1054 1692 1051 1692 1042 1696 1045 1743 1045 1757 1571 1755 1573 1732 1568 1694 1302 1688 1289 1690"/></Shape>
	    <String CONTENT="de nuestra Iglesia Romana."
                    HPOS="1042"
                    VPOS="1688"
                    WIDTH="531"
                    HEIGHT="69"></String>
          </TextLine>

          
          
          <TextLine ID="eSc_line_cd64a5c1"
                    TAGREFS="LT482"
                    BASELINE="1047 1793 1544 1786" 
                    HPOS="1045"
                    VPOS="1746"
                    WIDTH="499"
                    HEIGHT="58">
            <Shape><Polygon POINTS="1047 1793 1047 1804 1544 1797 1544 1786 1537 1746 1045 1748 1047 1793"/></Shape>
	    <String CONTENT="Remontóse y tomó vuelo"
                    HPOS="1045"
                    VPOS="1746"
                    WIDTH="499"
                    HEIGHT="58"></String>
          </TextLine>

          
          
          <TextLine ID="eSc_line_02874a9a"
                    TAGREFS="LT482"
                    BASELINE="1049 1844 1495 1835" 
                    HPOS="1047"
                    VPOS="1788"
                    WIDTH="448"
                    HEIGHT="72">
            <Shape><Polygon POINTS="1049 1844 1049 1857 1490 1860 1495 1835 1488 1788 1047 1804 1049 1844"/></Shape>
	    <String CONTENT="aquella preciosa garza,"
                    HPOS="1047"
                    VPOS="1788"
                    WIDTH="448"
                    HEIGHT="72"></String>
          </TextLine>

          
          
          <TextLine ID="eSc_line_70922f2b"
                    TAGREFS="LT482"
                    BASELINE="1045 1893 1521 1882" 
                    HPOS="1042"
                    VPOS="1840"
                    WIDTH="479"
                    HEIGHT="69">
            <Shape><Polygon POINTS="1045 1893 1045 1909 1521 1902 1521 1882 1515 1840 1042 1846 1045 1893"/></Shape>
	    <String CONTENT="la mas cándida azucena,"
                    HPOS="1042"
                    VPOS="1840"
                    WIDTH="479"
                    HEIGHT="69"></String>
          </TextLine>

          
          
          <TextLine ID="eSc_line_9637c62f"
                    TAGREFS="LT482"
                    BASELINE="1049 1945 1562 1933" 
                    HPOS="1047"
                    VPOS="1895"
                    WIDTH="515"
                    HEIGHT="65">
            <Shape><Polygon POINTS="1049 1945 1049 1960 1562 1949 1562 1933 1555 1895 1047 1898 1049 1945"/></Shape>
	    <String CONTENT="llevándose en su compaña"
                    HPOS="1047"
                    VPOS="1895"
                    WIDTH="515"
                    HEIGHT="65"></String>
          </TextLine>

          
          
          <TextLine ID="eSc_line_7808e5a8"
                    TAGREFS="LT482"
                    BASELINE="1047 1994 1582 1980" 
                    HPOS="1045"
                    VPOS="1945"
                    WIDTH="537"
                    HEIGHT="60">
            <Shape><Polygon POINTS="1047 1994 1047 2005 1582 2001 1582 1980 1575 1945 1045 1949 1047 1994"/></Shape>
	    <String CONTENT="los tres hermosos infantes:"
                    HPOS="1045"
                    VPOS="1945"
                    WIDTH="537"
                    HEIGHT="60"></String>
          </TextLine>

          
          
          <TextLine ID="eSc_line_39363b2c"
                    TAGREFS="LT482"
                    BASELINE="1063 2045 1528 2036" 
                    HPOS="1060"
                    VPOS="1987"
                    WIDTH="468"
                    HEIGHT="76">
            <Shape><Polygon POINTS="1298 1989 1060 2005 1063 2045 1063 2063 1528 2048 1528 2036 1524 1998 1410 1987 1407 1987 1405 1987 1403 1987 1387 1998 1300 1989 1298 1989"/></Shape>
	    <String CONTENT="y dejando á la Cristiana"
                    HPOS="1060"
                    VPOS="1987"
                    WIDTH="468"
                    HEIGHT="76"></String>
          </TextLine>

          
          
          <TextLine ID="eSc_line_bca2a369"
                    TAGREFS="LT482"
                    BASELINE="1051 2097 1470 2086" 
                    HPOS="1049"
                    VPOS="2045"
                    WIDTH="421"
                    HEIGHT="65">
            <Shape><Polygon POINTS="1051 2097 1051 2110 1468 2106 1470 2086 1463 2045 1049 2054 1051 2097"/></Shape>
	    <String CONTENT="fortalecida, de suerte"
                    HPOS="1049"
                    VPOS="2045"
                    WIDTH="421"
                    HEIGHT="65"></String>
          </TextLine>

          
          
          <TextLine ID="eSc_line_cfa6706f"
                    TAGREFS="LT482"
                    BASELINE="1058 2148 1593 2139" 
                    HPOS="1056"
                    VPOS="2088"
                    WIDTH="537"
                    HEIGHT="74">
            <Shape><Polygon POINTS="1058 2148 1058 2162 1593 2159 1593 2139 1586 2088 1056 2103 1058 2148"/></Shape>
	    <String CONTENT="que ya no le teme á nada;"
                    HPOS="1056"
                    VPOS="2088"
                    WIDTH="537"
                    HEIGHT="74"></String>
          </TextLine>

          
          
          <TextLine ID="eSc_line_3e3e9175"
                    TAGREFS="LT482"
                    BASELINE="1054 2195 1434 2188" 
                    HPOS="1051"
                    VPOS="2146"
                    WIDTH="383"
                    HEIGHT="67">
            <Shape><Polygon POINTS="1186 2148 1163 2148 1141 2148 1119 2148 1096 2148 1083 2148 1051 2157 1054 2195 1054 2213 1434 2202 1434 2188 1430 2148 1199 2146 1186 2148"/></Shape>
	    <String CONTENT="solo desea el morir"
                    HPOS="1051"
                    VPOS="2146"
                    WIDTH="383"
                    HEIGHT="67"></String>
          </TextLine>

          
          
          <TextLine ID="eSc_line_8076664b"
                    TAGREFS="LT482"
                    BASELINE="1056 2255 1573 2240" 
                    HPOS="1054"
                    VPOS="2195"
                    WIDTH="519"
                    HEIGHT="85">
            <Shape><Polygon POINTS="1056 2255 1056 2280 1204 2267 1571 2273 1573 2240 1566 2195 1054 2209 1056 2255"/></Shape>
	    <String CONTENT="por defender la Ley santa."
                    HPOS="1054"
                    VPOS="2195"
                    WIDTH="519"
                    HEIGHT="85"></String>
          </TextLine>

          
        </TextBlock>
        
        <TextBlock HPOS="1596"
                   VPOS="2238"
                   WIDTH="118"
                   HEIGHT="78"
                   ID="block_2"
                   TAGREFS="BT1302">
          <Shape><Polygon POINTS="1714 2238 1714 2316 1596 2316 1596 2238"/></Shape>
          
          
          <TextLine ID="eSc_line_e99761ae"
                    TAGREFS="LT482"
                    BASELINE="1611 2289 1680 2289" 
                    HPOS="1611"
                    VPOS="2206"
                    WIDTH="69"
                    HEIGHT="117">
            <Shape><Polygon POINTS="1611 2289 1611 2307 1678 2323 1680 2289 1678 2206 1611 2206 1611 2289"/></Shape>
	    <String CONTENT="Pre-"
                    HPOS="1611"
                    VPOS="2206"
                    WIDTH="69"
                    HEIGHT="117"></String>
          </TextLine>

          
        </TextBlock>
        

        
      </PrintSpace>
    </Page>
  </Layout>
</alto>
