1918 2576
375 163 447 68 El dia cuatro de julio,

371 225 477 58 en unas sarrias metidos,

373 266 477 68 los sacaron de la cárcel,

378 319 442 69 y de caridad movidos

371 362 503 71 los Religiosos, los llevan

371 416 455 73 en el aire suspendidos,

373 480 574 60 con grande acompañamiento

373 521 548 65 de guardias y de ministros;

378 577 451 71 pasean todas las calles,

382 624 453 73 y así llegan al suplicio.

373 682 501 60 Los sacan de los serones,

380 734 470 60 y tomando un Crucifijo

375 779 503 64 Leonarda con gran valor,

371 828 470 62 con el corazon contrito

371 880 503 68 le dice: Dueño del alma,

369 925 445 75 Criador y Padre mio,

375 991 567 58 me pesa, por ser quien sois.

378 1034 506 62 Y con esto la han subido

369 1081 485 67 á lo alto de la escalera;

369 1131 507 77 luego atencion ha pedido

369 1184 505 71 á todos los circunstantes,

378 1234 517 75 y desta manera ha dicho:

375 1296 610 67 Mugeres, las que en el mundo

371 1339 436 69 estais con sano juicio,

371 1391 449 68 amad de veras á Dios,

373 1444 477 71 no divirtais los sentidos

371 1494 485 68 en las cosas de la tierra,

371 1552 541 60 mirad el fin que ha tenido,

380 1594 635 80 y el pago que á mí me han dado

371 1648 421 60 mis lascivos apetitos.

371 1700 582 68 Hombres, que mirais atentos

371 1749 509 69 á estos compañeros mios,

371 1813 533 58 escarmentad pues en ellos,

373 1852 501 73 por no veros en tal sitio,

371 1901 640 65 que quien mal vive, mal muere.

369 1951 576 71 Hermanas y hermanos mios,

371 2009 423 64 á todos pido perdon,

373 2054 537 75 y volviendo al santo Cristo

1056 1601 516 71 para escarmiento de todos,

1058 1904 445 62 Con esto Munóz dá fin

1052 165 466 77 le dice: Rey poderoso,

1054 223 550 66 quien nunca hubiera nacido

1056 274 464 67 para ofenderte, Señor!

1052 317 500 75 Pero yo apelo el abismo

1050 369 485 73 de vuestra misericordia,

1052 431 537 60 y en vuestra clemencia fio,

1052 480 550 63 que me habeis de perdonar

1052 525 597 73 lo mucho que os he ofendido.

1058 573 469 81 Y los santos Religiosos,

1050 633 464 66 con fervorosos ausilios,

1048 680 489 67 le encienden el corazon,

1050 734 580 66 que mueve á llanto el oirlos.

1048 772 517 80 Empezó á decir el Credo,

1052 828 505 73 y llegando á Unico Hijo,

1045 886 501 73 de la escalera la arrojan,

1052 940 434 66 y quedó cadáver frio,

1048 987 537 64 dando muestras de que fué

1045 1038 415 63 á gozar del Paraiso;

1052 1086 558 73 y el mismo arrepentimiento

1045 1139 587 69 los tres hombres han tenido;

1045 1191 475 66 roguemos todos á Dios,

1048 1249 515 58 que les haya dado ausilio

1041 1296 496 58 Cinco horas los tuvieron

1045 1341 460 69 en la horca sostenidos,

1045 1395 572 71 despues los hicieron cuartos,

1048 1449 476 57 y en los reales caminos

1045 1500 544 62 con duros clavos de hierro

1043 1547 488 65 los fueron dejando fijos,

1043 1648 423 73 forasteros y vecinos;

1048 1700 399 73 y la criada azotada,

1043 1755 509 65 con sus plumas ha salido,

1043 1803 445 62 desterrada de la corte

1045 1859 512 60 del rey de España Felipe.

1041 1953 425 64 á este caso sucedido,

1052 2002 438 71 pidiendo le perdoneis

1041 2060 524 65 las faltas de estos escritos.

410 2286 1237 116 Barcelona : Por los Herederos de la V. Pla, calle de Cotoners.

972 2120 121 116 FIN.
