1914 2642
138 858 1439 106 PRIMERA PARTE DE LOS ROMANCES

447 920 828 136 DE LA PEREGRINA DOCTORA.

127 1039 533 81 SOberana luz brillante,

121 1087 674 101 que de ese azúl Pavimiento

116 1138 467 77 eres lumbrera mayor,

118 1191 566 92 vistiendote del Sol mesmo,

116 1243 474 80 orlada de tantas luces,

114 1292 526 77 que el enemigo sobervio

107 1345 505 75 se abrazó, fatal pavesa,

107 1391 494 84 en un terrible despeño,

114 1442 478 74 por no ver que sola tu

101 1490 634 84 has de quebrantarle el cuello.

105 1545 522 75 A ti digo, Virgen Sacra,

96 1587 542 86 Madre del Divino Verbo,

99 1642 473 77 amparo de pecadores,

94 1682 665 94 Palma, Luz, Libano, Huerto.

92 1743 597 82 A ti digo, la que en gracia,

90 1792 553 79 desde el instante primero,

88 1833 533 82 ni Vos pudisteis ser mas,

88 1886 619 88 ni Dios quiso fuesseis menos.

88 1935 519 81 Madre de los pecadores,

85 1985 577 88 siendo vuestro asilo cierto,

88 2038 535 82 y el devoto que te llama,

85 2089 540 73 logra siempre sus deseos:

79 2144 555 77 dad à mi pluma la gracia,

79 2190 542 77 que si la logro, pretendo

77 2241 550 125 contar un caso admirable

872 1065 696 90 de los muchos que haveis hecho.

870 1111 546 88 Dad retorica à mis labios,

870 1166 462 77 iluminad mis anelos,

867 1210 452 82 inflamad mi corazon,

863 1261 595 88 dad luz á mi entendimiento,

861 1312 506 81 facundia à mi voluntad,

861 1362 553 84 para que tierno mi pecho,

858 1422 545 68 por los cauces de los ojos

856 1466 595 79 salga en lagrimas deshecho,

854 1514 524 77 para contar el mas raro,

854 1569 612 75 mas peregrino, y mas nuevo

852 1618 588 70 caso que admiran los siglos

847 1666 595 77 en el transcurso del tiempo.

843 1706 531 86 En la Ciudad de Lisboa,

843 1761 482 75 en el Lusitano Reyno,

847 1807 542 88 vivia un gran Potentado,

841 1856 586 90 tan noble, y tan caballero,

843 1917 551 64 que general de las Tropas

836 1959 571 81 le hizo su Rey Don Pedro.

834 2012 564 77 Le llaman Don Alejandro

836 2062 584 89 de Figueroa, y Sarmiento;

832 2115 408 73 este tal era casado,

839 2157 548 79 (con que pena lo refiero!

830 2219 537 75 con que pesares lo digo!

828 2258 559 124 y con que dolor lo siento!)

1389 2338 95 108 con
