1900 2640
398 138 700 145 dando á entender, que tomaban

383 255 587 64 su bendicion, pero apenas

385 312 539 66 vieron aqueste prodigio,

385 360 607 60 todo aquel Pueblo le ruega,

387 406 610 72 que les predique, y les diga

387 462 548 66 mas de la Ley verdadera,

383 508 587 70 y muchos de ellos dexaron

385 557 509 63 las denegridas tinieblas

382 604 542 73 de la Ley en que vivian,

389 649 573 79 la de Dios solo confiessan.

389 699 476 71 En esta misma Ciudad

380 750 511 77 unos Hereges lo llevan

380 809 487 64 à sus casas combidado

382 849 539 70 un dia, porque comiera,

390 903 584 64 y en el manjar le echaron

382 951 537 66 de veneno larga cuenta:

382 992 606 81 Llegó, pues, el medio dia,

389 1045 485 77 y le pusieron la mesa;

384 1098 446 66 pero Dios le reveló,

381 1144 631 83 antes que el manjar comiera,

382 1214 502 53 como querian matarle,

380 1245 502 75 y que la comida mesma

388 1299 465 66 tenia mucho veneno

380 1331 612 88 para lograr lo que intentan:

385 1397 600 69 y el Santo con gran bondad

381 1446 594 67 despegó con gran modestia

381 1498 541 62 sus honestissimos labios,

382 1547 532 60 y assi los reprehendiera;

384 1594 578 66 y ellos dieron la disculpa,

377 1642 620 65 que iban à hacer experiencia

380 1698 379 70 si era Predicador

377 1748 573 64 Apostolico, y le empeñan

374 1795 534 64 sus palabras de bolverse

374 1842 516 67 à su Fé, como comiera

372 1877 678 94 del manjar, sin que le hiciesse

371 1946 567 61 daño, y con esta protesta

372 1994 564 69 echó, pues, la bendicion

368 2045 529 55 el Santo à toda la mesa;

372 2090 527 71 y comenzando à comer,

371 2141 519 69 acabó sin que la hiciera

368 2189 521 69 daño, ni lesion alguna,

371 2241 521 114 y al punto reconocieran

1131 129 529 148 sus errores, y abrazaron

1131 255 636 86 la Ley, que el Santo venera,

1127 308 596 74 En el Convento, que estaba

1125 360 592 73 San Antonio de assistencia,

1125 410 535 65 havia un cierto Novicio,

1119 456 625 80 muchacho de edad pequeña,

1125 507 588 78 este se huyó del Convento,

1126 557 511 72 y el Santo Habito dexa,

1122 610 532 69 llevandose un Psalterio,

1120 653 553 77 que de San Antonio era,

1122 708 521 66 assi que se halló sin él,

1120 753 599 75 le pidió el Santo con veras

1116 798 528 79 à Dios, que le revelasse

1116 860 568 70 su libro, que por el pena.

1127 897 629 84 Yendo, pues, dicho Novicio

1120 957 498 59 passeando por la ribera

1116 995 656 84 de un rio, le salió un hombre

1114 1047 501 72 à su propria delantera

1111 1086 621 91 con una espada en la mano,

1114 1146 504 75 y dixo de esta manera:

1113 1202 663 74 Buelve el libro à San Antonio,

1116 1249 555 75 y si no, en aquesta selva

1109 1295 489 66 he de quitarte la vida,

1112 1346 572 78 sin que nadie te defienda;

1112 1402 471 64 aora es preciso decir,

1112 1449 628 69 que aqueste el Demonio era.

1116 1493 449 80 El Novicio se bolvió

1110 1550 618 72 à su Convento, y le entrega

1109 1597 516 66 à San Antonio su libro,

1112 1645 623 84 y al mismo Santo le empeña

1109 1698 468 69 paraque su Guardian

1110 1745 480 69 el Habito le bolviera.

1107 1798 552 64 En la Ciudadi de Bolonia

1112 1849 542 69 vivió con mucha riqueza

1116 1898 508 66 un principal Cavallero,

1107 1947 549 71 casado con una Dueña,

1109 2000 515 60 devota de San Antonio,

1105 2030 607 90 la qual vivió con gran pena

1107 2100 530 69 por causa de su marido,

1106 2136 642 86 que era de incapás prudencia,

1106 2195 556 73 dandole mil pesadumbres,

1094 2249 560 93 por la ocasion de que era

1687 2286 73 112 es-
