1504 2030
42 60 526 71 No entra en la escaramuza,

38 115 484 72 como solia algun tiempo,

38 165 430 78 solo sube cinco pasos

40 211 489 76 de un cadahalso funesto,

47 258 404 87 y al postrer escalon,

50 307 528 75 es bien que al recibimiento

52 348 499 95 le salga el verdugo, pues

60 399 659 89 que ha de hacer su oficio honesto.

57 446 511 86 Con cinco Padres devotos,

60 504 483 79 de la Orden del Carmelo,

62 554 438 82 y desviando el capuz,

65 597 596 84 sacado ha un papel del pecho,

67 649 630 85 dándole de sus proprias manos

72 702 503 76 al Confesor de sus yerros,

76 752 407 80 y le dijo: Padre mio,

74 796 507 87 lo que le suplico y ruego,

81 845 533 85 que en estando yo sin vida

86 896 548 83 que me desengañe al Pueblo

89 943 531 85 que la muerte de la Reyna,

89 993 504 86 cierto que yo no la debo.

89 1043 520 76 Humilde abrazó al verdugo,

99 1094 554 90 por dar de humildad ejemplo

86 1152 529 74 y en atar los pies y manos

98 1197 446 73 andó el verdugo ligero.

101 1251 398 68 Atad, amigo, le dice,

98 1285 561 81 las manos que sueltas fueron

101 1348 560 74 á manchar mi propia sangre;

103 1388 595 82 manchad vos con ella el suelo,

98 1441 436 86 y teniendo ya los ojos

108 1490 531 84 cubiertos de un velo negro

109 1542 359 78 al Crucifijo le dijo

109 1586 571 85 en voz baja estos requiebros:

116 1644 452 74 Alto Dios y Señor mio,

115 1683 548 86 ó alto Dios y Señor nuestro,

125 1737 463 83 yo soy la oveja perdida,

125 1789 458 70 que por el despeñadero

121 1832 503 86 de los deleytes del mundo

123 1884 516 95 me despeñé; mas confieso,

773 20 602 78 que sois Dios del cielo y tierra,

769 67 543 81 Uno, Trino, y Dios Eterno,

766 125 546 83 y en vuestras manos Señor,

769 169 531 79 mi Espíritu os encomiendo.

773 219 536 77 Llevad, Señor, á esta alma

776 268 521 75 con los Santos en el Cielo,

781 316 445 86 perdonadme Jesus mio,

778 363 522 88 Jesus, Jesus, Jesus bueno.

791 412 559 85 Y en oyendo esto el verdugo

788 461 585 88 tiñó en sangre el fuerte acero.

793 521 543 81 Unos dicen: Dios te ayude,

790 565 524 79 otros dicen, Credo, Credo.

795 624 468 74 No confie el mas subido

798 671 508 73 en la torre de los vientos,

810 712 612 83 que aquel que mas presto sube,

801 768 608 89 dán con él mas presto al suelo.

810 850 683 105 PONDERA EL AUTOR

889 915 533 86 la buena muerte de Rodrigo

977 965 371 75 Calderón, con este

977 1060 369 80 Septimo Romance.

832 1172 460 71 Dicen varios Religiosos

828 1224 474 65 de diferentes Conventos;

834 1267 465 82 que jamas morir á nadie

827 1312 568 83 con mayor perfeccion vieron.

830 1366 494 78 Escuchad, sabreis el caso,

830 1414 564 79 aunque como el tiempo llegó

830 1464 435 68 de dar el último golpe

840 1519 503 71 juntamente me enternezco.

832 1563 529 76 Así como entró en la Plaza

840 1615 482 74 y del cadahalso al puesto

842 1666 496 76 se apeó, sin que ninguno

847 1718 396 65 le ayudase para ello.

847 1761 450 74 Subió la escalera toda,

847 1810 582 72 con grande valor y esfuerzo,

856 1860 575 110 y en entrando en el cadahalso

1410 1908 73 96 be-
