1526 2440
1446 63 45 69 3

211 130 405 65 Cada dia procuraban

160 176 541 76 hablarse, sin que se viera;

164 229 454 76 y el cautivo la instruia

160 280 456 73 sobre la ley verdadera.

211 321 478 79 Un dia que Belardo fué

162 384 419 63 á continuar su tarea,

160 435 460 59 halló la reina dormida;

168 479 525 78 y como siempre iba alerta,

213 524 488 75 Dispuso dentro su pecho

164 583 485 65 el cristianizar á la reina,

168 628 499 67 con una concha de plata,

170 677 523 75 que la turca de olor lleva.

213 729 572 68 En el nombre del Padre, &c.

168 782 580 65 le echó el agua en la cabeza,

168 837 517 59 le puso por nombre Rosa,

177 884 478 69 y quedó Rosa tan bella,

219 929 533 77 Que en paraninfo de flores

170 982 472 65 resucitó entre azucenas.

168 1032 519 61 Despertó del dulce sueño,

174 1079 401 65 como la luna serena,

223 1132 535 67 Cuando sale entre nublado,

172 1179 507 63 dando luz á las tinieblas;

174 1228 491 67 le dice: Sabrás, Belardo,

179 1278 533 68 como he soñado esta siesta,

225 1321 542 71 Que mi alma estaba cautiva

174 1384 489 63 en una prision perpetua,

183 1431 535 65 y que tú me echabas agua,

189 1480 502 71 y que me sacabas de ella.

179 1527 421 75 Belardo dijo: Señora,

179 1590 470 54 es cosa muy verdadera;

181 1630 539 67 sabrás como eres cristiana,

183 1681 478 61 con la potestad inmensa

229 1728 377 63 Del soberano rocío

185 1775 525 69 que te cayó en la cabeza:

183 1827 559 68 los dos amantes se abrazan,

189 1886 451 63 y dulcemente se besan.

231 1931 515 69 Le dice: Dueño del alma,

183 1988 608 57 no quiero mas que me quieras,

189 2041 545 57 desde que yo soy cristiana,

189 2086 480 61 sin o que mi esposo seas.

248 2132 535 70 Que te prometo esta noche,

203 2185 484 116 antes que la aurora bella

862 124 513 73 venga volando los campos,

864 172 519 74 que nos vamos á tu tierra.

909 217 549 73 Para que conozca el mundo,

858 276 529 67 que la que fué tu princesa,

862 321 466 75 por dejar la vida airada,

856 372 515 69 se va cristiana á Valencia.

907 420 511 74 Quitóse un sendal dorado,

860 473 468 69 con un encaje de perlas,

858 524 444 65 le dice: toma, Belardo,

860 573 456 63 de nuestra fe verdadera

905 620 468 69 Será este sendal testigo,

860 681 472 53 hasta llegar á tu tierra:

862 723 470 70 con esto quédate á Dios,

862 776 482 67 antes que nadie nos vea.

911 823 456 61 Se fué Rosa, y Belardo

868 878 501 67 quedó metida en tinieblas,

866 923 509 71 aguardando que su esposa

864 980 499 59 le saque de tantas penas.

913 1024 499 61 Rosa se vistió á lo turco,

870 1081 487 63 con joyas, galas y telas;

868 1126 446 71 y Belardo de cristiano,

870 1179 444 61 como su ley lo ordena.

927 1224 491 67 Toma cuatro mil cequíes,

870 1272 448 72 de Arabia rica moneda;

876 1323 446 75 y toma para su amante

876 1380 462 69 joyas, dineros y perlas.

921 1435 472 55 Se salen por un postigo

878 1480 538 65 que hace una falsa puerta;

885 1527 421 69 por el arenal caminan

878 1573 495 65 donde el barco les espera.

923 1626 556 67 Los dos se metieron dentro,

881 1675 447 69 navegan á toda priesa;

881 1726 557 65 llevan por remos sus gustos,

885 1777 470 73 por árbol su diligencia:

925 1827 515 68 Por velas llevan su amor,

889 1878 527 69 y por trinquete sus penas:

885 1929 500 67 mas no quiso su fortuna,

889 1976 482 73 que llegasen á Valencia;

935 2027 527 69 Porque los hallaron menos,

891 2078 523 77 y el Turco con rabia fiera

887 2126 575 78 mandó que luego los busquen

893 2177 514 114 por el mar y por la tierra.
