1972 2592
438 95 556 86 Al tiempo de dar las llaves,

436 151 474 80 sin que nadie lo notara,

432 196 517 84 le apretó el amo la mano

428 257 525 58 con una fuerza estremada.

430 298 534 77 Novedad le hizo al criado,

428 352 562 80 ver esta accion nunca usada,

425 403 660 85 y tambien ver los tres hombres

428 457 564 78 que embozados se paseaban.

423 496 461 85 Se fué á su casa ligero,

425 555 589 84 y abriendo al instante el arca

417 602 506 84 en busca de las redomas,

421 654 523 78 halló que allí solo estaban

415 708 490 82 cuatro fuertes carabinas,

419 764 482 67 y á la papelera marcha,

410 812 653 82 donde halló un par de pistolas;

415 864 551 79 pasmado quedó al mirarlas,

412 918 504 71 porque al instante pensó,

415 967 616 82 que su amo en aprieto se halla.

408 1010 426 72 Salió á la calle ligero

408 1067 485 75 cargado de todas armas,

404 1116 499 78 encontró con un soldado,

406 1166 506 71 que era grande camarada

400 1216 551 82 de su amo, y le dió cuenta

397 1272 480 69 de todo lo que le pasa;

397 1315 539 84 se partieron los dos juntos

397 1371 653 78 donde está el cuerpo de guardia.

395 1412 519 89 Dieron cuenta á su oficial,

393 1470 521 80 el cual al instante manda,

393 1518 547 89 que vayan diez granaderos,

391 1576 426 72 con bayoneta calada.

395 1620 448 79 Todos á la casa llegan,

387 1674 549 84 el criado á la puerta llama,

387 1719 477 86 bajó la criada á abrirle,

391 1784 508 69 y así que abre la agarran,

382 1831 467 71 diciéndole: Calla, sino

380 1874 497 78 la muerte tienes cercana.

387 1924 454 78 Y así con grande sigilo

380 1972 433 84 todos suben á la sala,

376 2030 510 84 sino dos que se quedaron

374 2077 423 76 abajo de retaguardia.

371 2127 483 89 Entran á tiempo que ya

371 2188 446 90 aquella infame canalla

1126 114 448 84 al pobre del caballero,

1122 170 460 71 las manos atrás atadas,

1124 213 497 82 tendido en el duro suelo

1122 265 465 87 lo tenian, y esperaban

1120 317 462 80 á que el criado viniese,

1120 373 482 82 para que le acompañara

1107 427 555 78 en la muerte, y al instante

1109 479 411 65 con valentía bizarra

1107 527 521 82 se arrojan los granaderos,

1107 578 506 85 sin darles pié de ventaja.

1107 626 477 84 A todos tres aprisionan,

1107 682 501 80 tambien á la falsa dama;

1104 734 424 76 soltaron al caballero,

1109 777 562 82 y á todos les dió las gracias.

1096 825 491 80 Empiezan luego á mirar

1098 881 506 88 todos los cuartos y salas,

1100 939 543 78 por ver si habia mas gente,

1102 993 526 65 pero no encontraron nada.

1096 1034 551 80 Solo encuentran una puerta

1094 1090 532 72 con dos candados cerrada,

1089 1129 569 87 les piden que dén las llaves,

1091 1196 565 74 y ellos por respuesta daban,

1091 1246 606 78 que no se manda aquel cuarto,

1091 1298 496 67 que es de la vecina casa.

1087 1334 510 82 Los candados arrancaron,

1078 1386 548 84 y al suelo la puerta echada

1081 1442 519 80 todos se quedan confusos,

1081 1496 579 78 viendo lo que dentro hallan;

1083 1548 530 74 pues es cosa que horroriza

1078 1600 450 69 solamente de contarla.

1072 1645 439 74 En tres artesas tenian

1074 1693 465 82 cubiertos de sal y agua

1072 1753 506 74 á seis racionales cuerpos;

1072 1803 523 69 y mirando bien la cuadra,

1070 1851 506 75 encontraron de otros seis

1066 1902 447 76 solamente las estátuas,

1063 1948 454 73 arrimados á un rincon

1063 2008 452 67 con una estera tapada.

1066 2056 460 73 A la inquisicion avisan,

1068 2099 484 84 y acuden con vigilancia;

1059 2157 482 76 llevan á los reos presos,

1059 2207 569 123 y luego los señores mandan,
