1920 2581
157 752 1332 80 NUEVO, Y CURIOSO ROMANCE, DEL MODO DE VIVIR

320 791 1033 120 de los pobres Estudiantes, que estudian en Valencia.

159 946 551 62 Rompa el silencio mi voz,

154 991 575 65 atencion, que vá mi pluma;

159 1047 499 69 oygan los de capa negra,

159 1094 484 60 digo á la gente comuna,

159 1139 439 71 los de golilla redonda,

163 1195 534 69 que van siguiendo fortuna,

161 1238 443 76 sirviendole de vasallos

163 1286 523 84 al grande Rey de la tuna.

163 1344 463 64 Digo á los Estudiantes,

167 1391 554 73 que á la fama, sin segunda,

167 1445 476 73 de ingenios adelantados,

167 1490 467 75 como publica la pluma

165 1539 409 78 en esta Universidad

165 1587 562 73 de Valencia, non plus ultra

165 1638 532 65 conocida en todo el Orbe,

174 1684 660 88 y es de las ciencias que abundan:

174 1742 450 73 y á los ecos del clarin

170 1795 533 65 de la Fama, que retumba,

170 1838 445 74 acuden los de Castilla,

170 1886 529 79 de Vizcaya, y la Coruña.

172 1940 454 75 de Navarra, y Aragon

174 1989 504 73 de Mallorca, y Cataluña,

174 2038 516 71 de Cerdeña, y de Sicilia,

174 2099 519 60 de toda la Italia en suma,

174 2140 521 163 de los Estados de Flandes,

867 1677 532 82 de Tomistas, y Escotistas,

848 931 583 77 de Borgoña, y no se escusan

850 987 465 64 Portugal, y Maragatos,

854 1025 573 86 y hasta la nacion Monsieura,

863 1084 525 73 padeciendo en los caminos

854 1124 545 76 contratiempos, y fortunas:

852 1180 486 71 de estos, por lo general

854 1228 562 68 es de quien habla mi Musa:

854 1277 586 82 Demos principio á la historia,

858 1339 470 67 veamos lo que redunda

858 1378 523 75 en los pobres Estudiantes,

860 1438 644 63 que es lo que intenta mi pluma.

865 1488 497 62 Todos los años, señores,

871 1539 476 69 (aqui valga la cordura)

858 1585 459 62 dos Catedráticos salen,

867 1623 579 82 que los nombra la Republica,

863 1731 559 73 de las cuestiones se fundan.

865 1780 516 74 Apenas están nombrados,

863 1841 490 66 como c da cual procura

863 1886 490 62 el convocar á los suyos,

878 1931 493 82 pidiendo favor, y ayuda,

878 1989 445 73 para traer á su bando

869 2013 583 101 los mas, para que se luzgan.

873 2084 489 71 Ajúntanse las escuadras,

878 2135 521 121 y resuelven en sus juntas,

1420 2148 54 140 de
