1904 2734
572 956 663 174 FOLIAS

177 1089 1448 129 PARA CANTAR Á LAS DAMAS, DANDOLES

294 1173 1204 111 noticia de los amores sus Enamorados, con todo lo

517 1241 769 130 demas que verá el curioso Letor.

161 1380 614 119 EScuchad Deydad querida,

266 1449 484 72 si acaso no te molesto,

152 1496 472 64 oirás del corazon mio

150 1537 595 87 las ansias, y los tormentos.

202 1631 532 93 Aqui he venido à cantar,

148 1695 517 72 y á explicarte mi dolor,

155 1745 506 68 porque te duelas de mi,

148 1795 403 77 y cese tanto rigor.

196 1886 583 89 Desde aquella vez primera,

143 1934 572 82 que en tu presencia me ví,

145 1991 550 77 el corazon, vida, y alma

141 2029 481 89 à tu obediencia rendí.

196 2127 442 80 Pero si yo me rendí,

136 2187 522 79 no es fuerza mi lealtad;

148 2241 597 71 pues solo con tu hermosura

136 2289 484 169 arrastras mi voluntad.

955 1658 513 84 Esto no puedo negarlo,

909 1713 472 68 testigo es mi corazon,

912 1772 540 57 que aqui lo tienes herido

905 1813 490 78 con saetas de tu amor.

953 1904 583 82 Tu amor me tiene rendido,

907 1952 433 75 y no puedo sosegar,

902 2011 525 73 el suspirar me da alivio,

905 2059 504 109 mas no puedo suspirar.

953 2150 554 85 Suspiros, porque quereys

902 2205 504 68 salir del corazon triste,

902 2262 584 86 si sabeis que à donde vays,

907 2314 497 137 para jamas os reciben?

1457 2355 125 130 Due-
