1956 2600
375 218 556 81 Assi está el rècien nacido

325 278 634 73 entre un buey, y una sumera

327 332 651 72 con su hija, esposa, y madre;

333 382 546 73 de nuestro bien tesorera.

355 448 603 104 Christiano quieres el Cielo

325 524 639 81 dexa el mundo, y su carrera,

326 577 573 73 toma la Cruz en el ombro

326 629 508 75 siguele de esta manera.

369 738 687 66 La Madre le está embolviendo.

322 775 563 74 muy alegre, y placentera

325 827 598 75 en pobres paños le empaña,

325 881 618 75 que mejores nó tuviera.

366 972 520 78 Joseph le está cantando

316 1025 505 72 mil canciones le dixera

310 1071 620 78 con gran fé le está adorando

301 1125 572 82 que de gozo no cupiera.

365 1223 560 74 De Angeles muy cercado

317 1274 529 67 todo aquello rebervera,

313 1323 495 66 decian gloria al Señor,

312 1376 580 81 y en tierra paz verdadera.

359 1470 585 68 De dos en dos los Pastores

310 1518 595 66 cantando à voz muy entera

310 1568 630 74 dicen vos sois Rey de Reyes

313 1614 570 97 hijo de Dios que se aurea.

349 1708 500 74 Uno le dá el zamarro

314 1766 546 74 à que sirva alli de estera,

313 1817 510 72 y otro le dá el cordero,

319 1866 546 85 cada qual lo que tuviera.

359 1954 660 94 Los Reyes vienen de Oriente

314 2012 512 108 sin camino, ni sendera

1082 235 469 68 adorar vienen su Rey

1083 293 565 73 que la gran fé los truxera,

1138 381 607 79 Todos tres dexan sus bienes,

1090 437 439 67 y toda su parentela,

1090 485 581 69 y traenle grandes presentes

1087 547 572 62 para mostrar quien él era.

1132 632 581 81 La Estrella que los guiava

1082 680 504 74 hasta Belèn los trugera,

1076 735 507 62 sobre el portal se paró,

1074 790 561 69 de alli passar no quisiera.

1084 888 624 68 Los Reyes que vieron esto

1079 931 564 80 turbados en gran manera,

1079 985 430 63 miraron al rededor,

1083 1034 604 75 y vieron donde el Niño era.

1131 1123 567 83 Todos tres entraron juntos

1076 1180 573 76 hasta donde Jesus naciera,

1079 1236 486 59 cada qual alli le adora

1071 1278 585 84 con la mas fé que pudiera.

1126 1372 555 81 Oro le ofreció el primero

1076 1430 579 70 mostrando como Rey era;

1074 1476 581 75 y el segundo como à Dios

1080 1526 548 90 el Encienfo que le diera.

1123 1620 466 70 El tercero fe humilló

1076 1677 589 73 y en la Mirra que ofreciera

1079 1727 502 64 declaró la humanidad

1073 1779 565 85 que por nos morir espera.

1116 1863 510 82 Por el gozo soberano

1066 1918 595 78 que os alegró en tal manera

1073 1971 582 78 sed à todo fiel Christiano,

1064 2022 527 108 ante el Hijo medianera.

1667 2074 85 98 SI-
