1876 2576
207 781 1299 180 ROMANCE NUEVO,

168 931 1391 125 Y CURIOSO, EN EL QUAL SE DA CUEN-

168 1017 1397 107 ta de un prodigio que Maria Santissima de Utrera

167 1083 1402 114 obró con un Cavallero, y una Señora llamada Doña

170 1159 1393 100 Theresa Contreras natural de la Ciudad de Almeria,

453 1236 841 86 con todo lo demás que verá el

665 1315 410 81 curioso Letor.

191 1425 666 129 EN el nombre de Dios Padre

239 1484 629 74 Criador de Cielo, y tierra,

196 1532 510 76 y de su Unigenito Hijo,

197 1591 532 66 y de la Virgen Suprema;

191 1632 538 73 Pues con este Patrocinio

187 1690 533 64 tendré la victoria cierta,

187 1734 410 74 empezaré á referir

189 1783 568 73 la historia mas verdadera,

191 1830 661 77 que se ha visto, ni se ha oído,

201 1886 591 71 ni en las edades se cuenta:

196 1933 538 70 En la mas noble Ciudad,

196 1983 577 73 que aquel dorado Planeta,

199 2032 594 71 que vive en el quarto cielo

201 2080 618 108 con sus luzes, e influencias,

902 1419 540 73 la mantiene de Jardines,

906 1469 557 76 y muy hermosas floréstas,

905 1515 608 82 que es la Ciudad de Almeria

900 1571 540 74 noble, rica, y opulenta.

907 1622 470 65 En esta Ciudad crióse

907 1672 555 62 una Dama que en belleza

893 1713 557 73 excede à todas las Diosas

909 1765 524 78 en gallardia, y nobleza,

910 1818 494 71 llamavase esta Deydad

907 1867 450 75 Doña Maria Theresa

917 1910 535 79 Contreras, por apellido,

922 1967 548 73 de muy buena parentela;

907 2016 492 79 de esta tal se enamoró

919 2065 576 98 un noble Mancebo que era

1462 2100 90 98 hijo
