1946 2702
873 1089 636 119 ROMANCE,

180 1226 1512 126 EN QUE SE DA CUENTA DEL MAS LASTIMOSO

181 1320 1505 109 caso, que ha sucedido en la Imperial Ciudad de Toledo, en-

262 1399 1338 111 tre dos Amantes, que despues de muchos enredos mu-

375 1471 1140 100 rieron entrambos; con todo lo demas que verá

722 1562 417 90 el curioso Letor.

180 1697 648 102 ATento escuchen los ayres,

281 1756 532 81 entre las tinieblas varias

166 1802 578 75 de la noche, que sus luces

165 1853 596 80 por las cumbres se levanta.

168 1900 527 79 Quando del Oriente sale

163 1948 615 87 la Aurora hermosa, y clara

165 2000 543 83 derramando por el suelo

165 2044 516 123 menuda aljofar de plata

938 1712 521 90 Los pajarillos humildes,

938 1778 500 66 alegres entre las ramas

938 1825 401 63 alaban al Criador,

939 1868 543 81 porque su bendita gracia

938 1924 507 66 nos dé, porque sin ella

936 1970 552 74 no puede mi lengua flaca

938 2017 608 92 dar principio à esta historia,

932 2071 491 95 no siendo para loarla;

1524 2134 93 96 con
