1872 2640
358 90 375 75 Arriba ja finalment

354 140 504 88 del part la esperada hora,

352 191 484 84 ix á llum un bell minyó,

352 248 539 77 tot ne va de enhorasbonas;

347 303 633 79 no dubto que es gran contento;

347 349 478 69 mes pera donarlas torna

352 393 376 77 de pegalosas visitas

345 442 465 86 la ciupapillorada tropa,

347 503 551 73 que á las tardas sol flocarse

350 554 504 70 al cap del nas la ventosa.

341 594 458 85 Si madama cria al noy,

341 651 661 88 ¡quin torment de nits quant plora!

345 697 511 77 Y si se embruta en lo llit,

347 756 560 64 ¿no es molestia ben penosa?

339 796 493 79 Dém que nol vulla criar,

341 844 533 77 ja un altre gasto se imposa

341 904 531 70 de dida, que al cap del any

336 952 494 73 suma una partida grossa,

339 1005 526 68 y á mes las impertinencias

339 1056 555 68 de que abundan estas donas.

339 1097 436 77 Desparterada madama,

336 1148 558 84 torna á fornir la cimbomba;

336 1199 426 74 tot es parir criaturas,

336 1258 514 64 que ja al náixer ocasionan

336 1306 505 71 un gran cruixit á la casa,

332 1355 542 77 un gran gemech á la bossa,

334 1408 476 68 y despres al pobre pare

332 1456 531 68 dos mil penas y sossobras.

332 1502 385 71 A vista de tot aixó,

334 1557 597 68 ¿qui no tem? ¿qui no tremola

332 1608 513 66 sols al pensar en casarse?

332 1650 551 77 Pero, no obstant, si la dona

328 1702 522 80 se acerta de bona especie,

330 1760 502 66 sòn passables estas cosas,

332 1808 423 70 y tot es ben empleat,

328 1856 526 73 com un home tinga mosca.

325 1900 500 77 La major de las desditxas

328 1958 445 68 es encontrar una boja,

328 2013 374 59 una mala condició,

328 2061 478 62 una grossera, una tonta,

328 2112 528 70 una imprudent, una altiva,

328 2160 561 73 una que no estima la honra.

325 2204 549 84 Ditxós aquell que sen libra,

321 2257 498 68 infelis lo qui se hi troba.

1054 123 474 68 Si fos tanta ma ventura,

1052 173 529 73 si ma sort fos tant ditxosa,

1059 226 449 66 que jo pogués alcansar

1052 277 469 64 una tant fragant aroma,

1048 321 484 68 una assucena tant linda,

1052 374 454 68 una tant perfecta rosa,

1052 424 461 66 una beldat tant amable,

1050 468 460 73 una tant cabal senyora,

1050 512 443 77 tant afable y apacible,

1048 565 568 79 tant garbosa y tant hermosa,

1046 620 563 75 tant discreta y tant modesta,

1043 671 527 74 com la que felisment logra

1041 719 425 70 Marsotí lo mes ditxós

1039 772 621 75 de quants en lo mon se troban,

1043 825 494 63 á la qual tant plenament

1041 862 511 79 las ditas prendas adornan,

1048 921 572 77 que á quants arriba á tractar

1041 965 452 75 innocentment enamora.

1043 1014 507 83 Si jo pugués, torno á dir,

1041 1071 524 68 conseguir semblant esposa,

1048 1122 458 70 y axí mateix mantenirla

1039 1172 513 75 ab tota decencia y honra;

1039 1216 463 84 desde luego me posaria

1041 1273 386 60 á la presó apetitosa

1037 1317 460 71 del matrimoni. Mes ara

1039 1370 581 79 que ma fortuna es tant poca,

1041 1421 597 75 que mos cabals sòn tant curts,

1039 1469 570 75 que las hisendas nom sobran

1035 1518 583 72 ¿cóm he de intentar casarme?

1037 1575 632 66 ¿cóm he de empéndrer tal cosa?

1041 1617 540 81 No vull, no vull exposarme

1035 1672 480 77 á las terribles congoixas,

1039 1724 460 73 que sem podrian seguir

1039 1771 548 83 de subjectarme á una sogra,

1032 1821 432 75 ó de tenir per muller

1032 1872 397 72 una iracunda lleona,

1035 1918 473 79 ó de no poder tractarla,

1035 1973 539 68 com meresqués, si fos bona.

1030 2017 529 70 La vida de un vagamundo

1041 2076 568 75 penso que es la mes ditxosa;

1032 2127 571 75 com las virtuts no aborresca,

1039 2175 509 71 y com als vicis nos donia.

1039 2226 511 68 Vagamundo pues vull sèr,

1032 2279 573 77 á pesar de quants se oposan.

323 2369 1372 106 Barcelona: En la estampa dels Hereus de la Viuda Pla, carrer dels Cotoners.
