1920 2602
110 69 627 80 como tú, Leonor, lo has visto;

108 127 527 70 solo aguardo tu respuesta,

114 184 467 56 para dársela al proviso.

117 227 408 65 Y Leonor como tenia

108 273 495 71 las potencias y sentidos,

108 333 484 59 el corazon, vida y alma

110 377 523 65 en su amante don Jacinto,

110 424 577 66 fué á responder, y no pudo,

117 483 518 67 que la fuerza de un delirio

106 529 557 71 la traspuso en un desmayo,

110 587 519 61 envuelta en un parasismo.

117 637 518 63 Aquí el coral de sus labios

110 685 503 60 eran de jazmin los visos;

93 732 479 63 las rosas de sus mejillas

112 789 545 60 en nieve se han convertido;

117 830 490 69 pero en fin por abreviar,

106 886 466 63 la volvieron con rocíos

112 928 556 73 y con muy tiernos sollozos,

114 980 506 73 articulando suspiros.

112 1034 588 65 Apenas vuelta en su acuerdo,

108 1086 488 67 á Leonor su padre vido,

112 1134 454 60 volviendo segunda vez

114 1183 554 68 á tratar de lo que ha dicho.

110 1231 486 63 Acaba, Leonor, acaba,

108 1287 521 61 responde á lo que te digo:

112 1337 547 63 porque don Fernando está

108 1387 521 61 idolatrando en tu hechizo;

106 1435 523 61 es noble y muy poderoso,

106 1483 466 65 como ya te he referido;

104 1535 609 58 te hará dueña de su hacienda,

106 1585 525 65 tendrás descanso y álivio;

106 1630 599 72 esto ha de ser de por fuerza,

104 1682 492 72 si no quieres por cariño.

110 1728 467 71 Y remitiéndose al llanto,

104 1775 486 72 hechos sus ojos dos rios,

104 1834 512 65 desabrochando palabras,

104 1884 531 60 resueltamente le ha dicho:

104 1931 588 61 Padre y señor, don Fernando

99 1981 512 65 nunca fué del gusto mio:

101 2029 575 76 Qué importa que sea noble?

99 2077 586 76 Qué importa que sea rico,

101 2135 601 65 si nunca han conjeturado

101 2187 552 57 sus conceptos con los mios?

101 2237 573 61 Que don Fernando sea noble,

106 2285 549 126 tambien lo soy, padre mio;

917 78 608 73 que sea dueña de su hacienda,

922 127 514 72 yo soy la que me cautivo.

917 175 543 72 La que por fuerza se casa,

922 225 440 74 por interés de lo rico,

922 284 574 62 no es muger, sino es esclava

922 333 564 61 que se vende en el guarismo

917 379 475 74 de la ambiciosa codicia;

917 438 469 69 esto, señor, es muy fijo.

917 477 523 78 En cuanto á tomar estado,

917 537 601 65 no ha de ser al gusto vuestro,

919 581 549 73 que ha de ser al gusto mio.

924 628 546 72 Y pues es fuerza os declare

917 687 514 69 como á padre mi designio,

924 743 516 63 yo tengo puesto mi afecto,

917 784 430 72 el corazon y sentidos,

926 841 508 56 por mandado de mi amor,

917 891 560 65 en don Jacinto del Castillo;

919 943 567 63 yo tengo esposo á mi gusto,

928 990 562 65 pues como al alma le estimo.

919 1036 530 74 Viéndola el padre resuelta,

917 1092 477 63 furioso y ensoberbecido

917 1134 456 75 asióla por los cabellos,

922 1192 566 65 que eran hebras de oro fino,

917 1240 579 65 dándole golpes y arrastrando,

915 1283 584 78 la metió en su cuarto mismo;

917 1342 512 67 con un puñal en la mano,

917 1387 484 74 en viva rabia encendido,

915 1435 421 69 amenazóla de muerte,

913 1485 573 78 diciendo: Haz lo que te digo,

913 1535 362 69 ó la vida rendirás

917 1587 475 73 al golpe de este cuchillo.

919 1637 645 80 Viendo Leonor, que en su pecho

913 1693 512 69 moraba el de don Jacinto,

919 1749 497 65 y que es fuerza peligrase

913 1797 406 67 en semejante peligro,

913 1847 429 63 con cauteloso engaño

913 1895 484 65 dijo: Padre y señor mio,

913 1947 499 63 ya me resuelvo á que sea

909 1997 516 60 don Fernando esposo mio.

909 2038 527 80 Con esto el padre abrazóla

911 2088 449 75 contento y agradecido,

909 2142 542 76 dejándola, cuando al cabo

906 2192 443 63 de cuatro dias ó cinco

909 2242 444 71 escribió doña Leonor

913 2298 466 104 un papel á don Jacinto,

1529 2348 50 78 di-
