<?xml version="1.0" encoding="UTF-8"?>
<alto xmlns:xsi="http://www.w3.org/2001/XMLSchema-instance"
      xmlns="http://www.loc.gov/standards/alto/ns-v4#"
      xsi:schemaLocation="http://www.loc.gov/standards/alto/ns-v4# http://www.loc.gov/standards/alto/v4/alto-4-2.xsd">
  <Description>
    <MeasurementUnit>pixel</MeasurementUnit>
    <sourceImageInformation>
      <fileName>BCN_019_8.jpg</fileName>
      
    </sourceImageInformation>
  </Description>
  
  <Tags>
    <OtherTag ID="BT1290" LABEL="CustomZone:impresorNum" DESCRIPTION="block type CustomZone:impresorNum"/><OtherTag ID="BT1291" LABEL="CustomZone:numero_pliego" DESCRIPTION="block type CustomZone:numero_pliego"/><OtherTag ID="BT1292" LABEL="CustomZone:title" DESCRIPTION="block type CustomZone:title"/><OtherTag ID="BT1293" LABEL="GraphicZone:illustration" DESCRIPTION="block type GraphicZone:illustration"/><OtherTag ID="BT1294" LABEL="GraphicZone:ornamentation" DESCRIPTION="block type GraphicZone:ornamentation"/><OtherTag ID="BT1295" LABEL="MainZone" DESCRIPTION="block type MainZone"/><OtherTag ID="BT1296" LABEL="MainZone:columns" DESCRIPTION="block type MainZone:columns"/><OtherTag ID="BT1297" LABEL="MarginTextZone:colophon" DESCRIPTION="block type MarginTextZone:colophon"/><OtherTag ID="BT1298" LABEL="MarginTextZone:note" DESCRIPTION="block type MarginTextZone:note"/><OtherTag ID="BT1299" LABEL="MusicZone" DESCRIPTION="block type MusicZone"/><OtherTag ID="BT1300" LABEL="NumberingZone:page" DESCRIPTION="block type NumberingZone:page"/><OtherTag ID="BT1301" LABEL="QuireMarksZone:catchwords" DESCRIPTION="block type QuireMarksZone:catchwords"/><OtherTag ID="BT1302" LABEL="QuireMarksZone:signature" DESCRIPTION="block type QuireMarksZone:signature"/><OtherTag ID="BT1303" LABEL="RunningTitleZone" DESCRIPTION="block type RunningTitleZone"/>
    <OtherTag ID="LT480" LABEL="CustomLine:propriedad" DESCRIPTION="line type CustomLine:propriedad"/><OtherTag ID="LT481" LABEL="CustomLine:trailer" DESCRIPTION="line type CustomLine:trailer"/><OtherTag ID="LT482" LABEL="DefaultLine" DESCRIPTION="line type DefaultLine"/><OtherTag ID="LT483" LABEL="HeadingLine" DESCRIPTION="line type HeadingLine"/>
  </Tags>
  
  <Layout>
    <Page WIDTH="1886"
          HEIGHT="2632"
          PHYSICAL_IMG_NR="91"
          ID="eSc_dummypage_">
      <PrintSpace HPOS="0"
                  VPOS="0"
                  WIDTH="1886"
                  HEIGHT="2632">
        
        <TextBlock HPOS="251.0"
                   VPOS="155.0"
                   WIDTH="719.0"
                   HEIGHT="2033.0"
                   ID="block_0"
                   TAGREFS="BT1296">
          <Shape><Polygon POINTS="251 155 970 155 970 2188 251 2188 251 155"/></Shape>
          
          
          <TextLine ID="eSc_line_7270476b"
                    TAGREFS="LT482"
                    BASELINE="307 210 777 201" 
                    HPOS="305"
                    VPOS="160"
                    WIDTH="472"
                    HEIGHT="72">
            <Shape><Polygon POINTS="307 210 307 232 421 221 461 230 469 232 472 232 474 232 489 230 531 221 772 223 777 201 772 160 305 160 307 210"/></Shape>
	    <String CONTENT="y por aquesta ocasion"
                    HPOS="305"
                    VPOS="160"
                    WIDTH="472"
                    HEIGHT="72"></String>
          </TextLine>

          
          
          <TextLine ID="eSc_line_d54bb7e0"
                    TAGREFS="LT482"
                    BASELINE="300 252 856 258" 
                    HPOS="298"
                    VPOS="210"
                    WIDTH="558"
                    HEIGHT="66">
            <Shape><Polygon POINTS="300 252 298 269 851 276 856 258 851 210 300 212 300 252"/></Shape>
	    <String CONTENT="me tuvo seis meses preso;"
                    HPOS="298"
                    VPOS="210"
                    WIDTH="558"
                    HEIGHT="66"></String>
          </TextLine>

          
          
          <TextLine ID="eSc_line_54c7d38d"
                    TAGREFS="LT482"
                    BASELINE="307 309 869 302" 
                    HPOS="305"
                    VPOS="265"
                    WIDTH="564"
                    HEIGHT="59">
            <Shape><Polygon POINTS="307 309 307 324 869 322 869 302 865 265 305 265 307 309"/></Shape>
	    <String CONTENT="y yo por vengarme de ella"
                    HPOS="305"
                    VPOS="265"
                    WIDTH="564"
                    HEIGHT="59"></String>
          </TextLine>

          
          
          <TextLine ID="eSc_line_50eaea41"
                    TAGREFS="LT482"
                    BASELINE="305 348 849 357" 
                    HPOS="302"
                    VPOS="309"
                    WIDTH="547"
                    HEIGHT="59">
            <Shape><Polygon POINTS="305 348 302 366 845 368 849 357 847 315 305 309 305 348"/></Shape>
	    <String CONTENT="le levanté el falso enredo."
                    HPOS="302"
                    VPOS="309"
                    WIDTH="547"
                    HEIGHT="59"></String>
          </TextLine>

          
          
          <TextLine ID="eSc_line_0a272ad1"
                    TAGREFS="LT482"
                    BASELINE="300 401 913 410" 
                    HPOS="298"
                    VPOS="353"
                    WIDTH="615"
                    HEIGHT="72">
            <Shape><Polygon POINTS="300 401 298 414 908 425 913 410 911 368 300 353 300 401"/></Shape>
	    <String CONTENT="Don Alejandro que escucha,"
                    HPOS="298"
                    VPOS="353"
                    WIDTH="615"
                    HEIGHT="72"></String>
          </TextLine>

          
          
          <TextLine ID="eSc_line_f71fd0a9"
                    TAGREFS="LT482"
                    BASELINE="298 447 873 460" 
                    HPOS="296"
                    VPOS="407"
                    WIDTH="577"
                    HEIGHT="75">
            <Shape><Polygon POINTS="298 447 296 467 480 464 500 475 502 475 504 475 507 475 509 475 511 475 542 464 869 482 873 460 871 421 298 407 298 447"/></Shape>
	    <String CONTENT="echó mano al fuerte azero,"
                    HPOS="296"
                    VPOS="407"
                    WIDTH="577"
                    HEIGHT="75"></String>
          </TextLine>

          
          
          <TextLine ID="eSc_line_d07c810b"
                    TAGREFS="LT482"
                    BASELINE="294 497 801 511" 
                    HPOS="292"
                    VPOS="451"
                    WIDTH="509"
                    HEIGHT="73">
            <Shape><Polygon POINTS="777 460 759 458 647 464 559 454 557 454 535 454 526 454 485 460 467 451 447 451 425 451 417 451 294 456 294 497 292 511 796 524 801 511 801 469 781 460 777 460"/></Shape>
	    <String CONTENT="diciendo: Vil hermano,"
                    HPOS="292"
                    VPOS="451"
                    WIDTH="509"
                    HEIGHT="73"></String>
          </TextLine>

          
          
          <TextLine ID="eSc_line_d68896db"
                    TAGREFS="LT482"
                    BASELINE="296 550 777 557" 
                    HPOS="294"
                    VPOS="511"
                    WIDTH="483"
                    HEIGHT="65">
            <Shape><Polygon POINTS="296 550 294 570 772 576 777 557 775 517 296 511 296 550"/></Shape>
	    <String CONTENT="atrevido, y desatento,"
                    HPOS="294"
                    VPOS="511"
                    WIDTH="483"
                    HEIGHT="65"></String>
          </TextLine>

          
          
          <TextLine ID="eSc_line_281754c8"
                    TAGREFS="LT482"
                    BASELINE="296 605 792 600" 
                    HPOS="294"
                    VPOS="557"
                    WIDTH="498"
                    HEIGHT="70">
            <Shape><Polygon POINTS="296 605 296 627 790 616 792 600 788 565 320 557 318 557 316 557 294 565 296 605"/></Shape>
	    <String CONTENT="por haberte perdonado"
                    HPOS="294"
                    VPOS="557"
                    WIDTH="498"
                    HEIGHT="70"></String>
          </TextLine>

          
          
          <TextLine ID="eSc_line_94d80772"
                    TAGREFS="LT482"
                    BASELINE="298 651 871 655" 
                    HPOS="296"
                    VPOS="607"
                    WIDTH="575"
                    HEIGHT="70">
            <Shape><Polygon POINTS="298 651 296 664 867 677 871 655 869 607 298 607 298 651"/></Shape>
	    <String CONTENT="en tu sangre no me vengo."
                    HPOS="296"
                    VPOS="607"
                    WIDTH="575"
                    HEIGHT="70"></String>
          </TextLine>

          
          
          <TextLine ID="eSc_line_0ce9a53f"
                    TAGREFS="LT482"
                    BASELINE="296 699 772 704" 
                    HPOS="294"
                    VPOS="651"
                    WIDTH="478"
                    HEIGHT="77">
            <Shape><Polygon POINTS="428 653 406 653 384 653 362 653 340 653 318 653 296 651 296 699 294 717 768 728 772 704 770 664 430 653 428 653"/></Shape>
	    <String CONTENT="Entonces la Peregrina"
                    HPOS="294"
                    VPOS="651"
                    WIDTH="478"
                    HEIGHT="77"></String>
          </TextLine>

          
          
          <TextLine ID="eSc_line_d88edea8"
                    TAGREFS="LT482"
                    BASELINE="294 752 933 752" 
                    HPOS="294"
                    VPOS="699"
                    WIDTH="639"
                    HEIGHT="79">
            <Shape><Polygon POINTS="739 704 737 704 735 704 735 706 726 715 724 715 294 706 294 752 294 769 930 778 933 752 933 715 917 701 917 699 915 699 913 699 814 699 812 699 810 699 807 699 807 701 792 715 742 704 739 704"/></Shape>
	    <String CONTENT="lo fué untando con los dedos"
                    HPOS="294"
                    VPOS="699"
                    WIDTH="639"
                    HEIGHT="79"></String>
          </TextLine>

          
          
          <TextLine ID="eSc_line_2c4430ad"
                    TAGREFS="LT482"
                    BASELINE="296 802 836 802" 
                    HPOS="296"
                    VPOS="754"
                    WIDTH="540"
                    HEIGHT="70">
            <Shape><Polygon POINTS="770 754 610 761 498 765 458 756 441 754 439 754 436 754 428 756 397 765 386 756 386 754 384 754 382 754 362 754 340 754 318 754 296 754 296 802 296 815 834 824 836 802 836 767 772 754 770 754"/></Shape>
	    <String CONTENT="las heridas, y al instante"
                    HPOS="296"
                    VPOS="754"
                    WIDTH="540"
                    HEIGHT="70"></String>
          </TextLine>

          
          
          <TextLine ID="eSc_line_8b930c65"
                    TAGREFS="LT482"
                    BASELINE="294 848 851 853" 
                    HPOS="292"
                    VPOS="807"
                    WIDTH="559"
                    HEIGHT="63">
            <Shape><Polygon POINTS="294 848 292 861 847 870 851 853 849 813 294 807 294 848"/></Shape>
	    <String CONTENT="se levantó sano, y bueno."
                    HPOS="292"
                    VPOS="807"
                    WIDTH="559"
                    HEIGHT="63"></String>
          </TextLine>

          
          
          <TextLine ID="eSc_line_a620fff5"
                    TAGREFS="LT482"
                    BASELINE="294 897 876 903" 
                    HPOS="292"
                    VPOS="851"
                    WIDTH="584"
                    HEIGHT="70">
            <Shape><Polygon POINTS="667 853 645 853 623 853 601 853 579 853 577 851 573 853 489 859 443 851 425 851 403 851 399 851 351 857 316 851 316 851 294 851 294 897 292 921 873 921 876 903 876 864 667 853 667 853"/></Shape>
	    <String CONTENT="Grande copia de doblones,"
                    HPOS="292"
                    VPOS="851"
                    WIDTH="584"
                    HEIGHT="70"></String>
          </TextLine>

          
          
          <TextLine ID="eSc_line_0c916853"
                    TAGREFS="LT482"
                    BASELINE="296 949 878 956" 
                    HPOS="294"
                    VPOS="908"
                    WIDTH="584"
                    HEIGHT="61">
            <Shape><Polygon POINTS="296 949 294 967 873 969 878 956 878 912 296 908 296 949"/></Shape>
	    <String CONTENT="que pasaban de trescientos,"
                    HPOS="294"
                    VPOS="908"
                    WIDTH="584"
                    HEIGHT="61"></String>
          </TextLine>

          
          
          <TextLine ID="eSc_line_213fc97e"
                    TAGREFS="LT482"
                    BASELINE="292 997 768 1002" 
                    HPOS="289"
                    VPOS="956"
                    WIDTH="479"
                    HEIGHT="59">
            <Shape><Polygon POINTS="292 997 289 1011 764 1015 768 1002 766 960 292 956 292 997"/></Shape>
	    <String CONTENT="le dán á la Peregrina;"
                    HPOS="289"
                    VPOS="956"
                    WIDTH="479"
                    HEIGHT="59"></String>
          </TextLine>

          
          
          <TextLine ID="eSc_line_4f0a6bbd"
                    TAGREFS="LT482"
                    BASELINE="294 1048 917 1054" 
                    HPOS="292"
                    VPOS="1000"
                    WIDTH="625"
                    HEIGHT="76">
            <Shape><Polygon POINTS="294 1048 292 1063 913 1076 917 1054 917 1013 878 1000 876 1000 873 1000 761 1008 735 1011 294 1002 294 1048"/></Shape>
	    <String CONTENT="y ella haciendo menosprecio,"
                    HPOS="292"
                    VPOS="1000"
                    WIDTH="625"
                    HEIGHT="76"></String>
          </TextLine>

          
          
          <TextLine ID="eSc_line_1a299b17"
                    TAGREFS="LT482"
                    BASELINE="292 1101 891 1105" 
                    HPOS="289"
                    VPOS="1057"
                    WIDTH="602"
                    HEIGHT="70">
            <Shape><Polygon POINTS="292 1101 289 1116 887 1127 891 1105 889 1061 292 1057 292 1101"/></Shape>
	    <String CONTENT="dice: Guarden las monedas,"
                    HPOS="289"
                    VPOS="1057"
                    WIDTH="602"
                    HEIGHT="70"></String>
          </TextLine>

          
          
          <TextLine ID="eSc_line_ac75d315"
                    TAGREFS="LT482"
                    BASELINE="294 1153 777 1149" 
                    HPOS="292"
                    VPOS="1103"
                    WIDTH="485"
                    HEIGHT="72">
            <Shape><Polygon POINTS="665 1105 643 1105 625 1105 616 1114 472 1103 469 1103 467 1103 428 1116 327 1103 324 1103 322 1103 292 1116 294 1153 294 1175 535 1162 772 1171 777 1149 772 1116 674 1105 665 1105"/></Shape>
	    <String CONTENT="quiten allá ese dinero,"
                    HPOS="292"
                    VPOS="1103"
                    WIDTH="485"
                    HEIGHT="72"></String>
          </TextLine>

          
          
          <TextLine ID="eSc_line_dc630d2e"
                    TAGREFS="LT482"
                    BASELINE="294 1201 807 1197" 
                    HPOS="292"
                    VPOS="1160"
                    WIDTH="515"
                    HEIGHT="61">
            <Shape><Polygon POINTS="294 1201 294 1217 803 1221 807 1197 801 1160 292 1162 294 1201"/></Shape>
	    <String CONTENT="que quizás les hará falta"
                    HPOS="292"
                    VPOS="1160"
                    WIDTH="515"
                    HEIGHT="61"></String>
          </TextLine>

          
          
          <TextLine ID="eSc_line_9de8a802"
                    TAGREFS="LT482"
                    BASELINE="300 1252 840 1252" 
                    HPOS="300"
                    VPOS="1210"
                    WIDTH="540"
                    HEIGHT="64">
            <Shape><Polygon POINTS="300 1252 300 1269 838 1274 840 1252 840 1212 300 1210 300 1252"/></Shape>
	    <String CONTENT="para sustentar los negros."
                    HPOS="300"
                    VPOS="1210"
                    WIDTH="540"
                    HEIGHT="64"></String>
          </TextLine>

          
          
          <TextLine ID="eSc_line_ccadee63"
                    TAGREFS="LT482"
                    BASELINE="289 1300 836 1300" 
                    HPOS="289"
                    VPOS="1252"
                    WIDTH="547"
                    HEIGHT="70">
            <Shape><Polygon POINTS="685 1254 663 1254 641 1254 619 1254 597 1254 575 1254 566 1254 559 1261 557 1263 474 1263 467 1261 428 1254 421 1254 399 1254 386 1254 366 1261 342 1254 333 1254 311 1254 309 1252 289 1261 289 1300 289 1322 836 1316 836 1300 836 1258 704 1254 685 1254"/></Shape>
	    <String CONTENT="Mas con cuydado miraba"
                    HPOS="289"
                    VPOS="1252"
                    WIDTH="547"
                    HEIGHT="70"></String>
          </TextLine>

          
          
          <TextLine ID="eSc_line_8190339c"
                    TAGREFS="LT482"
                    BASELINE="289 1351 847 1346" 
                    HPOS="287"
                    VPOS="1298"
                    WIDTH="560"
                    HEIGHT="75">
            <Shape><Polygon POINTS="836 1300 827 1300 794 1311 636 1311 621 1302 616 1302 597 1302 595 1305 588 1309 544 1305 509 1302 507 1302 485 1302 463 1302 458 1302 425 1309 410 1311 395 1309 338 1302 331 1302 309 1302 287 1311 289 1351 289 1368 843 1373 847 1346 838 1298 836 1298 836 1300"/></Shape>
	    <String CONTENT="el Don Alejandro, atento"
                    HPOS="287"
                    VPOS="1298"
                    WIDTH="560"
                    HEIGHT="75"></String>
          </TextLine>

          
          
          <TextLine ID="eSc_line_ed227f38"
                    TAGREFS="LT482"
                    BASELINE="289 1403 807 1403" 
                    HPOS="289"
                    VPOS="1359"
                    WIDTH="518"
                    HEIGHT="57">
            <Shape><Polygon POINTS="289 1403 289 1416 807 1414 807 1403 807 1359 289 1359 289 1403"/></Shape>
	    <String CONTENT="el rostro á la Peregrina,"
                    HPOS="289"
                    VPOS="1359"
                    WIDTH="518"
                    HEIGHT="57"></String>
          </TextLine>

          
          
          <TextLine ID="eSc_line_47e0ce38"
                    TAGREFS="LT482"
                    BASELINE="296 1456 856 1449" 
                    HPOS="294"
                    VPOS="1408"
                    WIDTH="562"
                    HEIGHT="68">
            <Shape><Polygon POINTS="296 1456 296 1476 856 1469 856 1449 851 1410 294 1408 296 1456"/></Shape>
	    <String CONTENT="y el traslado de su pecho,"
                    HPOS="294"
                    VPOS="1408"
                    WIDTH="562"
                    HEIGHT="68"></String>
          </TextLine>

          
          
          <TextLine ID="eSc_line_edbad43f"
                    TAGREFS="LT482"
                    BASELINE="294 1502 840 1502" 
                    HPOS="294"
                    VPOS="1460"
                    WIDTH="546"
                    HEIGHT="57">
            <Shape><Polygon POINTS="294 1502 294 1517 840 1517 840 1502 840 1460 294 1460 294 1502"/></Shape>
	    <String CONTENT="viendo que era todo uno,"
                    HPOS="294"
                    VPOS="1460"
                    WIDTH="546"
                    HEIGHT="57"></String>
          </TextLine>

          
          
          <TextLine ID="eSc_line_4f27831a"
                    TAGREFS="LT482"
                    BASELINE="289 1550 917 1550" 
                    HPOS="289"
                    VPOS="1504"
                    WIDTH="628"
                    HEIGHT="66">
            <Shape><Polygon POINTS="289 1550 289 1570 917 1566 917 1550 917 1511 289 1504 289 1550"/></Shape>
	    <String CONTENT="se abrazó en vivos incendios,"
                    HPOS="289"
                    VPOS="1504"
                    WIDTH="628"
                    HEIGHT="66"></String>
          </TextLine>

          
          
          <TextLine ID="eSc_line_eef40805"
                    TAGREFS="LT482"
                    BASELINE="289 1601 726 1601" 
                    HPOS="289"
                    VPOS="1552"
                    WIDTH="437"
                    HEIGHT="64">
            <Shape><Polygon POINTS="685 1552 671 1552 647 1561 645 1563 568 1563 566 1561 557 1552 553 1552 531 1552 509 1552 487 1552 465 1552 463 1552 289 1555 289 1601 289 1616 726 1616 726 1601 726 1561 691 1552 685 1552"/></Shape>
	    <String CONTENT="le dice: Señora mia,"
                    HPOS="289"
                    VPOS="1552"
                    WIDTH="437"
                    HEIGHT="64"></String>
          </TextLine>

          
          
          <TextLine ID="eSc_line_7fca7a5b"
                    TAGREFS="LT482"
                    BASELINE="285 1649 957 1645" 
                    HPOS="283"
                    VPOS="1583"
                    WIDTH="674"
                    HEIGHT="92">
            <Shape><Polygon POINTS="612 1603 601 1603 595 1607 533 1603 524 1603 502 1603 480 1603 458 1603 436 1603 414 1603 393 1603 371 1603 368 1603 322 1607 305 1603 305 1603 302 1601 283 1596 285 1649 285 1669 952 1675 957 1645 952 1585 777 1583 775 1583 772 1583 770 1583 766 1587 739 1607 638 1607 634 1603 612 1603"/></Shape>
	    <String CONTENT="de que Patria, ò de que Reyno"
                    HPOS="283"
                    VPOS="1583"
                    WIDTH="674"
                    HEIGHT="92"></String>
          </TextLine>

          
          
          <TextLine ID="eSc_line_202e8ab0"
                    TAGREFS="LT482"
                    BASELINE="287 1702 854 1697" 
                    HPOS="285"
                    VPOS="1658"
                    WIDTH="569"
                    HEIGHT="61">
            <Shape><Polygon POINTS="287 1702 287 1717 851 1719 854 1697 849 1662 285 1658 287 1702"/></Shape>
	    <String CONTENT="es usted, aunque perdone."
                    HPOS="285"
                    VPOS="1658"
                    WIDTH="569"
                    HEIGHT="61"></String>
          </TextLine>

          
          
          <TextLine ID="eSc_line_fb84c23f"
                    TAGREFS="LT482"
                    BASELINE="287 1750 733 1743" 
                    HPOS="285"
                    VPOS="1708"
                    WIDTH="448"
                    HEIGHT="57">
            <Shape><Polygon POINTS="287 1750 287 1765 731 1763 733 1743 728 1708 285 1708 287 1750"/></Shape>
	    <String CONTENT="Ella con suaves ecos"
                    HPOS="285"
                    VPOS="1708"
                    WIDTH="448"
                    HEIGHT="57"></String>
          </TextLine>

          
          
          <TextLine ID="eSc_line_f28162c4"
                    TAGREFS="LT482"
                    BASELINE="289 1800 823 1800" 
                    HPOS="289"
                    VPOS="1748"
                    WIDTH="534"
                    HEIGHT="74">
            <Shape><Polygon POINTS="546 1748 531 1748 509 1748 487 1748 467 1748 465 1748 463 1748 461 1748 461 1750 456 1754 450 1759 289 1752 289 1800 289 1822 823 1822 823 1800 823 1759 781 1748 779 1748 777 1748 722 1759 717 1759 711 1759 663 1748 660 1748 603 1756 584 1759 573 1756 548 1748 546 1748"/></Shape>
	    <String CONTENT="le respondió, Señor mio,"
                    HPOS="289"
                    VPOS="1748"
                    WIDTH="534"
                    HEIGHT="74"></String>
          </TextLine>

          
          
          <TextLine ID="eSc_line_4ed52dea"
                    TAGREFS="LT482"
                    BASELINE="292 1851 889 1844" 
                    HPOS="289"
                    VPOS="1791"
                    WIDTH="600"
                    HEIGHT="86">
            <Shape><Polygon POINTS="794 1802 772 1802 750 1802 728 1802 706 1802 685 1802 663 1802 647 1802 630 1807 603 1802 597 1802 575 1802 553 1802 531 1802 509 1802 487 1802 476 1802 388 1809 371 1807 353 1802 333 1802 311 1802 302 1802 289 1807 292 1851 294 1877 320 1864 535 1870 632 1873 634 1873 636 1873 638 1873 647 1868 658 1862 887 1862 889 1844 880 1791 823 1805 801 1802 794 1802"/></Shape>
	    <String CONTENT="yo soy de todos los Reynos,"
                    HPOS="289"
                    VPOS="1791"
                    WIDTH="600"
                    HEIGHT="86"></String>
          </TextLine>

          
          
          <TextLine ID="eSc_line_85046313"
                    TAGREFS="LT482"
                    BASELINE="287 1899 840 1895" 
                    HPOS="285"
                    VPOS="1848"
                    WIDTH="555"
                    HEIGHT="73">
            <Shape><Polygon POINTS="559 1848 285 1862 287 1899 287 1912 838 1921 840 1895 836 1859 562 1848 559 1848"/></Shape>
	    <String CONTENT="vecina de todo el mundo,"
                    HPOS="285"
                    VPOS="1848"
                    WIDTH="555"
                    HEIGHT="73"></String>
          </TextLine>

          
          
          <TextLine ID="eSc_line_3d2cd1d6"
                    TAGREFS="LT482"
                    BASELINE="292 1952 764 1943" 
                    HPOS="289"
                    VPOS="1903"
                    WIDTH="475"
                    HEIGHT="71">
            <Shape><Polygon POINTS="292 1952 292 1974 761 1960 764 1943 759 1906 289 1903 292 1952"/></Shape>
	    <String CONTENT="y á mi llaman por eso"
                    HPOS="289"
                    VPOS="1903"
                    WIDTH="475"
                    HEIGHT="71"></String>
          </TextLine>

          
          
          <TextLine ID="eSc_line_22dea874"
                    TAGREFS="LT482"
                    BASELINE="285 2000 761 1995" 
                    HPOS="283"
                    VPOS="1954"
                    WIDTH="478"
                    HEIGHT="66">
            <Shape><Polygon POINTS="285 2000 285 2020 761 2013 761 1995 755 1954 283 1954 285 2000"/></Shape>
	    <String CONTENT="la Peregrina Doctora,"
                    HPOS="283"
                    VPOS="1954"
                    WIDTH="478"
                    HEIGHT="66"></String>
          </TextLine>

          
          
          <TextLine ID="eSc_line_16ff53f9"
                    TAGREFS="LT482"
                    BASELINE="289 2050 750 2046" 
                    HPOS="287"
                    VPOS="2000"
                    WIDTH="463"
                    HEIGHT="68">
            <Shape><Polygon POINTS="397 2000 375 2000 353 2000 331 2000 309 2000 294 2000 287 2004 289 2050 289 2066 746 2068 750 2046 746 2006 410 2000 397 2000"/></Shape>
	    <String CONTENT="sin interés de dinero;"
                    HPOS="287"
                    VPOS="2000"
                    WIDTH="463"
                    HEIGHT="68"></String>
          </TextLine>

          
          
          <TextLine ID="eSc_line_17c5e8f1"
                    TAGREFS="LT482"
                    BASELINE="289 2099 816 2099" 
                    HPOS="289"
                    VPOS="2055"
                    WIDTH="527"
                    HEIGHT="65">
            <Shape><Polygon POINTS="289 2099 289 2114 814 2120 816 2099 816 2059 289 2055 289 2099"/></Shape>
	    <String CONTENT="la que curó á su marido,"
                    HPOS="289"
                    VPOS="2055"
                    WIDTH="527"
                    HEIGHT="65"></String>
          </TextLine>

          
          
          <TextLine ID="eSc_line_57b50b7f"
                    TAGREFS="LT482"
                    BASELINE="294 2153 825 2142" 
                    HPOS="292"
                    VPOS="2105"
                    WIDTH="533"
                    HEIGHT="81">
            <Shape><Polygon POINTS="294 2153 296 2186 333 2173 384 2182 395 2184 397 2184 399 2184 401 2184 403 2182 419 2171 465 2180 485 2182 487 2182 489 2182 491 2182 496 2177 507 2169 542 2175 564 2180 566 2180 568 2180 581 2173 592 2169 621 2173 660 2177 663 2177 825 2162 825 2142 821 2105 292 2105 294 2153"/></Shape>
	    <String CONTENT="y á su enemigo protervo."
                    HPOS="292"
                    VPOS="2105"
                    WIDTH="533"
                    HEIGHT="81"></String>
          </TextLine>

          
        </TextBlock>
        
        <TextBlock HPOS="1020.0"
                   VPOS="152.0"
                   WIDTH="695.0"
                   HEIGHT="2034.0"
                   ID="block_1"
                   TAGREFS="BT1296">
          <Shape><Polygon POINTS="1020 152 1715 152 1715 2186 1020 2186 1020 152"/></Shape>
          
          
          <TextLine ID="eSc_line_9ed3c68b"
                    TAGREFS="LT482"
                    BASELINE="1056 208 1596 217" 
                    HPOS="1053"
                    VPOS="157"
                    WIDTH="543"
                    HEIGHT="79">
            <Shape><Polygon POINTS="1457 157 1396 166 1381 168 1359 166 1297 157 1275 157 1271 157 1255 164 1249 166 1242 164 1229 157 1209 157 1187 157 1165 157 1143 157 1137 157 1056 157 1056 208 1053 228 1591 236 1596 217 1593 173 1460 157 1457 157"/></Shape>
	    <String CONTENT="Entonces Don Alejandro"
                    HPOS="1053"
                    VPOS="157"
                    WIDTH="543"
                    HEIGHT="79"></String>
          </TextLine>

          
          
          <TextLine ID="eSc_line_0276ca93"
                    TAGREFS="LT482"
                    BASELINE="1056 261 1673 267" 
                    HPOS="1053"
                    VPOS="214"
                    WIDTH="620"
                    HEIGHT="75">
            <Shape><Polygon POINTS="1495 217 1473 217 1451 214 1056 219 1056 261 1053 280 1668 289 1673 267 1670 228 1499 217 1495 217"/></Shape>
	    <String CONTENT="le dió un abrazo muy tierno,"
                    HPOS="1053"
                    VPOS="214"
                    WIDTH="620"
                    HEIGHT="75"></String>
          </TextLine>

          
          
          <TextLine ID="eSc_line_37e7353b"
                    TAGREFS="LT482"
                    BASELINE="1056 309 1635 315" 
                    HPOS="1053"
                    VPOS="267"
                    WIDTH="582"
                    HEIGHT="62">
            <Shape><Polygon POINTS="1056 309 1053 326 1631 329 1635 315 1633 274 1056 267 1056 309"/></Shape>
	    <String CONTENT="reconoció que es su esposa"
                    HPOS="1053"
                    VPOS="267"
                    WIDTH="582"
                    HEIGHT="62"></String>
          </TextLine>

          
          
          <TextLine ID="eSc_line_75c1f465"
                    TAGREFS="LT482"
                    BASELINE="1056 355 1578 361" 
                    HPOS="1053"
                    VPOS="318"
                    WIDTH="525"
                    HEIGHT="61">
            <Shape><Polygon POINTS="1056 355 1053 368 1574 379 1578 361 1576 320 1056 318 1056 355"/></Shape>
	    <String CONTENT="aquel hermoso portento."
                    HPOS="1053"
                    VPOS="318"
                    WIDTH="525"
                    HEIGHT="61"></String>
          </TextLine>

          
          
          <TextLine ID="eSc_line_9ae8d3e8"
                    TAGREFS="LT482"
                    BASELINE="1056 410 1609 410" 
                    HPOS="1056"
                    VPOS="366"
                    WIDTH="553"
                    HEIGHT="61">
            <Shape><Polygon POINTS="1056 410 1056 427 1609 427 1609 410 1609 368 1056 366 1056 410"/></Shape>
	    <String CONTENT="Toda la Ciudad se admira"
                    HPOS="1056"
                    VPOS="366"
                    WIDTH="553"
                    HEIGHT="61"></String>
          </TextLine>

          
          
          <TextLine ID="eSc_line_89c8a8e6"
                    TAGREFS="LT482"
                    BASELINE="1053 462 1602 462" 
                    HPOS="1053"
                    VPOS="418"
                    WIDTH="549"
                    HEIGHT="64">
            <Shape><Polygon POINTS="1053 462 1053 482 1602 482 1602 462 1602 418 1053 418 1053 462"/></Shape>
	    <String CONTENT="la gran maravilla viendo;"
                    HPOS="1053"
                    VPOS="418"
                    WIDTH="549"
                    HEIGHT="64"></String>
          </TextLine>

          
          
          <TextLine ID="eSc_line_48ab603b"
                    TAGREFS="LT482"
                    BASELINE="1051 506 1585 513" 
                    HPOS="1049"
                    VPOS="464"
                    WIDTH="536"
                    HEIGHT="66">
            <Shape><Polygon POINTS="1051 506 1049 530 1583 530 1585 513 1583 473 1051 464 1051 506"/></Shape>
	    <String CONTENT="de puro contento lloran,"
                    HPOS="1049"
                    VPOS="464"
                    WIDTH="536"
                    HEIGHT="66"></String>
          </TextLine>

          
          
          <TextLine ID="eSc_line_2d4b4350"
                    TAGREFS="LT482"
                    BASELINE="1056 561 1492 561" 
                    HPOS="1056"
                    VPOS="517"
                    WIDTH="436"
                    HEIGHT="66">
            <Shape><Polygon POINTS="1056 561 1056 583 1492 574 1492 561 1492 522 1056 517 1056 561"/></Shape>
	    <String CONTENT="y parece un Jubileo,"
                    HPOS="1056"
                    VPOS="517"
                    WIDTH="436"
                    HEIGHT="66"></String>
          </TextLine>

          
          
          <TextLine ID="eSc_line_c55613ca"
                    TAGREFS="LT482"
                    BASELINE="1051 607 1604 603" 
                    HPOS="1049"
                    VPOS="559"
                    WIDTH="555"
                    HEIGHT="74">
            <Shape><Polygon POINTS="1488 563 1466 563 1444 563 1422 563 1400 563 1378 563 1376 563 1321 570 1198 563 1181 563 1159 563 1137 563 1115 563 1108 563 1102 570 1084 563 1071 563 1069 559 1069 559 1067 559 1064 559 1049 568 1051 607 1051 633 1602 620 1604 603 1600 570 1488 561 1488 563"/></Shape>
	    <String CONTENT="de Damas, y de Galanes,"
                    HPOS="1049"
                    VPOS="559"
                    WIDTH="555"
                    HEIGHT="74"></String>
          </TextLine>

          
          
          <TextLine ID="eSc_line_e498fb7f"
                    TAGREFS="LT482"
                    BASELINE="1056 660 1615 655" 
                    HPOS="1053"
                    VPOS="618"
                    WIDTH="562"
                    HEIGHT="64">
            <Shape><Polygon POINTS="1056 660 1056 682 1613 679 1615 655 1609 618 1053 618 1056 660"/></Shape>
	    <String CONTENT="y parientes que acudieron"
                    HPOS="1053"
                    VPOS="618"
                    WIDTH="562"
                    HEIGHT="64"></String>
          </TextLine>

          
          
          <TextLine ID="eSc_line_f69a6253"
                    TAGREFS="LT482"
                    BASELINE="1053 708 1633 704" 
                    HPOS="1051"
                    VPOS="666"
                    WIDTH="582"
                    HEIGHT="64">
            <Shape><Polygon POINTS="1053 708 1053 730 1633 723 1633 704 1626 666 1051 668 1053 708"/></Shape>
	    <String CONTENT="que en el Palacio no caben"
                    HPOS="1051"
                    VPOS="666"
                    WIDTH="582"
                    HEIGHT="64"></String>
          </TextLine>

          
          
          <TextLine ID="eSc_line_42501895"
                    TAGREFS="LT482"
                    BASELINE="1051 754 1563 754" 
                    HPOS="1051"
                    VPOS="717"
                    WIDTH="512"
                    HEIGHT="57">
            <Shape><Polygon POINTS="1051 754 1051 769 1561 774 1563 754 1563 719 1051 717 1051 754"/></Shape>
	    <String CONTENT="sabiendo aquese suceso."
                    HPOS="1051"
                    VPOS="717"
                    WIDTH="512"
                    HEIGHT="57"></String>
          </TextLine>

          
          
          <TextLine ID="eSc_line_67958f85"
                    TAGREFS="LT482"
                    BASELINE="1049 807 1567 802" 
                    HPOS="1047"
                    VPOS="754"
                    WIDTH="520"
                    HEIGHT="70">
            <Shape><Polygon POINTS="1200 756 1179 756 1157 756 1135 756 1113 756 1091 756 1069 756 1067 754 1047 754 1049 807 1049 822 1563 824 1567 802 1563 761 1216 756 1200 756"/></Shape>
	    <String CONTENT="En la Ciudad de Lisboa"
                    HPOS="1047"
                    VPOS="754"
                    WIDTH="520"
                    HEIGHT="70"></String>
          </TextLine>

          
          
          <TextLine ID="eSc_line_f4722bad"
                    TAGREFS="LT482"
                    BASELINE="1049 855 1574 859" 
                    HPOS="1047"
                    VPOS="807"
                    WIDTH="527"
                    HEIGHT="65">
            <Shape><Polygon POINTS="1049 855 1047 868 1569 872 1574 859 1574 813 1049 807 1049 855"/></Shape>
	    <String CONTENT="hacen fiestas, y torneos,"
                    HPOS="1047"
                    VPOS="807"
                    WIDTH="527"
                    HEIGHT="65"></String>
          </TextLine>

          
          
          <TextLine ID="eSc_line_34caea92"
                    TAGREFS="LT482"
                    BASELINE="1049 901 1587 908" 
                    HPOS="1047"
                    VPOS="857"
                    WIDTH="540"
                    HEIGHT="72">
            <Shape><Polygon POINTS="1400 859 1378 859 1356 859 1334 859 1312 859 1290 857 1286 857 1049 859 1049 901 1047 914 1583 929 1587 908 1587 868 1435 868 1431 866 1418 859 1400 859"/></Shape>
	    <String CONTENT="toros, y juegos de cañas,"
                    HPOS="1047"
                    VPOS="857"
                    WIDTH="540"
                    HEIGHT="72"></String>
          </TextLine>

          
          
          <TextLine ID="eSc_line_12c36b87"
                    TAGREFS="LT482"
                    BASELINE="1047 951 1591 956" 
                    HPOS="1045"
                    VPOS="912"
                    WIDTH="546"
                    HEIGHT="66">
            <Shape><Polygon POINTS="1047 951 1045 971 1587 978 1591 956 1591 916 1047 912 1047 951"/></Shape>
	    <String CONTENT="comedias, y pasatiempos."
                    HPOS="1045"
                    VPOS="912"
                    WIDTH="546"
                    HEIGHT="66"></String>
          </TextLine>

          
          
          <TextLine ID="eSc_line_6e8e2490"
                    TAGREFS="LT482"
                    BASELINE="1047 1004 1532 1000" 
                    HPOS="1045"
                    VPOS="954"
                    WIDTH="487"
                    HEIGHT="72">
            <Shape><Polygon POINTS="1067 954 1064 954 1045 962 1047 1004 1047 1026 1530 1026 1532 1000 1528 962 1069 954 1067 954"/></Shape>
	    <String CONTENT="A Don Federico casan"
                    HPOS="1045"
                    VPOS="954"
                    WIDTH="487"
                    HEIGHT="72"></String>
          </TextLine>

          
          
          <TextLine ID="eSc_line_65116ead"
                    TAGREFS="LT482"
                    BASELINE="1047 1054 1563 1050" 
                    HPOS="1045"
                    VPOS="1015"
                    WIDTH="518"
                    HEIGHT="55">
            <Shape><Polygon POINTS="1047 1054 1047 1070 1561 1070 1563 1050 1556 1015 1045 1017 1047 1054"/></Shape>
	    <String CONTENT="con otro retrato mesmo"
                    HPOS="1045"
                    VPOS="1015"
                    WIDTH="518"
                    HEIGHT="55"></String>
          </TextLine>

          
          
          <TextLine ID="eSc_line_d71cb5b6"
                    TAGREFS="LT482"
                    BASELINE="1045 1103 1539 1103" 
                    HPOS="1045"
                    VPOS="1059"
                    WIDTH="494"
                    HEIGHT="61">
            <Shape><Polygon POINTS="1045 1103 1045 1120 1539 1116 1539 1103 1539 1063 1045 1059 1045 1103"/></Shape>
	    <String CONTENT="hermana de Doña Inés"
                    HPOS="1045"
                    VPOS="1059"
                    WIDTH="494"
                    HEIGHT="61"></String>
          </TextLine>

          
          
          <TextLine ID="eSc_line_619c8c84"
                    TAGREFS="LT482"
                    BASELINE="1047 1153 1622 1158" 
                    HPOS="1045"
                    VPOS="1105"
                    WIDTH="577"
                    HEIGHT="68">
            <Shape><Polygon POINTS="1047 1153 1045 1166 1618 1173 1622 1158 1622 1114 1047 1105 1047 1153"/></Shape>
	    <String CONTENT="Doña Elvira de San Diego,"
                    HPOS="1045"
                    VPOS="1105"
                    WIDTH="577"
                    HEIGHT="68"></String>
          </TextLine>

          
          
          <TextLine ID="eSc_line_80f4bf3d"
                    TAGREFS="LT482"
                    BASELINE="1047 1204 1593 1197" 
                    HPOS="1045"
                    VPOS="1153"
                    WIDTH="548"
                    HEIGHT="68">
            <Shape><Polygon POINTS="1506 1158 1484 1158 1462 1158 1440 1158 1418 1158 1396 1158 1374 1158 1352 1158 1345 1155 1317 1162 1293 1155 1286 1155 1264 1155 1258 1155 1242 1162 1233 1155 1220 1155 1207 1155 1176 1164 1093 1155 1089 1155 1067 1155 1064 1153 1045 1164 1047 1204 1047 1221 1593 1221 1593 1197 1589 1162 1506 1158 1506 1158"/></Shape>
	    <String CONTENT="quedando Don Alejandro"
                    HPOS="1045"
                    VPOS="1153"
                    WIDTH="548"
                    HEIGHT="68"></String>
          </TextLine>

          
          
          <TextLine ID="eSc_line_e42f0616"
                    TAGREFS="LT482"
                    BASELINE="1053 1256 1673 1248" 
                    HPOS="1051"
                    VPOS="1201"
                    WIDTH="622"
                    HEIGHT="79">
            <Shape><Polygon POINTS="1053 1256 1053 1280 1670 1263 1673 1248 1666 1201 1051 1212 1053 1256"/></Shape>
	    <String CONTENT="prospero, alegre, y contento"
                    HPOS="1051"
                    VPOS="1201"
                    WIDTH="622"
                    HEIGHT="79"></String>
          </TextLine>

          
          
          <TextLine ID="eSc_line_2c0a876f"
                    TAGREFS="LT482"
                    BASELINE="1047 1300 1593 1307" 
                    HPOS="1045"
                    VPOS="1252"
                    WIDTH="548"
                    HEIGHT="74">
            <Shape><Polygon POINTS="1385 1252 1383 1252 1345 1263 1343 1263 1047 1261 1047 1300 1045 1316 1589 1326 1593 1307 1591 1267 1387 1252 1385 1252"/></Shape>
	    <String CONTENT="con su esposa Doña Inés,"
                    HPOS="1045"
                    VPOS="1252"
                    WIDTH="548"
                    HEIGHT="74"></String>
          </TextLine>

          
          
          <TextLine ID="eSc_line_13f00504"
                    TAGREFS="LT482"
                    BASELINE="1047 1348 1569 1357" 
                    HPOS="1045"
                    VPOS="1307"
                    WIDTH="524"
                    HEIGHT="70">
            <Shape><Polygon POINTS="1047 1348 1045 1362 1565 1377 1569 1357 1567 1316 1047 1307 1047 1348"/></Shape>
	    <String CONTENT="rosa, clavellina, espejo,"
                    HPOS="1045"
                    VPOS="1307"
                    WIDTH="524"
                    HEIGHT="70"></String>
          </TextLine>

          
          
          <TextLine ID="eSc_line_f84648d1"
                    TAGREFS="LT482"
                    BASELINE="1047 1399 1519 1403" 
                    HPOS="1045"
                    VPOS="1355"
                    WIDTH="474"
                    HEIGHT="61">
            <Shape><Polygon POINTS="1047 1399 1045 1414 1514 1416 1519 1403 1517 1364 1047 1355 1047 1399"/></Shape>
	    <String CONTENT="Peregrina montañesa,"
                    HPOS="1045"
                    VPOS="1355"
                    WIDTH="474"
                    HEIGHT="61"></String>
          </TextLine>

          
          
          <TextLine ID="eSc_line_a9e6db98"
                    TAGREFS="LT482"
                    BASELINE="1047 1449 1644 1454" 
                    HPOS="1045"
                    VPOS="1397"
                    WIDTH="599"
                    HEIGHT="76">
            <Shape><Polygon POINTS="1047 1449 1045 1462 1640 1473 1644 1454 1642 1397 1407 1410 1047 1401 1047 1449"/></Shape>
	    <String CONTENT="la que estuvo en el desierto,"
                    HPOS="1045"
                    VPOS="1397"
                    WIDTH="599"
                    HEIGHT="76"></String>
          </TextLine>

          
          
          <TextLine ID="eSc_line_a278e2e4"
                    TAGREFS="LT482"
                    BASELINE="1045 1500 1593 1500" 
                    HPOS="1045"
                    VPOS="1454"
                    WIDTH="548"
                    HEIGHT="68">
            <Shape><Polygon POINTS="1045 1500 1045 1515 1591 1522 1593 1500 1591 1454 1045 1456 1045 1500"/></Shape>
	    <String CONTENT="la que libró á su enemigo"
                    HPOS="1045"
                    VPOS="1454"
                    WIDTH="548"
                    HEIGHT="68"></String>
          </TextLine>

          
          
          <TextLine ID="eSc_line_c4c0a3bd"
                    TAGREFS="LT482"
                    BASELINE="1045 1550 1576 1546" 
                    HPOS="1042"
                    VPOS="1506"
                    WIDTH="534"
                    HEIGHT="62">
            <Shape><Polygon POINTS="1045 1550 1045 1568 1574 1568 1576 1546 1569 1506 1042 1509 1045 1550"/></Shape>
	    <String CONTENT="de manos del Leon fiero,"
                    HPOS="1042"
                    VPOS="1506"
                    WIDTH="534"
                    HEIGHT="62"></String>
          </TextLine>

          
          
          <TextLine ID="eSc_line_f2d6f608"
                    TAGREFS="LT482"
                    BASELINE="1056 1601 1631 1594" 
                    HPOS="1053"
                    VPOS="1552"
                    WIDTH="578"
                    HEIGHT="66">
            <Shape><Polygon POINTS="1056 1601 1056 1614 1629 1618 1631 1594 1626 1557 1053 1552 1056 1601"/></Shape>
	    <String CONTENT="Y la Virgen nuestra Madre"
                    HPOS="1053"
                    VPOS="1552"
                    WIDTH="578"
                    HEIGHT="66"></String>
          </TextLine>

          
          
          <TextLine ID="eSc_line_92b5b7fd"
                    TAGREFS="LT482"
                    BASELINE="1045 1649 1583 1645" 
                    HPOS="1042"
                    VPOS="1609"
                    WIDTH="541"
                    HEIGHT="62">
            <Shape><Polygon POINTS="1045 1649 1045 1664 1578 1671 1583 1645 1576 1609 1042 1609 1045 1649"/></Shape>
	    <String CONTENT="la libró de los perversos,"
                    HPOS="1042"
                    VPOS="1609"
                    WIDTH="541"
                    HEIGHT="62"></String>
          </TextLine>

          
          
          <TextLine ID="eSc_line_0525477e"
                    TAGREFS="LT482"
                    BASELINE="1040 1699 1620 1699" 
                    HPOS="1040"
                    VPOS="1662"
                    WIDTH="580"
                    HEIGHT="57">
            <Shape><Polygon POINTS="1040 1699 1040 1710 1618 1719 1620 1699 1620 1662 1040 1662 1040 1699"/></Shape>
	    <String CONTENT="cubriendola con su manto,"
                    HPOS="1040"
                    VPOS="1662"
                    WIDTH="580"
                    HEIGHT="57"></String>
          </TextLine>

          
          
          <TextLine ID="eSc_line_2216337b"
                    TAGREFS="LT482"
                    BASELINE="1047 1745 1640 1752" 
                    HPOS="1045"
                    VPOS="1702"
                    WIDTH="595"
                    HEIGHT="74">
            <Shape><Polygon POINTS="1552 1702 1530 1702 1508 1702 1486 1702 1468 1702 1400 1706 1398 1706 1391 1702 1376 1702 1354 1702 1332 1702 1310 1702 1264 1706 1247 1706 1242 1706 1229 1702 1222 1702 1200 1702 1179 1702 1157 1702 1135 1702 1113 1702 1091 1702 1075 1702 1047 1702 1047 1745 1045 1767 1231 1761 1260 1774 1262 1774 1264 1774 1266 1774 1282 1774 1391 1763 1635 1776 1640 1752 1637 1710 1572 1702 1552 1702"/></Shape>
	    <String CONTENT="poniendo al demonio freno,"
                    HPOS="1045"
                    VPOS="1702"
                    WIDTH="595"
                    HEIGHT="74"></String>
          </TextLine>

          
          
          <TextLine ID="eSc_line_5414a005"
                    TAGREFS="LT482"
                    BASELINE="1040 1794 1558 1798" 
                    HPOS="1038"
                    VPOS="1748"
                    WIDTH="520"
                    HEIGHT="68">
            <Shape><Polygon POINTS="1326 1750 1304 1750 1282 1750 1260 1750 1251 1748 1040 1754 1040 1794 1038 1809 1554 1816 1558 1798 1556 1761 1341 1750 1326 1750"/></Shape>
	    <String CONTENT="que siendo devota suya,"
                    HPOS="1038"
                    VPOS="1748"
                    WIDTH="520"
                    HEIGHT="68"></String>
          </TextLine>

          
          
          <TextLine ID="eSc_line_4c61196e"
                    TAGREFS="LT482"
                    BASELINE="1040 1848 1556 1844" 
                    HPOS="1038"
                    VPOS="1802"
                    WIDTH="518"
                    HEIGHT="64">
            <Shape><Polygon POINTS="1040 1848 1040 1859 1554 1866 1556 1844 1552 1807 1038 1802 1040 1848"/></Shape>
	    <String CONTENT="la libró del desconsuelo."
                    HPOS="1038"
                    VPOS="1802"
                    WIDTH="518"
                    HEIGHT="64"></String>
          </TextLine>

          
          
          <TextLine ID="eSc_line_dc562823"
                    TAGREFS="LT482"
                    BASELINE="1045 1897 1694 1892" 
                    HPOS="1042"
                    VPOS="1833"
                    WIDTH="652"
                    HEIGHT="86">
            <Shape><Polygon POINTS="1196 1848 1174 1848 1152 1848 1130 1848 1108 1848 1086 1848 1064 1848 1042 1848 1045 1897 1045 1912 1475 1919 1477 1919 1479 1919 1484 1919 1523 1908 1690 1919 1694 1892 1688 1833 1576 1835 1574 1835 1572 1835 1545 1853 1209 1848 1196 1848"/></Shape>
	    <String CONTENT="Y asi, por fin de esta historia"
                    HPOS="1042"
                    VPOS="1833"
                    WIDTH="652"
                    HEIGHT="86"></String>
          </TextLine>

          
          
          <TextLine ID="eSc_line_071fbaaa"
                    TAGREFS="LT482"
                    BASELINE="1045 1945 1673 1949" 
                    HPOS="1042"
                    VPOS="1901"
                    WIDTH="631"
                    HEIGHT="70">
            <Shape><Polygon POINTS="1045 1945 1042 1965 1356 1960 1668 1971 1673 1949 1670 1906 1045 1901 1045 1945"/></Shape>
	    <String CONTENT="pide Juan Miguel del Fuego,"
                    HPOS="1042"
                    VPOS="1901"
                    WIDTH="631"
                    HEIGHT="70"></String>
          </TextLine>

          
          
          <TextLine ID="eSc_line_5a4444f7"
                    TAGREFS="LT482"
                    BASELINE="1040 1995 1609 1991" 
                    HPOS="1038"
                    VPOS="1954"
                    WIDTH="571"
                    HEIGHT="59">
            <Shape><Polygon POINTS="1040 1995 1040 2013 1607 2011 1609 1991 1602 1954 1038 1956 1040 1995"/></Shape>
	    <String CONTENT="nos asista la que en gracia"
                    HPOS="1038"
                    VPOS="1954"
                    WIDTH="571"
                    HEIGHT="59"></String>
          </TextLine>

          
          
          <TextLine ID="eSc_line_bf1b0d41"
                    TAGREFS="LT482"
                    BASELINE="1040 2046 1611 2041" 
                    HPOS="1038"
                    VPOS="2000"
                    WIDTH="573"
                    HEIGHT="66">
            <Shape><Polygon POINTS="1040 2046 1040 2063 1607 2066 1611 2041 1607 2002 1038 2000 1040 2046"/></Shape>
	    <String CONTENT="es Madre de los Remedios,"
                    HPOS="1038"
                    VPOS="2000"
                    WIDTH="573"
                    HEIGHT="66"></String>
          </TextLine>

          
          
          <TextLine ID="eSc_line_a9bb86c3"
                    TAGREFS="LT482"
                    BASELINE="1042 2096 1629 2092" 
                    HPOS="1040"
                    VPOS="2046"
                    WIDTH="589"
                    HEIGHT="77">
            <Shape><Polygon POINTS="1042 2096 1042 2114 1312 2123 1315 2123 1317 2123 1352 2109 1359 2109 1367 2109 1429 2120 1431 2120 1523 2109 1609 2120 1611 2120 1613 2120 1615 2120 1629 2109 1629 2092 1624 2057 1363 2046 1361 2046 1040 2059 1042 2096"/></Shape>
	    <String CONTENT="y con su amparo, y auxilio"
                    HPOS="1040"
                    VPOS="2046"
                    WIDTH="589"
                    HEIGHT="77"></String>
          </TextLine>

          
          
          <TextLine ID="eSc_line_0eda25c4"
                    TAGREFS="LT482"
                    BASELINE="1038 2147 1569 2138" 
                    HPOS="1036"
                    VPOS="2101"
                    WIDTH="533"
                    HEIGHT="85">
            <Shape><Polygon POINTS="1038 2147 1038 2171 1073 2186 1075 2186 1078 2186 1080 2186 1110 2173 1115 2171 1132 2173 1216 2184 1218 2184 1282 2175 1339 2167 1367 2175 1385 2182 1387 2182 1389 2182 1391 2182 1409 2177 1433 2169 1446 2177 1451 2180 1453 2180 1455 2180 1457 2180 1569 2177 1569 2138 1565 2101 1036 2101 1038 2147"/></Shape>
	    <String CONTENT="logramos gozar el Cielo."
                    HPOS="1036"
                    VPOS="2101"
                    WIDTH="533"
                    HEIGHT="85"></String>
          </TextLine>

          
        </TextBlock>
        
        <TextBlock HPOS="294.0"
                   VPOS="2270.0"
                   WIDTH="1429.0"
                   HEIGHT="126.0"
                   ID="block_3"
                   TAGREFS="BT1297">
          <Shape><Polygon POINTS="294 2270 1723 2270 1723 2396 294 2396 294 2270"/></Shape>
          
          
          <TextLine ID="eSc_line_e498cdd9"
                    TAGREFS="LT482"
                    BASELINE="346 2349 1699 2340" 
                    HPOS="344"
                    VPOS="2289"
                    WIDTH="1355"
                    HEIGHT="108">
            <Shape><Polygon POINTS="346 2349 346 2379 454 2392 456 2392 458 2392 461 2392 461 2390 472 2379 476 2377 483 2379 524 2395 526 2395 529 2395 531 2395 533 2395 553 2381 568 2392 568 2395 570 2395 573 2395 652 2397 654 2397 832 2395 834 2395 836 2395 854 2379 862 2375 1001 2375 1007 2379 1034 2392 1036 2392 1038 2395 1132 2395 1132 2392 1135 2392 1165 2379 1181 2373 1207 2379 1260 2392 1262 2392 1264 2395 1317 2395 1317 2392 1319 2392 1352 2379 1374 2370 1440 2370 1455 2379 1475 2390 1477 2390 1479 2390 1482 2392 1532 2392 1532 2390 1534 2390 1536 2390 1536 2388 1547 2379 1556 2370 1697 2377 1699 2340 1694 2303 1574 2303 1574 2300 1561 2289 1558 2289 1556 2289 1554 2289 1389 2300 1354 2303 1317 2300 1170 2292 1168 2292 1047 2300 981 2305 902 2300 796 2294 794 2294 753 2300 720 2305 702 2300 685 2294 682 2294 680 2294 678 2294 676 2294 676 2296 674 2296 671 2300 665 2307 630 2300 608 2296 605 2296 586 2300 548 2307 344 2300 346 2349"/></Shape>
	    <String CONTENT="Barcelona: Por los Herederos de Juan Jolis, en los Algodoneros."
                    HPOS="344"
                    VPOS="2289"
                    WIDTH="1355"
                    HEIGHT="108"></String>
          </TextLine>

          
        </TextBlock>
        
        <TextBlock HPOS="917.0"
                   VPOS="2192.0"
                   WIDTH="200.0"
                   HEIGHT="76.0"
                   ID="block_2"
                   TAGREFS="BT1295">
          <Shape><Polygon POINTS="917 2192 1117 2192 1117 2268 917 2268 917 2192"/></Shape>
          
          
          <TextLine ID="eSc_line_62543390"
                    TAGREFS="LT481"
                    BASELINE="930 2245 1089 2245" 
                    HPOS="928"
                    VPOS="2193"
                    WIDTH="158"
                    HEIGHT="74">
            <Shape><Polygon POINTS="1082 2193 1060 2193 1038 2193 1016 2193 994 2193 972 2193 950 2193 928 2193 928 2243 928 2256 1084 2267 1086 2243 1086 2193 1082 2193"/></Shape>
	    <String CONTENT="FIN."
                    HPOS="928"
                    VPOS="2193"
                    WIDTH="158"
                    HEIGHT="74"></String>
          </TextLine>

          
        </TextBlock>
        

        
      </PrintSpace>
    </Page>
  </Layout>
</alto>
