1971 2624
448 258 545 72 tres mil y quinientos turcos

446 303 501 73 setenta y mas se escribia,

457 362 531 66 que fueron presos cautivos,

448 402 468 79 bajáes de mucha estima.

450 459 435 72 Al comendador mayor

446 507 396 68 de su parte le cabia

448 559 427 66 una estremada galera,

446 603 435 66 donde Mahomet venia,

448 658 486 70 ayo de aquellos dos hijos

457 706 523 74 que el bajan mucho queria.

448 760 521 62 A los dos los tomó presos,

450 811 514 65 que iban en su compañía;

457 861 450 66 presentólos á don Juan,

455 909 527 68 y don Juan se lo agradecia.

444 951 326 74 En la galera real

444 986 459 81 del turco se descubrian

448 1056 396 72 ciento y setenta mil

448 1102 472 76 cequíes de oro de valía,

446 1152 649 72 que su precio es mas de escudo,

422 1198 625 81 y á mas de muy gran cuantía,

439 1255 506 72 muchos brocados y sedas,

446 1296 343 75 aljofar y perlería.

441 1349 436 72 La del bajan Zaracosa

446 1408 492 57 mil cequíes de oro tenia;

439 1436 589 94 la presa se dió á los soldados,

444 1506 398 70 su alteza la repartia

439 1556 446 57 como liberal y franco,

439 1591 560 83 á quien Dios en la otra vida

437 1644 523 74 le dé la gloria y descanso;

441 1694 366 77 y toda esta tiranía

437 1753 488 70 de los turcos la consuma

439 1793 414 67 segun España confia,

441 1856 556 63 y á nuestro buen rey Felipe

437 1895 628 88 guarde y alargue la vida. Amen.

433 1963 662 125 ROMANCE AL PRESENTE QUE ENVIÓ

527 2055 463 70 EL GRAN TURCO AL SEÑOR

662 2105 191 59 DON JUAN.

461 2145 477 78 Yo el gran sultan Selim,

444 2193 450 103 rey de reyes coronado,

1124 2009 472 63 con oro muy estremado,

1135 262 457 74 de siete imperios señor,

1144 319 542 72 que están debajo mi mando,

1135 362 490 73 Capadocia y Trapisonda,

1146 411 520 80 y el gran Cairo nombrado.

1137 459 492 78 Emperador del gran Can

1137 509 442 74 de Esclavonia llamado,

1139 566 556 68 de Constantinopla y griegos,

1146 607 380 75 Taburlan intitulado.

1135 658 461 72 Emperador de Turquía,

1135 717 496 65 de Armenia y su reinado.

1137 758 558 77 Rey de setenta y tres reyes;

1141 811 525 74 que no digo ni he contado.

1135 854 464 81 Señor de la Casa santa,

1139 907 611 79 que es lo que llora el cristiano.

1135 964 501 65 A vos, príncipe don Juan

1137 1005 475 77 de la Austria nombrado,

1135 1053 359 77 hijo del emperador

1133 1113 522 74 Carlos quinto el esforzado,

1124 1165 468 63 hermano del rey Felipe

1130 1211 460 68 el mas bien afortunado.

1130 1261 451 68 General sois de la Liga

1133 1309 503 68 de Venecia y del romano,

1137 1360 516 70 y de España la invencible,

1133 1408 527 72 como siempre ha mostrado.

1133 1454 514 74 Allá os envio un presente,

1133 1510 599 70 no conforme á vuestro estado;

1128 1559 490 74 dichoso os podeis llamar,

1133 1613 474 64 y en el mar afortunado,

1137 1664 470 59 y mas por solo enviaros

1130 1709 541 73 el presente que he enviado,

1126 1760 442 70 si no es cual mereceis,

1128 1799 416 74 recibidlo de mi mano.

1130 1847 445 79 Tres ropas de levantar

1122 1908 485 66 recibiréis de buen grado,

1126 1952 451 72 tejidas de seda y plata,

1122 2048 479 73 forradas de finos martas

1124 2097 547 80 muertas en monte Tartareo.

1124 2156 523 70 Seis tapetes de oro y seda,

1122 2208 523 114 con un sendal de brocado,

1625 2263 94 78 para
