1886 2590
157 213 501 69 de aquel Anillo Real?

162 269 630 63 A lo que Don Juan le habla,

165 317 530 61 diciendo que paseando

166 371 531 62 una cierta noche andaba

159 418 532 54 en la Corte quando oyó

158 463 507 63 una voz muy delicada

155 505 577 79 de una Dama, que decia:

155 554 598 76 Huya, huya, que lo matan.

165 607 541 67 Vide à cierto Cavallero

154 651 705 82 hecho un Marte en la campaña,

152 707 553 70 que de ocho se defendia

154 756 558 71 con Española arrogancia.

152 807 480 69 A su lado me planté,

154 854 593 71 arranqué, Señor la espada;

152 903 589 74 quitandole algunas puntas;

149 965 555 53 porque grandes estocadas

148 1000 534 66 le tiraban los traydores;

145 1048 548 62 mas fué mi fortuna tanta,

145 1097 560 65 que al Cavallero, ni à mi

142 1151 580 79 se nos agraviasse en nada;

143 1197 465 73 y agradecido, Señor,

142 1243 430 70 el referido me daba

142 1293 526 71 unos doblones, y dióme

142 1341 541 73 esse anillo que se enlaza

141 1392 501 62 en vuestra mano Real.

136 1433 526 69 Me dixo à Palacio vaya,

138 1486 568 75 que el era el Mayordomo,

139 1538 544 67 y mire que no haya falta.

135 1584 527 63 Nunca me acordé de ir,

136 1636 592 74 seguí à Napoles la marcha,

132 1686 569 68 Señor, en mi Regimiento,

131 1729 629 73 donde he hallado dicha tanta

129 1784 569 67 que con decir, de que era

128 1825 698 90 hijo vuestro (heroyca hazaña!)

129 1880 583 62 y que tambien dí la muerte

126 1928 621 79 à un hijo del duque de Alva,

125 1978 581 75 engañando à un Mercader,

125 2024 495 73 saquele su hija amada.

122 2073 574 70 Paséme à España, Señor,

123 2126 583 76 con hacienda muy sobrada

122 2171 481 102 recibi del Matrimonio

899 214 537 78 las ceremonias Sagradas.

895 276 502 63 Aqui tienes mi cabeza,

896 320 488 59 y la verdad declarada.

894 361 414 69 Maravillado quedó

892 407 573 80 el Rey, viendo la sumaria

891 467 506 68 del termino de su vida,

891 516 584 62 y al Mayordomo le manda

891 562 614 68 que lo mantenga en Palacio.

885 608 551 78 Assi estuvo dos semanas,

891 664 534 61 hasta que el Napolitano

891 710 524 69 la buelta à Palacio daba.

891 765 640 66 El Rey le mandó que aguarde

888 810 558 66 hasta segunda ordenanza.

889 856 563 70 Mandó subiese Don Juan,

891 912 646 73 y venga su esposa, y traygan

886 958 483 59 una gala de la Reyna,

883 1005 555 65 para que fuesse adornada.

889 1054 516 68 Al Soldado puso el Rey

889 1099 560 76 Toysón, y Llave Dorada,

885 1153 538 68 y un baston de General,

889 1204 540 70 y que se sentasse manda.

883 1251 559 74 Cubrió con unas cortinas,

889 1303 475 68 de tela muy realzada,

881 1351 528 72 sus personas, y dispuso

881 1398 586 72 que el Napolitano traygan.

879 1446 580 69 El Rey le dice: Ea amigo,

879 1497 621 62 ya el paxaro está en la jaula:

879 1554 527 60 ya está preso el agresor,

878 1595 576 68 la sentencia ha de ser dada

873 1640 650 80 entre los dos: Que os parece?

872 1693 563 68 ha de ser hoy, ó mañana?

872 1742 573 71 Respondió el Napolitano:

869 1791 622 82 Si à mi gusto ha de ser dada,

865 1844 483 71 como parezca mi hija,

866 1890 626 72 que no se le agravie en nada.

868 1939 624 72 Que à tu enemigo perdonas?

865 1989 619 74 Si Señor, porque me agrada

865 2043 577 76 aquel arte, y compustura,

868 2090 453 66 y dispocion gallarda.

862 2132 668 81 Corrió el Rey las dos cortinas,

863 2188 553 91 y de esta suerte le habla:

1386 2248 142 78 Aqui
