<?xml version="1.0" encoding="UTF-8"?>
<alto xmlns:xsi="http://www.w3.org/2001/XMLSchema-instance"
      xmlns="http://www.loc.gov/standards/alto/ns-v4#"
      xsi:schemaLocation="http://www.loc.gov/standards/alto/ns-v4# http://www.loc.gov/standards/alto/v4/alto-4-2.xsd">
  <Description>
    <MeasurementUnit>pixel</MeasurementUnit>
    <sourceImageInformation>
      <fileName>BCN_041_3.jpg</fileName>
      
    </sourceImageInformation>
  </Description>
  
  <Tags>
    <OtherTag ID="BT1290" LABEL="CustomZone:impresorNum" DESCRIPTION="block type CustomZone:impresorNum"/><OtherTag ID="BT1291" LABEL="CustomZone:numero_pliego" DESCRIPTION="block type CustomZone:numero_pliego"/><OtherTag ID="BT1292" LABEL="CustomZone:title" DESCRIPTION="block type CustomZone:title"/><OtherTag ID="BT1293" LABEL="GraphicZone:illustration" DESCRIPTION="block type GraphicZone:illustration"/><OtherTag ID="BT1294" LABEL="GraphicZone:ornamentation" DESCRIPTION="block type GraphicZone:ornamentation"/><OtherTag ID="BT1295" LABEL="MainZone" DESCRIPTION="block type MainZone"/><OtherTag ID="BT1296" LABEL="MainZone:columns" DESCRIPTION="block type MainZone:columns"/><OtherTag ID="BT1297" LABEL="MarginTextZone:colophon" DESCRIPTION="block type MarginTextZone:colophon"/><OtherTag ID="BT1298" LABEL="MarginTextZone:note" DESCRIPTION="block type MarginTextZone:note"/><OtherTag ID="BT1299" LABEL="MusicZone" DESCRIPTION="block type MusicZone"/><OtherTag ID="BT1300" LABEL="NumberingZone:page" DESCRIPTION="block type NumberingZone:page"/><OtherTag ID="BT1301" LABEL="QuireMarksZone:catchwords" DESCRIPTION="block type QuireMarksZone:catchwords"/><OtherTag ID="BT1302" LABEL="QuireMarksZone:signature" DESCRIPTION="block type QuireMarksZone:signature"/><OtherTag ID="BT1303" LABEL="RunningTitleZone" DESCRIPTION="block type RunningTitleZone"/>
    <OtherTag ID="LT480" LABEL="CustomLine:propriedad" DESCRIPTION="line type CustomLine:propriedad"/><OtherTag ID="LT481" LABEL="CustomLine:trailer" DESCRIPTION="line type CustomLine:trailer"/><OtherTag ID="LT482" LABEL="DefaultLine" DESCRIPTION="line type DefaultLine"/><OtherTag ID="LT483" LABEL="HeadingLine" DESCRIPTION="line type HeadingLine"/>
  </Tags>
  
  <Layout>
    <Page WIDTH="1890"
          HEIGHT="2597"
          PHYSICAL_IMG_NR="214"
          ID="eSc_dummypage_">
      <PrintSpace HPOS="0"
                  VPOS="0"
                  WIDTH="1890"
                  HEIGHT="2597">
        
        <TextBlock HPOS="205"
                   VPOS="194"
                   WIDTH="656"
                   HEIGHT="2049"
                   ID="block_1"
                   TAGREFS="BT1296">
          <Shape><Polygon POINTS="861 194 861 2243 205 2243 205 194"/></Shape>
          
          
          <TextLine ID="eSc_line_9db89a05"
                    TAGREFS="LT482"
                    BASELINE="246 222 742 227" 
                    HPOS="244"
                    VPOS="173"
                    WIDTH="498"
                    HEIGHT="73">
            <Shape><Polygon POINTS="246 222 244 238 738 246 742 227 738 173 246 177 246 222"/></Shape>
	    <String CONTENT="con su olla bien armada,"
                    HPOS="244"
                    VPOS="173"
                    WIDTH="498"
                    HEIGHT="73"></String>
          </TextLine>

          
          
          <TextLine ID="eSc_line_64a15159"
                    TAGREFS="LT482"
                    BASELINE="248 272 766 277" 
                    HPOS="246"
                    VPOS="227"
                    WIDTH="520"
                    HEIGHT="71">
            <Shape><Polygon POINTS="248 272 246 287 268 298 270 298 272 298 764 289 766 277 762 227 248 229 248 272"/></Shape>
	    <String CONTENT="compuesta de tal mixtura,"
                    HPOS="246"
                    VPOS="227"
                    WIDTH="520"
                    HEIGHT="71"></String>
          </TextLine>

          
          
          <TextLine ID="eSc_line_7331d8f4"
                    TAGREFS="LT482"
                    BASELINE="248 324 831 333" 
                    HPOS="246"
                    VPOS="274"
                    WIDTH="585"
                    HEIGHT="76">
            <Shape><Polygon POINTS="725 277 723 277 720 277 705 277 573 287 545 279 536 277 530 277 508 277 506 279 500 285 489 279 480 274 465 274 443 274 426 274 248 281 248 324 246 341 827 350 831 333 831 277 764 277 762 277 759 277 757 277 757 279 746 287 727 277 725 277"/></Shape>
	    <String CONTENT="qne el Ciudadano y el Noble,"
                    HPOS="246"
                    VPOS="274"
                    WIDTH="585"
                    HEIGHT="76"></String>
          </TextLine>

          
          
          <TextLine ID="eSc_line_04d2e877"
                    TAGREFS="LT482"
                    BASELINE="246 378 764 378" 
                    HPOS="246"
                    VPOS="326"
                    WIDTH="518"
                    HEIGHT="67">
            <Shape><Polygon POINTS="593 331 571 331 549 331 528 328 506 328 484 328 463 328 441 328 420 328 415 328 400 335 346 326 333 326 316 326 246 335 246 378 246 387 762 393 764 378 764 337 597 331 593 331"/></Shape>
	    <String CONTENT="ni el Letrado, ni el Cura,"
                    HPOS="246"
                    VPOS="326"
                    WIDTH="518"
                    HEIGHT="67"></String>
          </TextLine>

          
          
          <TextLine ID="eSc_line_037b8110"
                    TAGREFS="LT482"
                    BASELINE="244 424 798 430" 
                    HPOS="242"
                    VPOS="383"
                    WIDTH="556"
                    HEIGHT="69">
            <Shape><Polygon POINTS="244 424 242 445 794 452 798 430 796 389 244 383 244 424"/></Shape>
	    <String CONTENT="ni el Obispo, ni Arzobispo,"
                    HPOS="242"
                    VPOS="383"
                    WIDTH="556"
                    HEIGHT="69"></String>
          </TextLine>

          
          
          <TextLine ID="eSc_line_529017fb"
                    TAGREFS="LT482"
                    BASELINE="242 473 790 482" 
                    HPOS="240"
                    VPOS="432"
                    WIDTH="550"
                    HEIGHT="63">
            <Shape><Polygon POINTS="242 473 240 489 785 495 790 482 788 441 242 432 242 473"/></Shape>
	    <String CONTENT="ni el Canónigo en su Musa,"
                    HPOS="240"
                    VPOS="432"
                    WIDTH="550"
                    HEIGHT="63"></String>
          </TextLine>

          
          
          <TextLine ID="eSc_line_1f98eb2f"
                    TAGREFS="LT482"
                    BASELINE="242 525 820 534" 
                    HPOS="240"
                    VPOS="480"
                    WIDTH="580"
                    HEIGHT="71">
            <Shape><Polygon POINTS="242 525 240 543 816 551 820 534 818 489 242 480 242 525"/></Shape>
	    <String CONTENT="ni los Grandes, ni los Reyes,"
                    HPOS="240"
                    VPOS="480"
                    WIDTH="580"
                    HEIGHT="71"></String>
          </TextLine>

          
          
          <TextLine ID="eSc_line_9d9e40a5"
                    TAGREFS="LT482"
                    BASELINE="244 575 857 586" 
                    HPOS="242"
                    VPOS="528"
                    WIDTH="615"
                    HEIGHT="71">
            <Shape><Polygon POINTS="807 534 785 534 764 534 742 534 720 534 699 534 677 534 655 532 651 532 634 532 612 532 591 532 569 532 547 532 534 530 448 530 439 530 417 530 396 530 389 528 244 528 244 575 242 588 852 599 857 586 857 534 807 532 807 534"/></Shape>
	    <String CONTENT="ni el Cardenal con su Púrpura,"
                    HPOS="242"
                    VPOS="528"
                    WIDTH="615"
                    HEIGHT="71"></String>
          </TextLine>

          
          
          <TextLine ID="eSc_line_2a944588"
                    TAGREFS="LT482"
                    BASELINE="244 625 733 631" 
                    HPOS="242"
                    VPOS="584"
                    WIDTH="491"
                    HEIGHT="71">
            <Shape><Polygon POINTS="244 625 242 647 547 642 565 653 565 655 567 655 569 655 571 655 582 655 636 644 729 655 733 631 731 588 244 584 244 625"/></Shape>
	    <String CONTENT="ni el Papa con su poder,"
                    HPOS="242"
                    VPOS="584"
                    WIDTH="491"
                    HEIGHT="71"></String>
          </TextLine>

          
          
          <TextLine ID="eSc_line_38fbbce3"
                    TAGREFS="LT482"
                    BASELINE="244 675 729 681" 
                    HPOS="242"
                    VPOS="636"
                    WIDTH="487"
                    HEIGHT="60">
            <Shape><Polygon POINTS="244 675 242 694 725 696 729 681 727 638 244 636 244 675"/></Shape>
	    <String CONTENT="(no es arrojo ni locura)"
                    HPOS="242"
                    VPOS="636"
                    WIDTH="487"
                    HEIGHT="60"></String>
          </TextLine>

          
          
          <TextLine ID="eSc_line_21bbd07c"
                    TAGREFS="LT482"
                    BASELINE="244 722 744 729" 
                    HPOS="242"
                    VPOS="679"
                    WIDTH="502"
                    HEIGHT="67">
            <Shape><Polygon POINTS="612 681 591 681 569 681 547 679 526 679 504 679 489 679 244 683 244 722 242 744 740 746 744 729 742 679 666 690 612 681 612 681"/></Shape>
	    <String CONTENT="que no entendió Salomon"
                    HPOS="242"
                    VPOS="679"
                    WIDTH="502"
                    HEIGHT="67"></String>
          </TextLine>

          
          
          <TextLine ID="eSc_line_c32a5ead"
                    TAGREFS="LT482"
                    BASELINE="240 774 742 783" 
                    HPOS="238"
                    VPOS="724"
                    WIDTH="504"
                    HEIGHT="70">
            <Shape><Polygon POINTS="614 729 515 740 504 740 495 729 493 729 493 727 491 727 489 727 487 727 439 737 435 737 432 737 365 724 363 724 240 733 240 774 238 785 738 794 742 783 742 744 617 729 614 729"/></Shape>
	    <String CONTENT="con todas sus escrituras;"
                    HPOS="238"
                    VPOS="724"
                    WIDTH="504"
                    HEIGHT="70"></String>
          </TextLine>

          
          
          <TextLine ID="eSc_line_da104ca3"
                    TAGREFS="LT482"
                    BASELINE="248 826 824 837" 
                    HPOS="246"
                    VPOS="781"
                    WIDTH="578"
                    HEIGHT="80">
            <Shape><Polygon POINTS="725 783 703 783 681 783 660 783 638 783 617 783 601 781 248 781 248 826 246 846 820 861 824 837 824 792 794 781 792 781 790 781 725 781 725 783"/></Shape>
	    <String CONTENT="pero yo que algo lo entiendo,"
                    HPOS="246"
                    VPOS="781"
                    WIDTH="578"
                    HEIGHT="80"></String>
          </TextLine>

          
          
          <TextLine ID="eSc_line_1a004431"
                    TAGREFS="LT482"
                    BASELINE="242 876 694 882" 
                    HPOS="240"
                    VPOS="835"
                    WIDTH="454"
                    HEIGHT="60">
            <Shape><Polygon POINTS="242 876 240 891 690 895 694 882 692 835 242 835 242 876"/></Shape>
	    <String CONTENT="lo contaré por pintura."
                    HPOS="240"
                    VPOS="835"
                    WIDTH="454"
                    HEIGHT="60"></String>
          </TextLine>

          
          
          <TextLine ID="eSc_line_b2aaa0a6"
                    TAGREFS="LT482"
                    BASELINE="242 926 658 932" 
                    HPOS="240"
                    VPOS="878"
                    WIDTH="418"
                    HEIGHT="74">
            <Shape><Polygon POINTS="653 882 632 882 623 882 539 889 290 878 285 878 264 878 242 878 242 926 240 941 653 952 658 932 653 882 653 882"/></Shape>
	    <String CONTENT="Esta olla se compone"
                    HPOS="240"
                    VPOS="878"
                    WIDTH="418"
                    HEIGHT="74"></String>
          </TextLine>

          
          
          <TextLine ID="eSc_line_2d91bea2"
                    TAGREFS="LT482"
                    BASELINE="238 976 727 986" 
                    HPOS="235"
                    VPOS="932"
                    WIDTH="492"
                    HEIGHT="74">
            <Shape><Polygon POINTS="627 932 606 932 584 932 562 932 541 932 519 932 238 932 238 976 235 986 723 1006 727 986 727 932 649 932 627 932"/></Shape>
	    <String CONTENT="de variedad de verduras,"
                    HPOS="235"
                    VPOS="932"
                    WIDTH="492"
                    HEIGHT="74"></String>
          </TextLine>

          
          
          <TextLine ID="eSc_line_98688349"
                    TAGREFS="LT482"
                    BASELINE="235 1025 764 1036" 
                    HPOS="233"
                    VPOS="984"
                    WIDTH="531"
                    HEIGHT="74">
            <Shape><Polygon POINTS="712 986 690 986 668 986 647 986 625 984 604 984 582 984 560 984 539 984 235 984 235 1025 233 1045 759 1058 764 1036 764 984 712 984 712 986"/></Shape>
	    <String CONTENT="de verzas, y de escarolas,"
                    HPOS="233"
                    VPOS="984"
                    WIDTH="531"
                    HEIGHT="74"></String>
          </TextLine>

          
          
          <TextLine ID="eSc_line_8461c8e7"
                    TAGREFS="LT482"
                    BASELINE="238 1077 759 1086" 
                    HPOS="235"
                    VPOS="1030"
                    WIDTH="524"
                    HEIGHT="73">
            <Shape><Polygon POINTS="238 1077 235 1101 755 1103 759 1086 757 1040 238 1030 238 1077"/></Shape>
	    <String CONTENT="de acelgas, y de lechugas,"
                    HPOS="235"
                    VPOS="1030"
                    WIDTH="524"
                    HEIGHT="73"></String>
          </TextLine>

          
          
          <TextLine ID="eSc_line_a1d42392"
                    TAGREFS="LT482"
                    BASELINE="238 1125 740 1138" 
                    HPOS="235"
                    VPOS="1086"
                    WIDTH="505"
                    HEIGHT="69">
            <Shape><Polygon POINTS="238 1125 235 1142 246 1151 248 1151 251 1151 253 1151 296 1142 318 1153 320 1153 736 1155 740 1138 738 1099 238 1086 238 1125"/></Shape>
	    <String CONTENT="de habas, col y cebollas,"
                    HPOS="235"
                    VPOS="1086"
                    WIDTH="505"
                    HEIGHT="69"></String>
          </TextLine>

          
          
          <TextLine ID="eSc_line_4e1004d5"
                    TAGREFS="LT482"
                    BASELINE="235 1175 703 1188" 
                    HPOS="233"
                    VPOS="1127"
                    WIDTH="470"
                    HEIGHT="82">
            <Shape><Polygon POINTS="235 1175 233 1196 699 1209 703 1188 701 1144 235 1127 235 1175"/></Shape>
	    <String CONTENT="los pimentones ayudan,"
                    HPOS="233"
                    VPOS="1127"
                    WIDTH="470"
                    HEIGHT="82"></String>
          </TextLine>

          
          
          <TextLine ID="eSc_line_25ebdc5a"
                    TAGREFS="LT482"
                    BASELINE="242 1229 720 1237" 
                    HPOS="240"
                    VPOS="1185"
                    WIDTH="480"
                    HEIGHT="74">
            <Shape><Polygon POINTS="242 1229 240 1248 597 1248 716 1259 720 1237 720 1196 242 1185 242 1229"/></Shape>
	    <String CONTENT="peregil, y yerva buena,"
                    HPOS="240"
                    VPOS="1185"
                    WIDTH="480"
                    HEIGHT="74"></String>
          </TextLine>

          
          
          <TextLine ID="eSc_line_134dd57b"
                    TAGREFS="LT482"
                    BASELINE="229 1279 772 1289" 
                    HPOS="227"
                    VPOS="1235"
                    WIDTH="545"
                    HEIGHT="74">
            <Shape><Polygon POINTS="229 1279 227 1289 768 1309 772 1289 772 1242 229 1235 229 1279"/></Shape>
	    <String CONTENT="de cardos las pencas duras,"
                    HPOS="227"
                    VPOS="1235"
                    WIDTH="545"
                    HEIGHT="74"></String>
          </TextLine>

          
          
          <TextLine ID="eSc_line_6f3ffd12"
                    TAGREFS="LT482"
                    BASELINE="229 1328 712 1339" 
                    HPOS="227"
                    VPOS="1281"
                    WIDTH="485"
                    HEIGHT="75">
            <Shape><Polygon POINTS="597 1287 582 1287 578 1289 569 1298 426 1298 400 1283 381 1283 359 1283 337 1283 316 1281 294 1281 272 1281 251 1281 229 1281 229 1328 227 1348 707 1356 712 1339 710 1296 612 1287 597 1287"/></Shape>
	    <String CONTENT="las espinacas, y nabos;"
                    HPOS="227"
                    VPOS="1281"
                    WIDTH="485"
                    HEIGHT="75"></String>
          </TextLine>

          
          
          <TextLine ID="eSc_line_01923b20"
                    TAGREFS="LT482"
                    BASELINE="231 1378 768 1387" 
                    HPOS="229"
                    VPOS="1339"
                    WIDTH="539"
                    HEIGHT="59">
            <Shape><Polygon POINTS="231 1378 229 1398 766 1398 768 1387 768 1341 231 1339 231 1378"/></Shape>
	    <String CONTENT="tambien entran en consulta"
                    HPOS="229"
                    VPOS="1339"
                    WIDTH="539"
                    HEIGHT="59"></String>
          </TextLine>

          
          
          <TextLine ID="eSc_line_a5cdac77"
                    TAGREFS="LT482"
                    BASELINE="231 1428 651 1437" 
                    HPOS="229"
                    VPOS="1382"
                    WIDTH="422"
                    HEIGHT="72">
            <Shape><Polygon POINTS="556 1385 534 1385 513 1385 502 1382 231 1389 231 1428 229 1441 647 1454 651 1437 649 1400 558 1385 556 1385"/></Shape>
	    <String CONTENT="chirivias, zanahorias,"
                    HPOS="229"
                    VPOS="1382"
                    WIDTH="422"
                    HEIGHT="72"></String>
          </TextLine>

          
          
          <TextLine ID="eSc_line_7ebff071"
                    TAGREFS="LT482"
                    BASELINE="231 1484 753 1491" 
                    HPOS="229"
                    VPOS="1432"
                    WIDTH="524"
                    HEIGHT="78">
            <Shape><Polygon POINTS="231 1484 229 1504 749 1510 753 1491 751 1445 231 1432 231 1484"/></Shape>
	    <String CONTENT="y algunos granos de ubas,"
                    HPOS="229"
                    VPOS="1432"
                    WIDTH="524"
                    HEIGHT="78"></String>
          </TextLine>

          
          
          <TextLine ID="eSc_line_daaeb26e"
                    TAGREFS="LT482"
                    BASELINE="227 1530 677 1538" 
                    HPOS="225"
                    VPOS="1491"
                    WIDTH="452"
                    HEIGHT="62">
            <Shape><Polygon POINTS="227 1530 225 1551 673 1553 677 1538 675 1493 227 1491 227 1530"/></Shape>
	    <String CONTENT="calabazas, berengenas,"
                    HPOS="225"
                    VPOS="1491"
                    WIDTH="452"
                    HEIGHT="62"></String>
          </TextLine>

          
          
          <TextLine ID="eSc_line_76e51dd8"
                    TAGREFS="LT482"
                    BASELINE="225 1579 746 1590" 
                    HPOS="222"
                    VPOS="1532"
                    WIDTH="524"
                    HEIGHT="80">
            <Shape><Polygon POINTS="355 1534 333 1532 316 1532 309 1538 305 1538 225 1538 225 1579 222 1601 638 1601 742 1612 746 1590 744 1540 437 1543 400 1538 370 1534 355 1534"/></Shape>
	    <String CONTENT="membrillos y otras frutas;"
                    HPOS="222"
                    VPOS="1532"
                    WIDTH="524"
                    HEIGHT="80"></String>
          </TextLine>

          
          
          <TextLine ID="eSc_line_fc33b4b3"
                    TAGREFS="LT482"
                    BASELINE="229 1627 697 1638" 
                    HPOS="227"
                    VPOS="1586"
                    WIDTH="470"
                    HEIGHT="69">
            <Shape><Polygon POINTS="684 1590 662 1590 640 1588 619 1588 597 1588 575 1588 554 1588 545 1586 229 1586 229 1627 227 1644 692 1655 697 1638 694 1590 684 1590"/></Shape>
	    <String CONTENT="tambien tienen su lugar"
                    HPOS="227"
                    VPOS="1586"
                    WIDTH="470"
                    HEIGHT="69"></String>
          </TextLine>

          
          
          <TextLine ID="eSc_line_a766c5e1"
                    TAGREFS="LT482"
                    BASELINE="222 1679 742 1690" 
                    HPOS="220"
                    VPOS="1629"
                    WIDTH="522"
                    HEIGHT="80">
            <Shape><Polygon POINTS="222 1679 220 1698 738 1709 742 1690 742 1649 222 1629 222 1679"/></Shape>
	    <String CONTENT="los huesos de la aceytuna,"
                    HPOS="220"
                    VPOS="1629"
                    WIDTH="522"
                    HEIGHT="80"></String>
          </TextLine>

          
          
          <TextLine ID="eSc_line_c1a52788"
                    TAGREFS="LT482"
                    BASELINE="227 1733 658 1737" 
                    HPOS="225"
                    VPOS="1683"
                    WIDTH="433"
                    HEIGHT="78">
            <Shape><Polygon POINTS="227 1733 225 1757 653 1761 658 1737 655 1694 227 1683 227 1733"/></Shape>
	    <String CONTENT="y el caracol enredado"
                    HPOS="225"
                    VPOS="1683"
                    WIDTH="433"
                    HEIGHT="78"></String>
          </TextLine>

          
          
          <TextLine ID="eSc_line_ab1060ee"
                    TAGREFS="LT482"
                    BASELINE="220 1781 692 1789" 
                    HPOS="218"
                    VPOS="1744"
                    WIDTH="474"
                    HEIGHT="69">
            <Shape><Polygon POINTS="220 1781 218 1796 242 1807 244 1807 246 1807 307 1798 313 1798 688 1813 692 1789 692 1750 220 1744 220 1781"/></Shape>
	    <String CONTENT="en las ojas de verdura;"
                    HPOS="218"
                    VPOS="1744"
                    WIDTH="474"
                    HEIGHT="69"></String>
          </TextLine>

          
          
          <TextLine ID="eSc_line_d3a4f247"
                    TAGREFS="LT482"
                    BASELINE="218 1830 662 1841" 
                    HPOS="216"
                    VPOS="1781"
                    WIDTH="446"
                    HEIGHT="73">
            <Shape><Polygon POINTS="348 1785 344 1783 307 1783 305 1783 296 1783 248 1791 220 1781 218 1781 218 1830 216 1843 658 1854 662 1841 660 1800 350 1785 348 1785"/></Shape>
	    <String CONTENT="las lentejas y tomates,"
                    HPOS="216"
                    VPOS="1781"
                    WIDTH="446"
                    HEIGHT="73"></String>
          </TextLine>

          
          
          <TextLine ID="eSc_line_23923bc8"
                    TAGREFS="LT482"
                    BASELINE="220 1882 718 1889" 
                    HPOS="218"
                    VPOS="1833"
                    WIDTH="500"
                    HEIGHT="77">
            <Shape><Polygon POINTS="220 1882 218 1904 714 1910 718 1889 718 1848 220 1833 220 1882"/></Shape>
	    <String CONTENT="peras verdes y maduras,"
                    HPOS="218"
                    VPOS="1833"
                    WIDTH="500"
                    HEIGHT="77"></String>
          </TextLine>

          
          
          <TextLine ID="eSc_line_51252995"
                    TAGREFS="LT482"
                    BASELINE="220 1930 720 1941" 
                    HPOS="218"
                    VPOS="1889"
                    WIDTH="502"
                    HEIGHT="76">
            <Shape><Polygon POINTS="220 1930 218 1943 716 1965 720 1941 718 1900 220 1889 220 1930"/></Shape>
	    <String CONTENT="el requeson, y garvanzo,"
                    HPOS="218"
                    VPOS="1889"
                    WIDTH="502"
                    HEIGHT="76"></String>
          </TextLine>

          
          
          <TextLine ID="eSc_line_7b129acf"
                    TAGREFS="LT482"
                    BASELINE="216 1980 681 1991" 
                    HPOS="214"
                    VPOS="1928"
                    WIDTH="467"
                    HEIGHT="84">
            <Shape><Polygon POINTS="671 1941 649 1941 627 1941 623 1939 497 1945 285 1932 281 1932 259 1932 238 1932 235 1928 216 1928 216 1980 214 1995 677 2012 681 1991 679 1941 671 1941"/></Shape>
	    <String CONTENT="las judias, con aluvias,"
                    HPOS="214"
                    VPOS="1928"
                    WIDTH="467"
                    HEIGHT="84"></String>
          </TextLine>

          
          
          <TextLine ID="eSc_line_6da0a165"
                    TAGREFS="LT482"
                    BASELINE="214 2029 664 2040" 
                    HPOS="212"
                    VPOS="1980"
                    WIDTH="452"
                    HEIGHT="80">
            <Shape><Polygon POINTS="257 1982 235 1982 214 1980 214 2029 212 2045 305 2060 307 2060 662 2058 664 2040 662 1999 264 1982 257 1982"/></Shape>
	    <String CONTENT="los ajos, y los gisaltos"
                    HPOS="212"
                    VPOS="1980"
                    WIDTH="452"
                    HEIGHT="80"></String>
          </TextLine>

          
          
          <TextLine ID="eSc_line_5cec1a2a"
                    TAGREFS="LT482"
                    BASELINE="220 2081 829 2092" 
                    HPOS="218"
                    VPOS="2036"
                    WIDTH="611"
                    HEIGHT="84">
            <Shape><Polygon POINTS="567 2038 495 2045 452 2049 220 2036 220 2081 218 2092 333 2097 333 2099 342 2110 344 2110 344 2112 346 2112 348 2112 350 2112 352 2112 394 2101 398 2101 480 2101 482 2105 491 2112 491 2114 493 2114 495 2114 497 2114 500 2114 517 2105 528 2101 547 2107 567 2114 569 2114 571 2114 617 2110 694 2103 705 2114 710 2116 710 2118 712 2118 714 2118 716 2120 827 2120 829 2092 829 2055 809 2042 807 2042 805 2042 803 2042 703 2053 694 2053 599 2053 593 2049 578 2038 567 2038"/></Shape>
	    <String CONTENT="y aun pasas, si bien se apura,"
                    HPOS="218"
                    VPOS="2036"
                    WIDTH="611"
                    HEIGHT="84"></String>
          </TextLine>

          
          
          <TextLine ID="eSc_line_5021c845"
                    TAGREFS="LT482"
                    BASELINE="214 2129 690 2142" 
                    HPOS="212"
                    VPOS="2079"
                    WIDTH="478"
                    HEIGHT="85">
            <Shape><Polygon POINTS="279 2084 257 2084 235 2084 233 2079 214 2079 214 2129 212 2144 686 2164 690 2142 690 2105 292 2084 279 2084"/></Shape>
	    <String CONTENT="las cabezas de pescado;"
                    HPOS="212"
                    VPOS="2079"
                    WIDTH="478"
                    HEIGHT="85"></String>
          </TextLine>

          
          
          <TextLine ID="eSc_line_61c9e91d"
                    TAGREFS="LT482"
                    BASELINE="214 2179 766 2194" 
                    HPOS="212"
                    VPOS="2133"
                    WIDTH="554"
                    HEIGHT="109">
            <Shape><Polygon POINTS="588 2140 586 2140 584 2140 552 2149 532 2153 214 2133 214 2179 212 2220 339 2211 396 2229 424 2237 426 2237 554 2242 556 2242 558 2242 573 2235 601 2218 632 2237 640 2242 642 2242 645 2242 647 2242 649 2242 651 2242 658 2237 686 2220 759 2239 766 2194 766 2157 738 2144 736 2144 733 2144 649 2153 630 2155 621 2153 591 2140 588 2140"/></Shape>
	    <String CONTENT="carne, ni poca, ni mucha,"
                    HPOS="212"
                    VPOS="2133"
                    WIDTH="554"
                    HEIGHT="109"></String>
          </TextLine>

          
        </TextBlock>
        
        <TextBlock HPOS="905"
                   VPOS="194"
                   WIDTH="700"
                   HEIGHT="2028"
                   ID="block_0"
                   TAGREFS="BT1296">
          <Shape><Polygon POINTS="1602 194 1605 2222 905 2216 905 194"/></Shape>
          
          
          <TextLine ID="eSc_line_5ae0a836"
                    TAGREFS="LT482"
                    BASELINE="939 227 1415 235" 
                    HPOS="937"
                    VPOS="175"
                    WIDTH="478"
                    HEIGHT="80">
            <Shape><Polygon POINTS="1372 179 1350 179 1329 179 1318 177 1229 186 1179 188 1164 181 1145 175 1143 175 1140 175 1101 179 1058 186 939 175 939 227 937 246 1411 255 1415 235 1415 192 1376 179 1372 179"/></Shape>
	    <String CONTENT="tal vez atún, y abadejo,"
                    HPOS="937"
                    VPOS="175"
                    WIDTH="478"
                    HEIGHT="80"></String>
          </TextLine>

          
          
          <TextLine ID="eSc_line_afddf9d0"
                    TAGREFS="LT482"
                    BASELINE="935 277 1567 285" 
                    HPOS="933"
                    VPOS="240"
                    WIDTH="634"
                    HEIGHT="73">
            <Shape><Polygon POINTS="935 277 933 292 1075 296 1075 298 1088 309 1091 309 1093 309 1095 309 1169 300 1197 298 1216 302 1249 311 1251 311 1253 311 1318 307 1387 300 1563 313 1567 285 1567 248 935 240 935 277"/></Shape>
	    <String CONTENT="mendrugos de pan, y en suma,"
                    HPOS="933"
                    VPOS="240"
                    WIDTH="634"
                    HEIGHT="73"></String>
          </TextLine>

          
          
          <TextLine ID="eSc_line_d7ecbe09"
                    TAGREFS="LT482"
                    BASELINE="937 328 1439 333" 
                    HPOS="935"
                    VPOS="281"
                    WIDTH="504"
                    HEIGHT="73">
            <Shape><Polygon POINTS="937 328 935 341 1435 354 1439 333 1435 292 1021 292 937 281 937 328"/></Shape>
	    <String CONTENT="entra el arróz, como Rey"
                    HPOS="935"
                    VPOS="281"
                    WIDTH="504"
                    HEIGHT="73"></String>
          </TextLine>

          
          
          <TextLine ID="eSc_line_402dbefc"
                    TAGREFS="LT482"
                    BASELINE="933 378 1435 385" 
                    HPOS="930"
                    VPOS="339"
                    WIDTH="505"
                    HEIGHT="61">
            <Shape><Polygon POINTS="933 378 930 400 1433 400 1435 385 1435 341 933 339 933 378"/></Shape>
	    <String CONTENT="de toda aquesta mixtura."
                    HPOS="930"
                    VPOS="339"
                    WIDTH="505"
                    HEIGHT="61"></String>
          </TextLine>

          
          
          <TextLine ID="eSc_line_e157eec0"
                    TAGREFS="LT482"
                    BASELINE="933 428 1526 441" 
                    HPOS="930"
                    VPOS="385"
                    WIDTH="596"
                    HEIGHT="75">
            <Shape><Polygon POINTS="933 428 930 450 1521 460 1526 441 1524 389 933 385 933 428"/></Shape>
	    <String CONTENT="Ea (dice el Padre) hermanos,"
                    HPOS="930"
                    VPOS="385"
                    WIDTH="596"
                    HEIGHT="75"></String>
          </TextLine>

          
          
          <TextLine ID="eSc_line_34bc7f86"
                    TAGREFS="LT482"
                    BASELINE="933 480 1461 489" 
                    HPOS="930"
                    VPOS="441"
                    WIDTH="531"
                    HEIGHT="65">
            <Shape><Polygon POINTS="933 480 930 493 1457 506 1461 489 1459 445 933 441 933 480"/></Shape>
	    <String CONTENT="rezen primero, y acudan;"
                    HPOS="930"
                    VPOS="441"
                    WIDTH="531"
                    HEIGHT="65"></String>
          </TextLine>

          
          
          <TextLine ID="eSc_line_d7da2066"
                    TAGREFS="LT482"
                    BASELINE="930 536 1478 536" 
                    HPOS="930"
                    VPOS="486"
                    WIDTH="548"
                    HEIGHT="74">
            <Shape><Polygon POINTS="930 536 933 560 965 549 1476 560 1478 536 1478 499 1106 486 1104 486 1101 486 1060 497 1006 486 1004 486 930 497 930 536"/></Shape>
	    <String CONTENT="y ellos por rezar, entonan"
                    HPOS="930"
                    VPOS="486"
                    WIDTH="548"
                    HEIGHT="74"></String>
          </TextLine>

          
          
          <TextLine ID="eSc_line_84ec5f3c"
                    TAGREFS="LT482"
                    BASELINE="930 582 1383 586" 
                    HPOS="928"
                    VPOS="543"
                    WIDTH="455"
                    HEIGHT="58">
            <Shape><Polygon POINTS="930 582 928 597 1379 601 1383 586 1381 547 930 543 930 582"/></Shape>
	    <String CONTENT="el cantico de aleluya:"
                    HPOS="928"
                    VPOS="543"
                    WIDTH="455"
                    HEIGHT="58"></String>
          </TextLine>

          
          
          <TextLine ID="eSc_line_bdbdb938"
                    TAGREFS="LT482"
                    BASELINE="930 629 1482 636" 
                    HPOS="928"
                    VPOS="584"
                    WIDTH="554"
                    HEIGHT="69">
            <Shape><Polygon POINTS="930 584 930 629 928 653 1480 653 1482 636 1482 597 1017 597 941 584 930 584"/></Shape>
	    <String CONTENT="Sobre quien llegue primero"
                    HPOS="928"
                    VPOS="584"
                    WIDTH="554"
                    HEIGHT="69"></String>
          </TextLine>

          
          
          <TextLine ID="eSc_line_6d9cb50e"
                    TAGREFS="LT482"
                    BASELINE="930 681 1493 690" 
                    HPOS="928"
                    VPOS="642"
                    WIDTH="565"
                    HEIGHT="61">
            <Shape><Polygon POINTS="930 681 928 694 1489 703 1493 690 1493 647 930 642 930 681"/></Shape>
	    <String CONTENT="suele haber bravas disputas"
                    HPOS="928"
                    VPOS="642"
                    WIDTH="565"
                    HEIGHT="61"></String>
          </TextLine>

          
          
          <TextLine ID="eSc_line_624c5604"
                    TAGREFS="LT482"
                    BASELINE="935 735 1435 740" 
                    HPOS="933"
                    VPOS="694"
                    WIDTH="502"
                    HEIGHT="67">
            <Shape><Polygon POINTS="935 735 933 757 1431 761 1435 740 1433 694 935 694 935 735"/></Shape>
	    <String CONTENT="y muy buenos mojicones,"
                    HPOS="933"
                    VPOS="694"
                    WIDTH="502"
                    HEIGHT="67"></String>
          </TextLine>

          
          
          <TextLine ID="eSc_line_ec761586"
                    TAGREFS="LT482"
                    BASELINE="933 783 1586 792" 
                    HPOS="930"
                    VPOS="742"
                    WIDTH="656"
                    HEIGHT="78">
            <Shape><Polygon POINTS="933 783 930 809 1080 802 1095 813 1097 813 1099 813 1101 813 1229 805 1285 818 1294 818 1296 818 1298 818 1303 818 1340 807 1355 818 1357 818 1359 818 1485 820 1487 820 1489 820 1491 820 1517 809 1582 820 1586 792 1584 750 933 742 933 783"/></Shape>
	    <String CONTENT="que entonces no hay sufrir burlas."
                    HPOS="930"
                    VPOS="742"
                    WIDTH="656"
                    HEIGHT="78"></String>
          </TextLine>

          
          
          <TextLine ID="eSc_line_c6ed81e2"
                    TAGREFS="LT482"
                    BASELINE="933 835 1409 841" 
                    HPOS="930"
                    VPOS="794"
                    WIDTH="479"
                    HEIGHT="69">
            <Shape><Polygon POINTS="933 835 930 852 1405 863 1409 841 1407 800 933 794 933 835"/></Shape>
	    <String CONTENT="Anda el puro desorden;"
                    HPOS="930"
                    VPOS="794"
                    WIDTH="479"
                    HEIGHT="69"></String>
          </TextLine>

          
          
          <TextLine ID="eSc_line_a45c9676"
                    TAGREFS="LT482"
                    BASELINE="933 885 1454 893" 
                    HPOS="930"
                    VPOS="839"
                    WIDTH="524"
                    HEIGHT="78">
            <Shape><Polygon POINTS="933 885 930 908 1450 917 1454 893 1454 854 933 839 933 885"/></Shape>
	    <String CONTENT="tal vez el frayle se apura,"
                    HPOS="930"
                    VPOS="839"
                    WIDTH="524"
                    HEIGHT="78"></String>
          </TextLine>

          
          
          <TextLine ID="eSc_line_fa1d3532"
                    TAGREFS="LT482"
                    BASELINE="937 937 1476 947" 
                    HPOS="935"
                    VPOS="898"
                    WIDTH="541"
                    HEIGHT="71">
            <Shape><Polygon POINTS="937 937 935 950 1472 969 1476 947 1474 900 937 898 937 937"/></Shape>
	    <String CONTENT="y empezando á cucharadas,"
                    HPOS="935"
                    VPOS="898"
                    WIDTH="541"
                    HEIGHT="71"></String>
          </TextLine>

          
          
          <TextLine ID="eSc_line_f423afa5"
                    TAGREFS="LT482"
                    BASELINE="930 984 1435 995" 
                    HPOS="928"
                    VPOS="934"
                    WIDTH="507"
                    HEIGHT="76">
            <Shape><Polygon POINTS="1060 941 1043 939 1030 939 1017 939 995 939 974 939 952 939 950 934 930 934 930 984 928 999 1431 1010 1435 995 1435 956 1080 941 1060 941"/></Shape>
	    <String CONTENT="hace que tengan cordura."
                    HPOS="928"
                    VPOS="934"
                    WIDTH="507"
                    HEIGHT="76"></String>
          </TextLine>

          
          
          <TextLine ID="eSc_line_195d72ef"
                    TAGREFS="LT482"
                    BASELINE="926 1036 1426 1045" 
                    HPOS="924"
                    VPOS="991"
                    WIDTH="502"
                    HEIGHT="75">
            <Shape><Polygon POINTS="1413 995 1411 995 1409 995 1344 1004 1301 993 1298 993 1296 993 1205 999 1184 1002 1175 999 1149 991 1147 991 1143 991 926 991 926 1036 924 1047 1422 1066 1426 1045 1426 1004 1415 995 1413 995"/></Shape>
	    <String CONTENT="Las cazuelas por el ayre"
                    HPOS="924"
                    VPOS="991"
                    WIDTH="502"
                    HEIGHT="75"></String>
          </TextLine>

          
          
          <TextLine ID="eSc_line_5b3bb15f"
                    TAGREFS="LT482"
                    BASELINE="926 1086 1491 1097" 
                    HPOS="924"
                    VPOS="1038"
                    WIDTH="567"
                    HEIGHT="80">
            <Shape><Polygon POINTS="1056 1040 1047 1038 1013 1038 1011 1038 1006 1038 965 1047 935 1038 926 1038 926 1086 924 1101 1487 1118 1491 1097 1489 1058 1065 1040 1056 1040"/></Shape>
	    <String CONTENT="buelan: y tal vez se aturan"
                    HPOS="924"
                    VPOS="1038"
                    WIDTH="567"
                    HEIGHT="80"></String>
          </TextLine>

          
          
          <TextLine ID="eSc_line_8ce49f0d"
                    TAGREFS="LT482"
                    BASELINE="928 1140 1405 1147" 
                    HPOS="926"
                    VPOS="1099"
                    WIDTH="479"
                    HEIGHT="63">
            <Shape><Polygon POINTS="928 1140 926 1159 1400 1162 1405 1147 1402 1105 928 1099 928 1140"/></Shape>
	    <String CONTENT="por encima las cabezas,"
                    HPOS="926"
                    VPOS="1099"
                    WIDTH="479"
                    HEIGHT="63"></String>
          </TextLine>

          
          
          <TextLine ID="eSc_line_85c565ad"
                    TAGREFS="LT482"
                    BASELINE="930 1190 1474 1196" 
                    HPOS="928"
                    VPOS="1144"
                    WIDTH="546"
                    HEIGHT="72">
            <Shape><Polygon POINTS="930 1190 928 1211 1470 1216 1474 1196 1472 1157 930 1144 930 1190"/></Shape>
	    <String CONTENT="y de una se hacen muchas."
                    HPOS="928"
                    VPOS="1144"
                    WIDTH="546"
                    HEIGHT="72"></String>
          </TextLine>

          
          
          <TextLine ID="eSc_line_429594d6"
                    TAGREFS="LT482"
                    BASELINE="926 1237 1344 1244" 
                    HPOS="924"
                    VPOS="1196"
                    WIDTH="420"
                    HEIGHT="67">
            <Shape><Polygon POINTS="926 1237 924 1250 1340 1263 1344 1244 1342 1196 926 1196 926 1237"/></Shape>
	    <String CONTENT="Como á la necesidad"
                    HPOS="924"
                    VPOS="1196"
                    WIDTH="420"
                    HEIGHT="67"></String>
          </TextLine>

          
          
          <TextLine ID="eSc_line_afda6734"
                    TAGREFS="LT482"
                    BASELINE="922 1289 1402 1298" 
                    HPOS="920"
                    VPOS="1242"
                    WIDTH="482"
                    HEIGHT="73">
            <Shape><Polygon POINTS="922 1289 920 1300 1398 1315 1402 1298 1402 1261 922 1242 922 1289"/></Shape>
	    <String CONTENT="la mas firme ley escusa,"
                    HPOS="920"
                    VPOS="1242"
                    WIDTH="482"
                    HEIGHT="73"></String>
          </TextLine>

          
          
          <TextLine ID="eSc_line_b645de3c"
                    TAGREFS="LT482"
                    BASELINE="928 1343 1389 1348" 
                    HPOS="926"
                    VPOS="1292"
                    WIDTH="463"
                    HEIGHT="71">
            <Shape><Polygon POINTS="1166 1296 1158 1294 1132 1294 1130 1294 1073 1296 950 1302 933 1292 928 1343 926 1361 1385 1363 1389 1348 1387 1307 1173 1296 1166 1296"/></Shape>
	    <String CONTENT="ponen el sitio á la olla,"
                    HPOS="926"
                    VPOS="1292"
                    WIDTH="463"
                    HEIGHT="71"></String>
          </TextLine>

          
          
          <TextLine ID="eSc_line_e9ee3963"
                    TAGREFS="LT482"
                    BASELINE="920 1391 1444 1400" 
                    HPOS="917"
                    VPOS="1348"
                    WIDTH="527"
                    HEIGHT="78">
            <Shape><Polygon POINTS="920 1391 917 1402 1439 1426 1444 1400 1441 1350 920 1348 920 1391"/></Shape>
	    <String CONTENT="no se les vaya entre uñas."
                    HPOS="917"
                    VPOS="1348"
                    WIDTH="527"
                    HEIGHT="78"></String>
          </TextLine>

          
          
          <TextLine ID="eSc_line_a891e8a6"
                    TAGREFS="LT482"
                    BASELINE="917 1441 1318 1445" 
                    HPOS="915"
                    VPOS="1391"
                    WIDTH="403"
                    HEIGHT="78">
            <Shape><Polygon POINTS="1004 1393 982 1393 961 1393 939 1393 917 1391 917 1441 915 1454 954 1467 956 1467 959 1467 1056 1458 1095 1456 1104 1460 1114 1469 1117 1469 1119 1469 1121 1469 1175 1465 1234 1458 1314 1469 1318 1445 1316 1406 1017 1393 1004 1393"/></Shape>
	    <String CONTENT="Entra la reparticion"
                    HPOS="915"
                    VPOS="1391"
                    WIDTH="403"
                    HEIGHT="78"></String>
          </TextLine>

          
          
          <TextLine ID="eSc_line_dc7bf8d5"
                    TAGREFS="LT482"
                    BASELINE="920 1491 1376 1495" 
                    HPOS="917"
                    VPOS="1445"
                    WIDTH="459"
                    HEIGHT="74">
            <Shape><Polygon POINTS="1288 1445 1266 1445 1244 1445 1223 1445 1201 1445 1179 1445 1158 1445 1136 1445 920 1445 920 1491 917 1506 1372 1519 1376 1495 1374 1445 1309 1445 1288 1445"/></Shape>
	    <String CONTENT="del despojo de fortuna."
                    HPOS="917"
                    VPOS="1445"
                    WIDTH="459"
                    HEIGHT="74"></String>
          </TextLine>

          
          
          <TextLine ID="eSc_line_0482bc7d"
                    TAGREFS="LT482"
                    BASELINE="917 1540 1398 1549" 
                    HPOS="915"
                    VPOS="1497"
                    WIDTH="483"
                    HEIGHT="76">
            <Shape><Polygon POINTS="917 1540 915 1564 1394 1573 1398 1549 1398 1508 917 1497 917 1540"/></Shape>
	    <String CONTENT="Eche, Padre, para dos;"
                    HPOS="915"
                    VPOS="1497"
                    WIDTH="483"
                    HEIGHT="76"></String>
          </TextLine>

          
          
          <TextLine ID="eSc_line_a5f11101"
                    TAGREFS="LT482"
                    BASELINE="915 1590 1448 1599" 
                    HPOS="913"
                    VPOS="1553"
                    WIDTH="535"
                    HEIGHT="70">
            <Shape><Polygon POINTS="915 1590 913 1614 1444 1623 1448 1599 1448 1553 915 1553 915 1590"/></Shape>
	    <String CONTENT="adonde, asi Dios le ayude,"
                    HPOS="913"
                    VPOS="1553"
                    WIDTH="535"
                    HEIGHT="70"></String>
          </TextLine>

          
          
          <TextLine ID="eSc_line_76b246dc"
                    TAGREFS="LT482"
                    BASELINE="917 1644 1459 1651" 
                    HPOS="915"
                    VPOS="1603"
                    WIDTH="544"
                    HEIGHT="65">
            <Shape><Polygon POINTS="917 1644 915 1668 1457 1668 1459 1651 1457 1610 917 1603 917 1644"/></Shape>
	    <String CONTENT="y no haya miedo que falte,"
                    HPOS="915"
                    VPOS="1603"
                    WIDTH="544"
                    HEIGHT="65"></String>
          </TextLine>

          
          
          <TextLine ID="eSc_line_17f80ae5"
                    TAGREFS="LT482"
                    BASELINE="920 1692 1511 1703" 
                    HPOS="917"
                    VPOS="1651"
                    WIDTH="594"
                    HEIGHT="73">
            <Shape><Polygon POINTS="920 1692 917 1714 1506 1724 1511 1703 1511 1662 920 1651 920 1692"/></Shape>
	    <String CONTENT="porque la gente no es mucha."
                    HPOS="917"
                    VPOS="1651"
                    WIDTH="594"
                    HEIGHT="73"></String>
          </TextLine>

          
          
          <TextLine ID="eSc_line_e575ea62"
                    TAGREFS="LT482"
                    BASELINE="913 1742 1493 1752" 
                    HPOS="911"
                    VPOS="1694"
                    WIDTH="582"
                    HEIGHT="84">
            <Shape><Polygon POINTS="1454 1703 1433 1703 1422 1703 1303 1709 1292 1709 1290 1709 1260 1698 1260 1698 1238 1698 1186 1707 1182 1707 1175 1707 1099 1696 1086 1696 1065 1696 1043 1696 1041 1694 913 1701 913 1742 911 1761 1489 1778 1493 1752 1493 1714 1472 1703 1454 1703"/></Shape>
	    <String CONTENT="Otros dicen, Padre, á tiento,"
                    HPOS="911"
                    VPOS="1694"
                    WIDTH="582"
                    HEIGHT="84"></String>
          </TextLine>

          
          
          <TextLine ID="eSc_line_1dba112b"
                    TAGREFS="LT482"
                    BASELINE="915 1794 1550 1802" 
                    HPOS="913"
                    VPOS="1746"
                    WIDTH="637"
                    HEIGHT="84">
            <Shape><Polygon POINTS="1270 1750 1268 1750 1266 1750 1242 1761 1240 1761 1238 1761 1212 1748 1210 1748 1208 1748 1099 1759 1093 1759 1073 1746 1071 1746 1069 1746 1067 1746 915 1757 915 1794 913 1815 922 1824 924 1824 926 1824 928 1824 982 1813 991 1811 995 1813 1006 1824 1008 1824 1011 1824 1013 1824 1112 1817 1173 1813 1208 1820 1249 1828 1251 1828 1288 1822 1337 1815 1545 1830 1550 1802 1547 1763 1303 1763 1298 1761 1272 1750 1270 1750"/></Shape>
	    <String CONTENT="que hay muchos de escaramuza,"
                    HPOS="913"
                    VPOS="1746"
                    WIDTH="637"
                    HEIGHT="84"></String>
          </TextLine>

          
          
          <TextLine ID="eSc_line_0708916a"
                    TAGREFS="LT482"
                    BASELINE="911 1841 1413 1854" 
                    HPOS="909"
                    VPOS="1798"
                    WIDTH="504"
                    HEIGHT="76">
            <Shape><Polygon POINTS="1158 1798 1156 1798 1153 1798 911 1802 911 1841 909 1856 928 1867 930 1867 933 1867 987 1859 989 1859 1409 1874 1413 1854 1413 1817 1311 1802 1309 1802 1307 1802 1283 1813 1281 1813 1279 1813 1242 1802 1240 1802 1238 1802 1177 1811 1171 1811 1162 1800 1160 1800 1160 1798 1158 1798"/></Shape>
	    <String CONTENT="cada cual lleve su parte,"
                    HPOS="909"
                    VPOS="1798"
                    WIDTH="504"
                    HEIGHT="76"></String>
          </TextLine>

          
          
          <TextLine ID="eSc_line_5400e446"
                    TAGREFS="LT482"
                    BASELINE="911 1893 1392 1902" 
                    HPOS="909"
                    VPOS="1852"
                    WIDTH="483"
                    HEIGHT="67">
            <Shape><Polygon POINTS="911 1893 909 1906 1387 1919 1392 1902 1389 1861 911 1852 911 1893"/></Shape>
	    <String CONTENT="sea poca, y sea mucha."
                    HPOS="909"
                    VPOS="1852"
                    WIDTH="483"
                    HEIGHT="67"></String>
          </TextLine>

          
          
          <TextLine ID="eSc_line_91acf2e5"
                    TAGREFS="LT482"
                    BASELINE="907 1943 1435 1954" 
                    HPOS="904"
                    VPOS="1902"
                    WIDTH="531"
                    HEIGHT="71">
            <Shape><Polygon POINTS="1361 1902 1340 1902 1318 1902 1296 1902 1275 1902 907 1902 907 1943 904 1954 1431 1973 1435 1954 1433 1902 1383 1902 1361 1902"/></Shape>
	    <String CONTENT="De este solemne banquete,"
                    HPOS="904"
                    VPOS="1902"
                    WIDTH="531"
                    HEIGHT="71"></String>
          </TextLine>

          
          
          <TextLine ID="eSc_line_23a40a57"
                    TAGREFS="LT482"
                    BASELINE="909 1991 1409 2001" 
                    HPOS="907"
                    VPOS="1949"
                    WIDTH="502"
                    HEIGHT="78">
            <Shape><Polygon POINTS="909 1991 907 2006 1350 2027 1353 2027 1355 2027 1357 2027 1357 2025 1372 2017 1402 2027 1409 2001 1407 1956 909 1949 909 1991"/></Shape>
	    <String CONTENT="si quieren ver la postura,"
                    HPOS="907"
                    VPOS="1949"
                    WIDTH="502"
                    HEIGHT="78"></String>
          </TextLine>

          
          
          <TextLine ID="eSc_line_ab3bf2bf"
                    TAGREFS="LT482"
                    BASELINE="907 2042 1383 2053" 
                    HPOS="904"
                    VPOS="1995"
                    WIDTH="479"
                    HEIGHT="71">
            <Shape><Polygon POINTS="907 2042 904 2053 1379 2066 1383 2053 1381 2012 907 1995 907 2042"/></Shape>
	    <String CONTENT="el campo sirve de mesa,"
                    HPOS="904"
                    VPOS="1995"
                    WIDTH="479"
                    HEIGHT="71"></String>
          </TextLine>

          
          
          <TextLine ID="eSc_line_a535625e"
                    TAGREFS="LT482"
                    BASELINE="902 2092 1448 2103" 
                    HPOS="900"
                    VPOS="2053"
                    WIDTH="548"
                    HEIGHT="65">
            <Shape><Polygon POINTS="1357 2053 1335 2053 1314 2053 1292 2053 902 2053 902 2092 900 2112 1444 2118 1448 2103 1448 2053 1379 2053 1357 2053"/></Shape>
	    <String CONTENT="manteles ninguno ensucian."
                    HPOS="900"
                    VPOS="2053"
                    WIDTH="548"
                    HEIGHT="65"></String>
          </TextLine>

          
          
          <TextLine ID="eSc_line_bec75bba"
                    TAGREFS="LT482"
                    BASELINE="907 2144 1387 2153" 
                    HPOS="904"
                    VPOS="2099"
                    WIDTH="483"
                    HEIGHT="75">
            <Shape><Polygon POINTS="907 2144 904 2166 1383 2174 1387 2153 1385 2112 907 2099 907 2144"/></Shape>
	    <String CONTENT="Unos comen de rodillas,"
                    HPOS="904"
                    VPOS="2099"
                    WIDTH="483"
                    HEIGHT="75"></String>
          </TextLine>

          
          
          <TextLine ID="eSc_line_ba409030"
                    TAGREFS="LT482"
                    BASELINE="909 2196 1409 2205" 
                    HPOS="907"
                    VPOS="2149"
                    WIDTH="502"
                    HEIGHT="110">
            <Shape><Polygon POINTS="1257 2151 1184 2162 1177 2162 1175 2162 1164 2151 1147 2151 1132 2149 909 2155 909 2196 907 2220 987 2224 1080 2255 1082 2255 1084 2257 1132 2257 1132 2255 1134 2255 1136 2255 1136 2252 1158 2233 1160 2231 1164 2233 1188 2242 1190 2242 1192 2242 1195 2242 1197 2242 1197 2239 1203 2235 1208 2229 1227 2237 1285 2259 1288 2259 1290 2259 1407 2244 1409 2205 1409 2166 1288 2166 1283 2164 1266 2151 1257 2151"/></Shape>
	    <String CONTENT="no hay politica ninguna;"
                    HPOS="907"
                    VPOS="2149"
                    WIDTH="502"
                    HEIGHT="110"></String>
          </TextLine>

          
        </TextBlock>
        
        <TextBlock HPOS="1398"
                   VPOS="2222"
                   WIDTH="131"
                   HEIGHT="58"
                   ID="block_2"
                   TAGREFS="BT1302">
          <Shape><Polygon POINTS="1529 2222 1529 2280 1398 2280 1398 2222"/></Shape>
          
          
          <TextLine ID="eSc_line_00fa1dcc"
                    TAGREFS="LT482"
                    BASELINE="1402 2257 1513 2252" 
                    HPOS="1400"
                    VPOS="2190"
                    WIDTH="113"
                    HEIGHT="110">
            <Shape><Polygon POINTS="1402 2257 1402 2287 1511 2300 1513 2252 1504 2190 1400 2218 1402 2257"/></Shape>
	    <String CONTENT="otros"
                    HPOS="1400"
                    VPOS="2190"
                    WIDTH="113"
                    HEIGHT="110"></String>
          </TextLine>

          
        </TextBlock>
        

        
      </PrintSpace>
    </Page>
  </Layout>
</alto>
