1906 2666
335 159 514 69 de la dama, y en la calle

340 215 527 62 era un continuo estafermo.

338 264 542 69 Le escrivió algunos villetes,

335 315 494 67 muchos papeles y versos,

333 366 509 69 hasta que llegó á alcanzar

331 419 465 65 de su enamorado dueño

342 470 451 67 para entrar en el jardin

333 519 518 60 á deshora, y con silencio.

326 564 423 66 Se recibieron afables,

329 617 558 69 con discretos cumplimientos.

326 668 576 71 Le preguntó por su nombre;

331 719 429 71 y ella dijo: cavallero,

333 768 480 67 yo me llamo doña Elena,

326 815 559 71 bien notorio es en el pueblo

326 868 399 69 la calidad y nobleza

324 928 561 60 de mis padres y mis deudos.

329 970 522 65 Y él le respondió: señora,

329 1021 467 72 yo me alegro saber eso,

333 1068 625 76 porque haveis de ser mi esposa,

331 1126 507 62 y en eso tengo el intento.

333 1173 512 62 Y ella ciega con tal dicha,

326 1219 568 67 le echó los brazos al cuello:

331 1273 454 68 pero el traidor alevoso,

333 1324 607 66 por lograr mas bien su intento,

322 1370 403 65 le dice: señora mia,

331 1424 569 71 yo soy marqués, y pretendo

322 1477 487 64 tomar estado á mi gusto,

335 1524 559 66 por no dárselo á mis deudos.

322 1579 485 56 Cuatro meses se gozaron

322 1624 580 64 con mucho gusto y contento,

322 1672 512 69 hasta que vió doña Elena,

324 1728 512 64 que se dilatava el tiempo,

326 1772 483 74 y se hallava embarazada,

329 1835 502 53 yá de tres meses y medio.

318 1870 618 69 Llamó á don Francisco, y dijo:

324 1930 563 67 que la pidiese á sus deudos;

324 1975 483 75 y él dijo: que no podia,

324 2023 521 72 que lo mejor fuera en eso,

329 2083 482 58 que previniera sus galas,

322 2123 449 72 las joyas y los dineros,

329 2190 396 60 que pudiera recoger,

326 2230 470 71 y salir con gran secreto

318 2277 524 64 de Granada, porque acaso

318 2328 562 102 no les corriese algun riesgo;

1074 159 471 85 y que á Málaga se irian,

1063 222 522 71 á donde luego al momento

1060 273 430 66 sus bodas celebrarian

1065 315 578 76 con mucho gusto y contento.

1063 371 489 71 No le pareció á la dama

1060 419 507 76 mala la respuesta de esto,

1067 464 507 75 y desde luego se convino

1063 524 538 62 á lo que ordena su dueño:

1065 568 409 76 y prevenida la dama

1060 622 479 71 con las joyas y dineros,

1058 666 423 76 salieron de la ciudad,

1063 715 605 84 ya que el alva iba rompiendo;

1063 777 447 65 y en un ligero cavallo

1065 824 545 71 que volava por los vientos,

1056 868 487 78 á Málaga se encaminan;

1058 919 525 74 y á la bajada de un cerro,

1056 970 514 69 dejó el camino y la senda

1054 1024 549 71 con falso y dañado intento,

1056 1073 596 71 y en la espesura de un monte

1056 1124 565 73 metió á este hermoso lucero,

1054 1166 640 82 á esta deydad, (poco he dicho)

1056 1219 520 71 aquel blanco jazmin bello.

1058 1268 443 73 O desgraciada señora!

1054 1326 393 62 O tirano cavallero!

1060 1370 461 69 que ni bárbaros infieles

1058 1426 409 62 ejecutáran tal hecho.

1056 1475 463 71 Despojóla de sus ropas,

1058 1526 487 60 y á los filos de un acero

1054 1570 471 69 le dió cuatro puñaladas

1058 1626 521 69 por el cristal de su pecho,

1051 1686 434 55 dejándola por difunta

1051 1726 490 62 rebolcandose en el suelo.

1056 1772 463 71 Recogió lo que llevava,

1058 1826 438 71 joyas, galas y dineros.

1049 1875 538 73 Montó luego en su cavallo,

1058 1937 534 62 y en Málaga muy contento

1051 1988 641 62 entró en su casa, y las prendas

1049 2028 416 64 de el referido suceso

1049 2079 443 69 á su muger le entregó.

1049 2126 490 69 Dejémos esto en silencio,

1051 2179 396 64 hasta saber el poeta

1051 2234 563 67 el fin, que los dos tuvieron,

1054 2279 478 71 y hará la segunda parte,

1045 2330 525 109 dándole fin á estos versos.

1592 2341 91 125 SE-
