2014 2620
428 170 563 73 que se considera en cinta,

395 207 581 81 y se siente embarazada.

423 243 555 96 El le responde, diciendo,

425 299 556 91 que algo atrasado se halla

425 346 565 92 que à su padre lo robasse,

420 397 576 99 para el viage que aguarda.

417 446 424 80 A su padre le quitó

416 496 548 90 cantidad de oro, y plata,

416 545 499 82 y disponiendo el viage,

415 590 640 107 que el dinero mucho alcanza,

410 649 484 75 una tenebrosa noche,

407 691 503 80 hasta la Playa Romana

404 745 503 74 un barco los condució,

404 796 539 78 à donde hicieron parada,

397 841 612 89 hasta que yendo en camino,

396 895 563 81 muy claramente le habla,

394 944 586 82 diciendo, que es labrador,

397 994 565 78 y no principe de España,

396 1039 601 86 que el Real Anillo que dió,

390 1093 539 77 se le dieron y esto basta.

387 1138 622 87 En fin, se la traxo à Illescas,

387 1190 512 79 à donde se desposaba;

385 1241 614 84 y con el caudal compraron

390 1295 555 70 gran numero de labranza.

378 1337 517 79 Dexémos à los amantes

380 1392 601 78 con gran reposo en su casa.

381 1433 619 89 Viendo, pues, el Mercader,

381 1487 461 69 que la hija le faltaba,

375 1538 542 74 y el Principe no parece,

369 1589 536 71 previno passar à España.

368 1633 622 84 En breve tiempo en la Corte

371 1686 605 80 estuvo, y haciendo arduas

364 1733 534 80 diligencias con secreto,

362 1790 529 70 a todos los preguntaba

359 1835 591 82 por el Principe Don Juan,

368 1880 584 79 hijo del Quarto Monarca.

358 1925 594 89 Le dicen: Passe à Palacio,

358 1982 558 77 que alli darán esperanzas.

355 2027 642 89 Entró, en fin y preguntando

355 2081 542 75 por la magestad Cesarea

352 2129 513 147 le dan el paso, y subio.

1165 195 522 78 Hiz o las acostumbradas

1160 235 508 88 cort esias que sé deben,

1163 285 552 89 díciendole estas palabras:

1162 336 498 83 De Napoles he venido

1160 384 626 97 solo à besar vuestras plantas,

1157 439 479 76 y à suplicaros, Señor,

1160 483 501 87 el que Justicia se haga,

1153 537 600 85 con quien me robó mi hija,

1162 585 556 81 y se la ha traido à España.

1147 633 497 80 A Napoles fué, Señor,

1146 679 575 85 un hombre que se llamaba

1144 732 599 86 Juan de la Tierra, y me dió

1141 778 434 74 aquesta Real alhaja,

1144 826 591 88 y dixo que era hijo vuestro,

1134 879 523 81 y en la dicha confianza,

1134 925 604 92 para su adorno, y decencia

1134 972 495 89 le dí monedas, y galas.

1131 1017 670 102 No siento Señor, la hacienda,

1094 1074 605 91 solo siento mi hija amada.

1128 1122 524 86 El gran Felipe acordose

1124 1171 544 83 de aquella noche pasada,

1121 1224 544 83 quando al Soldado le dió

1118 1270 502 82 el Anillo, y se repara,

1119 1324 560 82 diciendole, que bolviesse

1115 1375 540 68 al cabo de dos semanas.

1115 1416 619 80 El gran Rey mandó llamar

1115 1465 629 89 à un Capitan de sus Guardas,

1109 1516 602 86 diciendo passase à Illescas,

1111 1566 483 77 y diligencias se hagan

1106 1609 692 94 de un tal Don Juan de la Tierra,

1109 1662 599 83 y que à Palacio lo traygan.

1105 1707 588 89 Fué el Capitan, y lo halló,

1108 1765 582 70 vino con su esposa amada.

1099 1809 664 90 Ante el Rey los dos pusieron,

1099 1860 632 84 á lo que dispone, y manda,

1096 1916 491 72 que todos se retirasen,

1096 1960 521 76 con el soldado quedaba.

1100 2008 485 76 Juróle por su Corona,

1090 2056 520 77 si la verdad no declara,

1087 2109 519 74 que tiene de castigarlo,

1090 2152 688 104 qué quién le dió aquella alhaja

1675 2233 70 111 de
