1936 2638
238 111 494 83 El Platero que la vido,

227 172 580 77 le responde estas palabras;

227 221 639 88 Señor Principe, que es esto?

225 276 487 68 este Anillo lo declara,

224 322 510 76 que soys persona Real,

222 369 563 70 su Alteza no niegue nada.

227 423 596 75 Don Juan reparóse, y dixo:

215 463 611 90 Soy hijo del Rey de España,

218 515 611 88 el gran Don Felipe Quarto;

212 571 573 75 por defender à una Dama;

209 615 558 73 le dí la muerte sangrienta

208 660 630 91 à un hijo del Duque de Alva,

206 718 517 70 y temiendo de mi padre

205 759 589 86 el castigo que me aguarda,

199 810 570 85 hasta verlo mas templado,

202 864 606 88 es fuerza que ausencia haga.

194 907 433 77 De la Corte me sali

197 957 532 86 sin que nadie sepa nada,

196 1012 510 71 y assi, si tú determinas

193 1058 510 74 el que se vea ensalzada

191 1106 597 89 tu casa, haciendote Noble,

189 1156 491 82 sobre esta Real alhaja,

187 1206 604 86 para mi adorno, y decencia

186 1253 546 85 dame monedas, y galas;

187 1308 545 72 que si te portas conmigo,

186 1352 634 98 luego que me passe à España,

184 1408 471 67 prometo te ampararé,

183 1456 542 75 juro por mi Real palabra.

181 1503 507 72 El Platero le responde:

177 1546 511 80 En esta Ciudad se halla

175 1600 525 70 un Compadre mio, que

172 1641 672 98 grande hacienda le acompaña;

172 1697 502 76 à este dicho le hablaré,

171 1744 580 89 en lo que su Alteza manda.

168 1787 522 87 Mucho puede el interés,

149 1844 603 90 su Imperio todo lo arrastra.

167 1892 493 80 El Maestro de Platero,

167 1943 502 76 se partió con vigilancia

164 1990 502 82 à casa de su Compadre,

164 2045 502 80 cuenta de todo le daba,

161 2094 479 177 como en su casa tenia

967 142 658 89 à un gran Principe de España,

965 193 652 94 que era el dueño de la prenda,

964 243 583 86 que dice su forma, y traza.

961 287 464 86 Movido de la codicia,

959 341 442 81 le pusieron una sala

958 389 465 77 adornada con primor

957 444 488 76 le remiten dos criadas,

954 490 496 74 dos criados, y carroza,

952 543 541 71 compuesta, y aderezada.

949 589 544 77 El les encarga el secreto,

951 643 605 82 y es porque asi le importaba.

946 691 551 71 Se cruzaban los doblones,

945 740 565 76 los diamantes, y las galas.

943 788 554 79 Sepamos que el Mercader

942 838 542 79 tiene por hija una Dama,

939 886 544 79 hermosa à las maravillas,

939 937 564 77 que es de todos envidiada.

936 980 545 82 Llegó el dia de San Juan,

935 1039 551 70 en que previno en su casa

932 1083 505 80 diversidad de manjares,

930 1129 627 87 para la funcion que aguarda.

930 1178 651 98 Fué à ver al Principe, y dióle

926 1231 480 80 las visperas celebradas

926 1279 560 85 de su Santo, y le suplica,

926 1332 623 91 que passe à honrarle su casa

921 1380 449 78 con su persona Real

921 1425 570 90 que humilde se lo rogaba.

918 1486 524 68 Amaneció el dia alegre,

915 1532 538 74 poner la Carroza manda,

914 1582 435 71 adornóse lo possible

911 1620 594 102 desde el cabello á la planta.

913 1673 438 79 Triunfante se passeó

907 1722 450 76 hasta llegar à la casa

902 1771 523 85 del Mercader, y apeose,

901 1821 448 78 alegres lo saludaban.

901 1867 492 85 El Mercader à su hija

896 1916 629 91 le ha encerrado en una sala:

899 1969 491 76 obedecióle à su padre,

896 2022 522 84 mucho puede la crianza

896 2082 529 69 pero mas puede el amor,

892 2125 690 152 que son muy grandes sus trazas.

1440 2183 95 122 Pu-
