1889 2628
129 227 482 75 se abrasaba con su hijo,

138 289 519 61 y al pecho se lo arrimaba.

127 330 510 66 De alli se fué el renegado

127 389 436 66 lleno de furor y saña,

127 444 517 57 solo de ver que no puede

127 486 440 68 lograr lo que deseaba.

124 540 529 66 Mas no desiste; á otro dia

133 589 533 65 vuelta á la mazmorra daba,

129 639 460 68 adonde está la cautiva;

127 698 484 53 con alhagueñas palabras

124 738 439 63 le predica de Mahoma

124 792 489 68 mil embustes y trapazas,

122 843 452 63 diciéndole: Si reniegas

129 895 488 68 yo te daré muchas galas,

124 939 406 72 y costosisimas joyas

133 994 482 63 para que estés adornada.

120 1035 500 66 Doña Francisca prudente

124 1099 588 57 de aquesta suerte le hablaba:

122 1138 456 66 Esas joyas, gran señor,

122 1197 566 64 usted bien puede guardarlas,

129 1248 561 61 que eso es un poco de tierra,

129 1296 480 66 polvo que no vale nada,

127 1340 547 68 que á quien el alma me dió

122 1395 467 54 no le costó tan barata.

122 1438 581 64 Mas viendo los menosprecios

124 1489 480 70 que le hace la Cristiana,

116 1541 445 66 sobervio se desespera,

118 1589 377 66 de corage pateaba.

118 1640 475 68 De la mazmorra se sale,

122 1690 502 68 y á los dos niños agarra,

118 1743 421 57 asidos de los cabellos

118 1789 475 70 les arrastró por la casa,

122 1848 511 66 y á la mazmorra los lleva,

118 1900 484 55 adonde su madre estaba,

116 1935 495 73 los despoja de sus ropas,

127 1997 464 59 y de prisiones los carga.

120 2036 548 75 Tomó una vara y con furia

116 2089 379 68 los niños apalcaba,

113 2141 494 70 y juntamente á la madre

116 2192 471 83 le decia estas palabras:

865 234 476 70 Dime, Cristiana enemiga,

861 293 493 55 si la Ley de Dios dejáras

861 343 541 64 muy mucho mejor te fuera,

865 387 403 70 y la vida reserváras,

861 444 552 61 tambien la de tus tres hijos,

867 499 581 66 que en gran peligro se hallan.

859 540 528 66 Pero viendo los tormentos,

865 602 489 55 que el bárbaro ejecutaba

859 639 508 72 en sus tres queridos hijos,

861 689 420 64 á renegar la obligaba.

859 740 488 72 Renegó de cumplimiento,

859 801 484 57 solo porque se aquietára

856 843 463 68 la furia de aquel cruel,

863 897 460 66 que con rigor castigaba

861 950 453 57 aquellos tres inocentes,

859 992 451 63 sin haberle dado causa.

859 1044 466 61 Doña Francisca le dijo:

859 1092 412 68 Desata, señor, desata

854 1149 443 59 á mis hijos de prision,

859 1202 650 57 que ya me humillo á tus plantas.

854 1239 458 75 Reniego de Jesu Cristo,

852 1300 550 64 tambien de la Virgen Santa,

863 1353 405 61 y del divino Misterio

863 1403 454 55 de la Trinidad Sagrada.

856 1445 513 59 Pero nuestro Dios piadoso

854 1504 539 53 no quiso que aquesta alma

856 1552 511 59 se perdiese, y dió licencia

854 1600 524 60 al niño que el pecho daba,

859 1655 519 57 para que á su madre avise

852 1695 550 72 del peligro en que se halla;

856 1754 434 61 y entonces el angelito

863 1795 557 68 pronunció aquestas palabras:

850 1841 589 64 Madre, que es eso que dices?

848 1889 539 71 Mira bien lo que tu hablas,

854 1949 684 74 que aunque eso es de cumplimiento

845 1995 515 65 mucho le daña á tu alma,

852 2056 486 57 que para morir por Dios

852 2108 528 51 no se ha de tapar la cara:

859 2148 499 61 Vivan los santos Misterios

850 2192 532 100 de nuestra lglesia Romana,

1415 2240 70 85 que
