1926 2617
292 955 1345 147 CURIOSA XACARA

196 1084 1507 76 NUEVA, EN QUE REFIERE LA VIDA, Y LASTIMOSA

196 1154 1503 68 muerte de Doña Inés de Castro, llamada la Garza de Portugal. Y las

260 1202 1375 74 Magestuosas Exequias con que la honró, despues de su muerte,

388 1247 1116 80 el Rey Don Pedro de Portugal, con otras particu-

554 1298 784 77 laridades que verá él curioso Letor.

181 1387 634 102 A La Reyna de los Cielos

307 1452 596 61 que con excelencias tantas

187 1501 511 60 se coronó de Laureles,

187 1548 498 65 para llevarse la Palma.

232 1597 569 67 Aquella, que Ave Divina

181 1650 677 61 se remontó bella Garza

184 1698 524 59 á lo mas alto del Cielo,

183 1746 464 64 donde está colocada.

228 1797 588 63 Le suplico, que me preste

184 1850 512 63 una pluma de sus alas,

186 1898 609 64 para que escriva mí ingenio

189 1946 612 60 la crueidad mas inhumana.

235 1994 615 64 Y la lastima, que aun lloran

183 2047 666 62 de bronce, y marmol Estatuas

181 2092 687 71 en esse Reyno luciente

178 2144 505 68 de la Corte Lucitana.

225 2193 612 67 Nació un Principe famoso,

178 2241 607 130 à quien dió nombre la fama

949 1400 540 66 de cruel, que para serlo

949 1450 549 64 le dieron bastante causa.

1002 1493 634 72 Por gusto del Rey su Padre,

952 1548 591 57 con una Infanta de España

955 1594 605 67 casó el Principe Don Pedro

951 1645 532 66 con grandeza soberana.

1003 1693 594 72 Y à Portugal con su Reyna

952 1746 645 69 passó por Dama, una Dama,

952 1799 646 63 cuya hermosura, por grande

951 1853 598 55 se igualó con su desgracia.

1008 1895 638 67 Que era Doña Inés de Castro

952 1945 534 65 yá lo dixe, y esto basta,

957 1996 554 64 murió luego en Portugal

952 2045 495 63 la Princesa Castellana.

997 2096 584 55 Sintió la Corte su muerte,

949 2147 485 54 tanto como le tocava,

945 2192 484 71 y el Principe se portó

952 2244 620 108 con grandeza para honrarla.

1544 2265 117 141 Mas
