1904 2660
119.0 254.0 528.0 69.0 mas creo que á tu valor

122.0 311.0 541.0 61.0 aqueso no importa nada.

125.0 360.0 510.0 62.0 Si no me sacas de aqui,

119 410 497 62 de la tiranía mas alta

127.0 458.0 674.0 66.0 me he de entregar á la muerte,

125.0 517.0 500.0 54.0 como una desesperada.

133.0 558.0 656.0 64.0 Yá se encasqueta el sombrero,

127.0 604.0 573.0 71.0 yá daba tiento á la espada,

124.0 656.0 483.0 71.0 furioso mira la tierra,

124.0 712.0 507.0 52.0 diciendo: Si se levanta

121.0 758.0 579.0 63.0 el mundo contra mi enojo,

122.0 806.0 586.0 65.0 he de quitar con mi espada

121.0 861.0 548.0 58.0 la vida en el que quisiere

119.0 908.0 596.0 55.0 aun estorbarme la entrada.

121.0 956.0 523.0 65.0 Al fin yá vino la noche,

122.0 1006.0 531.0 62.0 fuese á casa de la Dama,

122.0 1053.0 490.0 62.0 hizo señas á la puerta,

121.0 1102.0 572.0 71.0 y salió mejor que el Alva;

125.0 1154.0 578.0 71.0 y preguntó de allá dentro:

121.0 1202.0 730.0 71.0 Quién es, que à esta triste llama?

122.0 1257.0 541.0 71.0 Yo Señora, que te tengo

118.0 1312.0 476.0 54.0 en el corazon sellada.

116.0 1352.0 682.0 69.0 Los hermanos de ella entonces,

113.0 1414.0 496.0 51.0 reconociendo palabras

118.0 1455.0 653.0 73.0 de aquel guapo, que pretende

110.0 1505.0 518.0 70.0 la libertad de su Dama,

113.0 1566.0 540.0 53.0 furiosos salen los quatro

112.0 1612.0 572.0 57.0 con colera, y arrogancia;

112.0 1659.0 559.0 62.0 el guapo desque los vido,

109.0 1700.0 593.0 67.0 de aquesta suerte les habla:

110.0 1755.0 506.0 64.0 Así como quatro venis,

109.0 1802.0 554.0 67.0 de quatrocientos pasáreis,

112.0 1856.0 544.0 63.0 os diera aleves la muerte.

115.0 1901.0 664.0 71.0 Traydores, cómo, y sin causa,

113.0 1956.0 528.0 68.0 quereis quitar á mis ojos

109.0 2005.0 469.0 65.0 el espejo de mi alma?

106.0 2054.0 472.0 87.0 Primero tengo de vér

895.0 249.0 663.0 80.0 con vuestra sangre manchadas

895.0 313.0 550.0 63.0 las piedras con mi valor,

895.0 362.0 565.0 66.0 dijo; y sacando la espada,

895.0 410.0 518.0 64.0 en breve tiempo les dió

895.0 465.0 547.0 52.0 la muerte dentro su casa.

900.0 512.0 544.0 65.0 Tan solo de todos quatro

892.0 571.0 420.0 54.0 el uno se le escapó

891.0 604.0 562.0 77.0 con tres heridas mortales;

892.0 659.0 500.0 68.0 y fué su desdicha tanta

894.0 715.0 647.0 63.0 que ántes de dar quatro pasos

892.0 762.0 552.0 64.0 tomó la arena por cama:

894.0 820.0 597.0 56.0 y el guapo con la doncella

892.0 860.0 658.0 71.0 en una yegua lozana huyeron.

889.0 910.0 646.0 71.0 Pero no quiso la Virgen pura

889.0 959.0 553.0 69.0 que estos dos se gozasen,

888.0 1006.0 671.0 77.0 que al rebolver de una esquina

888.0 1056.0 492.0 70.0 toda la Justicia estaba,

888.0 1118.0 538.0 56.0 y el padre de la doncella

888.0 1160.0 541.0 65.0 á grandes voces gritava:

885.0 1210.0 600.0 68.0 Prendan este traydor, dice,

888.0 1262.0 610.0 70.0 que me ha escalado mi casa,

888.0 1312.0 574.0 66.0 y me ha quitado la honra,

886.0 1358.0 571.0 68.0 con la prenda mas amada.

886.0 1405.0 596.0 78.0 Mas el guapo que pretende

885.0 1458.0 514.0 72.0 la libertad de su Dama,

883.0 1510.0 559.0 65.0 entra por los Alguaciles,

885.0 1560.0 603.0 65.0 ya destroza, hiere, y mata:

882.0 1610.0 559.0 62.0 en el brio, y el esfuerzo

883.0 1663.0 577.0 64.0 y en el jugar de las armas

878.0 1705.0 592.0 74.0 á seis Ministros dió muerte,

879.0 1757.0 580.0 73.0 y á un Secretario de fama;

882.0 1808.0 488.0 74.0 y el Señor Corregidor

876.0 1862.0 535.0 69.0 de su furia no se escapa,

878.0 1912.0 582.0 66.0 porque tambien le alcanzó

879.0 1965.0 546.0 62.0 una muy fuerte estocada.

878.0 2008.0 634.0 72.0 Echó un por vida, diciendo:

878.0 2065.0 566.0 91.0 Si hay alguno que le haga

1504.0 2128.0 58.0 85.0 la
