1869 2641
424 202 531 90 No mires el mal sarmiento,

374 248 480 90 sino el árbol donde baja,

378 312 498 77 que si bien lo consideras,

374 363 466 70 cierta será la venganza.

416 404 583 91 Dos traidores me han robado,

367 464 445 73 sacándome de mi casa,

372 514 530 78 y me han quitado el honor

365 563 484 73 en Sierra Morena brava.

418 607 535 81 Oyendo esto don Francisco,

363 647 436 92 de la cama se levanta,

367 715 548 72 y al punto llama un criado,

367 765 531 75 que un caballo le ensillara.

420 812 502 77 Y antes de partir dispuso,

358 856 348 83 dejarla depositada

356 915 643 81 con su hermana en un convento,

361 968 530 66 que de santa Isabel llaman.

407 1012 477 81 Camina luego á Trujillo,

356 1058 500 79 y un criado le acompaña,

358 1118 564 70 que quiere entrar de secreto,

358 1168 474 66 porque no se sepa nada.

400 1212 498 84 Fuese en casa don Diego,

356 1265 401 73 y alegre le saludaba,

354 1322 396 66 y luego le preguntó

354 1366 469 73 por su querida Rosaura.

398 1415 456 77 Le respondió pensativo

347 1454 502 79 don Diego estas palabras:

341 1507 493 77 habrá mas de veinte dias

345 1560 476 75 que se salió de mi casa,

394 1611 482 72 Sin poder hallar persona

343 1666 513 66 que me diga donde estaba,

336 1716 555 68 siendo en mi casa un espejo

339 1762 523 69 en quien todos se miraban.

385 1809 543 83 Oyendo esto don Francisco,

334 1861 509 80 sacó del pecho una carta,

339 1919 477 70 y á don Diego se la dió,

336 1971 513 62 que la recibe y le abraza.

389 2013 484 77 Y mirando el sobrescrito,

332 2053 429 90 de puro gozo lloraba,

339 2119 455 68 porque conoció la letra

332 2170 456 63 de su querida Rosaura.

1107 217 482 93 Mas dentro iba el pesar,

1061 288 526 72 que es cosa muy ordinaria,

1061 330 605 90 que no hay placer sin disgusto

1052 378 497 81 en aquesta vida humana.

1102 435 533 75 Abrióla, y hallando dentro

1047 475 577 95 los aleves que la agraviaron,

1052 528 372 75 al señor corregidor

1050 581 473 72 del caso cuenta le daba.

1100 633 513 86 Al instante los prendieron,

1050 686 453 71 y sustanciada la causa,

1050 735 484 79 el juez con recta justicia

1043 779 478 79 á muerte los condenaba.

1085 838 478 75 Los meten en la capilla,

1039 875 546 88 llorando, y al cielo claman,

1036 935 419 72 pidiendo misericordia

1036 990 423 64 á la Vírgen soberana.

1087 1032 482 75 Los sacaron de la cárcel

1041 1080 469 79 por las calles ordinarias,

1034 1133 548 75 diciendo: Esta es la justicia,

1039 1179 568 84 que nuestro monarca manda,

1085 1232 561 81 Se ejecute en estos hombres,

1045 1274 491 86 pues hicieron tal infamia;

1034 1327 482 85 llegaron hasta el suplicio

1030 1384 455 72 con ánimo y vigilancia.

1074 1430 431 79 Subiéronlos á lo alto;

1028 1476 484 84 ellos con mortales ansias,

1028 1527 484 84 antes de acabar el credo

1021 1580 526 77 á Dios entregan sus almas.

1080 1628 507 82 Y despues en los caminos

1025 1688 509 66 ponen sus cabezas ambas,

1025 1734 522 75 para ejemplo de atrevidos,

1021 1787 605 70 y escarmiente el que mal anda.

1069 1833 577 72 Luego el noble don Francisco

1017 1877 572 83 se volvió á su amada patria,

1019 1925 532 82 y Rosaura en un convento

1019 1980 466 77 con ejemplar vida pasa.

1069 2035 438 62 Aquí da fin la historia

1021 2070 423 84 de la infeliz Rosaura;

1019 2123 515 86 Dios le dé su santa gloria,

1012 2187 526 75 cuando de esta vida pase.

365 2260 1257 125 Barcelona: Por los Herederos de la Viuda Pla, calle de Coteners.
