1888 2576
356 134 568 79 hijo de muy nobles Padres

356 181 509 82 de la Villa de Tabernas,

357 233 573 78 que su nombre, y apellido

354 286 550 73 es Don Alonso de Rueda.

353 330 514 75 Salieron pues una tarde

353 379 404 76 à passear la Ribera

347 423 584 92 del Mar, y tomar el fresco,

349 482 559 77 y quando dieron la buelta

343 530 553 79 tendió la noche su manto

339 578 554 87 poco mas de media legua,

336 635 554 79 y estando en aqueste sitio

334 684 486 74 en una cala encubierta

329 725 506 83 estavan con gran sigilo

327 775 493 77 de Moros una caterva,

323 822 531 82 les salieron al encuentro

320 870 503 84 les maniatan, y llevan

316 923 580 83 con estruendo, y algazara,

314 974 562 82 y entrandose en la Galera

310 1021 524 80 echaron velas al viento

307 1073 616 84 muy contentos con la presa;

309 1121 595 86 y en breve tiempo llegaron,

300 1169 537 76 y desembarcan en tierra

302 1220 602 98 en la gran Ciudad de Argel,

302 1277 496 73 y poniendolos en venta

300 1326 483 67 à Don Alonso compró

290 1379 544 64 en cien libras de moneda

290 1421 558 78 un Moro de grande fama,

286 1476 572 76 y de mty grande nobleza;

292 1521 553 78 y à Doña Maria compró

281 1571 550 80 una Mora muy dispuesta,

277 1618 551 83 la qual se llamava Zayda,

274 1671 591 84 que del Moro hermana era;

271 1718 457 70 estimava à la cautiva

267 1767 584 84 como à su persona mesma;

267 1818 547 78 y un dia en conversacion

263 1870 479 69 le dize desta manera.

259 1914 538 82 Dime Christiana querida

253 1967 601 83 que desgracia fué la vuestra

251 2023 557 69 de venir à Argel cautiva?

254 2069 518 107 porque cara tan perfeta

1074 151 584 93 lastima es, que sea esclava

1072 213 551 83 en una prision perpetua:

1070 260 524 83 Dexemos en este estado

1069 303 498 90 à Doña Maria Theresa,

1070 359 501 81 y vamos à Don Alonso

1066 412 644 88 que está ausente de su prenda

1060 462 601 87 sin poder verla un instante,

1062 515 465 68 para divertir su pena.

1060 556 527 88 Tenia el Moro una Hija,

1062 609 508 80 que se llamava Zulema

1042 656 553 86 de lindo donayre, y brio

1044 704 589 93 hermosa como ella mesma,

1046 757 585 84 que enamorada, y rendida

1042 808 499 80 está Salamandra hecha

1040 861 574 89 por el Cautivo Christiano,

1042 908 496 73 y un dia se fué resuelta

1042 951 549 85 al Jardin donde él estava

1033 1008 551 82 trabajando en la floresta,

1024 1045 565 92 le dixo: noble Christiano

1023 1104 564 88 dexa este trabajo, y llega

1029 1150 535 85 à lo fresco de este arbol,

1022 1196 651 93 y passa el rigor de la siesta:

1016 1250 648 98 à que respondió el Christiano,

1014 1310 496 72 y dixo de esta manera:

1009 1349 442 86 Alá te pague Señora

1010 1402 620 93 essa voluntad que muestras;

1011 1449 506 80 à que replicó la Mora,

1000 1502 558 76 y dixo de esta manera:

997 1549 530 83 es cierto Christiano mio

994 1604 610 80 que mucho mejor te fuera,

994 1654 474 74 que dexaras essa ley,

989 1695 493 88 y à la mia te bolvieras,

987 1753 474 77 y casandote conmigo,

983 1798 551 86 gozarás muchas riquezas,

980 1856 547 70 governarás mis Cautivos,

973 1901 631 86 fueras dueño de mi hazienda,

969 1953 585 80 que tengo muchos criados,

964 1996 631 83 que à tu persona obedezcan;

966 2047 642 88 à que respondió el Christiano

963 2093 618 120 con palabras muy resueltas;

1518 2175 76 57 no
