<?xml version="1.0" encoding="UTF-8"?>
<alto xmlns:xsi="http://www.w3.org/2001/XMLSchema-instance"
      xmlns="http://www.loc.gov/standards/alto/ns-v4#"
      xsi:schemaLocation="http://www.loc.gov/standards/alto/ns-v4# http://www.loc.gov/standards/alto/v4/alto-4-2.xsd">
  <Description>
    <MeasurementUnit>pixel</MeasurementUnit>
    <sourceImageInformation>
      <fileName>BCN_037_3.jpg</fileName>
      
    </sourceImageInformation>
  </Description>
  
  <Tags>
    <OtherTag ID="BT1290" LABEL="CustomZone:impresorNum" DESCRIPTION="block type CustomZone:impresorNum"/><OtherTag ID="BT1291" LABEL="CustomZone:numero_pliego" DESCRIPTION="block type CustomZone:numero_pliego"/><OtherTag ID="BT1292" LABEL="CustomZone:title" DESCRIPTION="block type CustomZone:title"/><OtherTag ID="BT1293" LABEL="GraphicZone:illustration" DESCRIPTION="block type GraphicZone:illustration"/><OtherTag ID="BT1294" LABEL="GraphicZone:ornamentation" DESCRIPTION="block type GraphicZone:ornamentation"/><OtherTag ID="BT1295" LABEL="MainZone" DESCRIPTION="block type MainZone"/><OtherTag ID="BT1296" LABEL="MainZone:columns" DESCRIPTION="block type MainZone:columns"/><OtherTag ID="BT1297" LABEL="MarginTextZone:colophon" DESCRIPTION="block type MarginTextZone:colophon"/><OtherTag ID="BT1298" LABEL="MarginTextZone:note" DESCRIPTION="block type MarginTextZone:note"/><OtherTag ID="BT1299" LABEL="MusicZone" DESCRIPTION="block type MusicZone"/><OtherTag ID="BT1300" LABEL="NumberingZone:page" DESCRIPTION="block type NumberingZone:page"/><OtherTag ID="BT1301" LABEL="QuireMarksZone:catchwords" DESCRIPTION="block type QuireMarksZone:catchwords"/><OtherTag ID="BT1302" LABEL="QuireMarksZone:signature" DESCRIPTION="block type QuireMarksZone:signature"/><OtherTag ID="BT1303" LABEL="RunningTitleZone" DESCRIPTION="block type RunningTitleZone"/>
    <OtherTag ID="LT480" LABEL="CustomLine:propriedad" DESCRIPTION="line type CustomLine:propriedad"/><OtherTag ID="LT481" LABEL="CustomLine:trailer" DESCRIPTION="line type CustomLine:trailer"/><OtherTag ID="LT482" LABEL="DefaultLine" DESCRIPTION="line type DefaultLine"/><OtherTag ID="LT483" LABEL="HeadingLine" DESCRIPTION="line type HeadingLine"/>
  </Tags>
  
  <Layout>
    <Page WIDTH="1913"
          HEIGHT="2672"
          PHYSICAL_IMG_NR="190"
          ID="eSc_dummypage_">
      <PrintSpace HPOS="0"
                  VPOS="0"
                  WIDTH="1913"
                  HEIGHT="2672">
        
        <TextBlock HPOS="141"
                   VPOS="124"
                   WIDTH="1495"
                   HEIGHT="193"
                   ID="block_3"
                   TAGREFS="BT1292">
          <Shape><Polygon POINTS="1636 124 1636 317 141 317 141 124"/></Shape>
          
          
          <TextLine ID="eSc_line_f96790dd"
                    TAGREFS="LT483"
                    BASELINE="180 205 1594 198" 
                    HPOS="175"
                    VPOS="131"
                    WIDTH="1417"
                    HEIGHT="87">
            <Shape><Polygon POINTS="178 204 178 218 1592 213 1592 195 1590 144 1578 133 1578 131 1576 131 1574 131 1572 131 1570 131 1538 144 1347 144 1229 146 1102 146 1100 144 1089 133 1086 133 1084 133 1082 133 1028 142 1015 144 995 142 908 133 906 133 904 133 884 142 879 144 175 140 178 204"/></Shape>
	    <String CONTENT="SEGUNDA PARTE, EN QUE SE REFIERE COMO DOÑA"
                    HPOS="175"
                    VPOS="131"
                    WIDTH="1417"
                    HEIGHT="87"></String>
          </TextLine>

          
          
          <TextLine ID="eSc_line_18dd251d"
                    TAGREFS="LT483"
                    BASELINE="378 244 1416 249" 
                    HPOS="376"
                    VPOS="202"
                    WIDTH="1040"
                    HEIGHT="60">
            <Shape><Polygon POINTS="1378 247 1356 244 1333 244 1311 244 1289 244 1267 244 1244 244 1222 244 1200 244 1178 244 1155 244 1138 211 525 202 509 202 487 202 465 202 443 202 420 202 398 202 378 202 378 244 376 262 1414 262 1416 249 1414 215 1391 213 1378 247"/></Shape>
	    <String CONTENT="Elena tomó venganza de su amante don Francisco,"
                    HPOS="376"
                    VPOS="202"
                    WIDTH="1040"
                    HEIGHT="60"></String>
          </TextLine>

          
          
          <TextLine ID="eSc_line_07acc542"
                    TAGREFS="LT482"
                    BASELINE="632 300 1237 298" 
                    HPOS="628"
                    VPOS="251"
                    WIDTH="607"
                    HEIGHT="62">
            <Shape><Polygon POINTS="630 298 630 311 1233 313 1235 296 1229 251 628 256 630 298"/></Shape>
	    <String CONTENT="como lo verá el curioso letor."
                    HPOS="628"
                    VPOS="251"
                    WIDTH="607"
                    HEIGHT="62"></String>
          </TextLine>

          
        </TextBlock>
        
        <TextBlock HPOS="126"
                   VPOS="309"
                   WIDTH="702"
                   HEIGHT="2102"
                   ID="block_1"
                   TAGREFS="BT1296">
          <Shape><Polygon POINTS="828 316 828 2411 126 2411 126 309"/></Shape>
          
          
          <TextLine ID="eSc_line_a9888fac"
                    TAGREFS="LT482"
                    BASELINE="189 349 741 349" 
                    HPOS="189"
                    VPOS="311"
                    WIDTH="552"
                    HEIGHT="56">
            <Shape><Polygon POINTS="723 345 701 345 679 345 656 345 634 345 612 345 590 345 567 345 545 316 523 316 501 316 478 316 456 316 434 313 411 313 389 313 367 313 345 311 322 311 300 311 278 311 269 311 265 316 251 311 233 313 211 316 189 327 189 349 189 367 741 362 741 349 734 313 723 345"/></Shape>
	    <String CONTENT="Ya dije en la primera parte"
                    HPOS="189"
                    VPOS="311"
                    WIDTH="552"
                    HEIGHT="56"></String>
          </TextLine>

          
          
          <TextLine ID="eSc_line_a5a37462"
                    TAGREFS="LT482"
                    BASELINE="171 398 639 403" 
                    HPOS="169"
                    VPOS="354"
                    WIDTH="470"
                    HEIGHT="60">
            <Shape><Polygon POINTS="175 367 171 398 169 409 634 414 639 403 636 360 189 354 175 367"/></Shape>
	    <String CONTENT="el principio del suceso;"
                    HPOS="169"
                    VPOS="354"
                    WIDTH="470"
                    HEIGHT="60"></String>
          </TextLine>

          
          
          <TextLine ID="eSc_line_a5276a3e"
                    TAGREFS="LT482"
                    BASELINE="173 452 601 447" 
                    HPOS="171"
                    VPOS="400"
                    WIDTH="430"
                    HEIGHT="67">
            <Shape><Polygon POINTS="594 403 572 403 552 403 429 409 414 400 394 400 389 400 354 411 171 403 173 452 173 463 596 467 601 447 594 403 594 403"/></Shape>
	    <String CONTENT="volvamos á la señora,"
                    HPOS="171"
                    VPOS="400"
                    WIDTH="430"
                    HEIGHT="67"></String>
          </TextLine>

          
          
          <TextLine ID="eSc_line_a822bd16"
                    TAGREFS="LT482"
                    BASELINE="173 498 803 503" 
                    HPOS="171"
                    VPOS="449"
                    WIDTH="632"
                    HEIGHT="72">
            <Shape><Polygon POINTS="552 449 530 449 507 449 485 449 463 449 440 449 418 449 396 449 374 452 351 452 329 452 320 452 227 456 204 452 195 452 173 452 173 498 171 521 801 521 803 503 801 460 556 449 552 449"/></Shape>
	    <String CONTENT="que entre selvas, con lamentos,"
                    HPOS="171"
                    VPOS="449"
                    WIDTH="632"
                    HEIGHT="72"></String>
          </TextLine>

          
          
          <TextLine ID="eSc_line_d9bf12a5"
                    TAGREFS="LT482"
                    BASELINE="169 549 697 554" 
                    HPOS="167"
                    VPOS="509"
                    WIDTH="530"
                    HEIGHT="61">
            <Shape><Polygon POINTS="169 549 167 570 694 570 697 554 697 509 169 509 169 549"/></Shape>
	    <String CONTENT="rebolcándose en su sangre,"
                    HPOS="167"
                    VPOS="509"
                    WIDTH="530"
                    HEIGHT="61"></String>
          </TextLine>

          
          
          <TextLine ID="eSc_line_b700197a"
                    TAGREFS="LT482"
                    BASELINE="175 598 674 603" 
                    HPOS="173"
                    VPOS="552"
                    WIDTH="501"
                    HEIGHT="71">
            <Shape><Polygon POINTS="665 554 643 554 621 554 599 554 576 554 554 554 532 554 509 554 487 554 465 554 443 554 429 552 175 552 175 598 173 619 670 623 674 603 670 554 665 554"/></Shape>
	    <String CONTENT="quejándose de sus yerros,"
                    HPOS="173"
                    VPOS="552"
                    WIDTH="501"
                    HEIGHT="71"></String>
          </TextLine>

          
          
          <TextLine ID="eSc_line_096b3f75"
                    TAGREFS="LT482"
                    BASELINE="169 645 621 650" 
                    HPOS="167"
                    VPOS="607"
                    WIDTH="454"
                    HEIGHT="56">
            <Shape><Polygon POINTS="169 645 167 663 619 663 621 650 619 612 169 607 169 645"/></Shape>
	    <String CONTENT="decia con tristes ayes:"
                    HPOS="167"
                    VPOS="607"
                    WIDTH="454"
                    HEIGHT="56"></String>
          </TextLine>

          
          
          <TextLine ID="eSc_line_8353d304"
                    TAGREFS="LT482"
                    BASELINE="169 699 694 699" 
                    HPOS="169"
                    VPOS="654"
                    WIDTH="525"
                    HEIGHT="62">
            <Shape><Polygon POINTS="169 699 169 716 694 716 694 699 694 656 169 654 169 699"/></Shape>
	    <String CONTENT="O clemencia de los cielos!"
                    HPOS="169"
                    VPOS="654"
                    WIDTH="525"
                    HEIGHT="62"></String>
          </TextLine>

          
          
          <TextLine ID="eSc_line_bee741d2"
                    TAGREFS="LT482"
                    BASELINE="175 752 630 745" 
                    HPOS="173"
                    VPOS="701"
                    WIDTH="457"
                    HEIGHT="78">
            <Shape><Polygon POINTS="619 701 596 701 574 701 552 701 530 701 507 701 485 701 463 701 440 701 418 701 396 701 173 701 175 752 175 779 465 779 465 777 467 777 469 777 487 765 625 774 630 745 623 701 619 701"/></Shape>
	    <String CONTENT="Virgen de Consolacion,"
                    HPOS="173"
                    VPOS="701"
                    WIDTH="457"
                    HEIGHT="78"></String>
          </TextLine>

          
          
          <TextLine ID="eSc_line_44e8ce11"
                    TAGREFS="LT482"
                    BASELINE="169 801 697 801" 
                    HPOS="169"
                    VPOS="754"
                    WIDTH="528"
                    HEIGHT="65">
            <Shape><Polygon POINTS="169 801 169 819 697 819 697 801 694 754 169 763 169 801"/></Shape>
	    <String CONTENT="amparo y remedio nuestro,"
                    HPOS="169"
                    VPOS="754"
                    WIDTH="528"
                    HEIGHT="65"></String>
          </TextLine>

          
          
          <TextLine ID="eSc_line_1f57409b"
                    TAGREFS="LT482"
                    BASELINE="169 852 605 852" 
                    HPOS="169"
                    VPOS="808"
                    WIDTH="436"
                    HEIGHT="62">
            <Shape><Polygon POINTS="169 852 169 870 605 868 605 852 605 814 169 808 169 852"/></Shape>
	    <String CONTENT="favorecedme, Señora,"
                    HPOS="169"
                    VPOS="808"
                    WIDTH="436"
                    HEIGHT="62"></String>
          </TextLine>

          
          
          <TextLine ID="eSc_line_01a2f04d"
                    TAGREFS="LT482"
                    BASELINE="173 901 710 901" 
                    HPOS="173"
                    VPOS="850"
                    WIDTH="537"
                    HEIGHT="74">
            <Shape><Polygon POINTS="596 855 574 855 552 855 530 855 527 855 173 861 173 901 173 924 710 915 710 901 708 850 596 852 596 855"/></Shape>
	    <String CONTENT="que sin vida, y sin aliento"
                    HPOS="173"
                    VPOS="850"
                    WIDTH="537"
                    HEIGHT="74"></String>
          </TextLine>

          
          
          <TextLine ID="eSc_line_6e2959e8"
                    TAGREFS="LT482"
                    BASELINE="167 953 641 953" 
                    HPOS="167"
                    VPOS="908"
                    WIDTH="474"
                    HEIGHT="62">
            <Shape><Polygon POINTS="167 953 167 970 641 966 641 953 639 908 167 912 167 953"/></Shape>
	    <String CONTENT="me hallo en este parage"
                    HPOS="167"
                    VPOS="908"
                    WIDTH="474"
                    HEIGHT="62"></String>
          </TextLine>

          
          
          <TextLine ID="eSc_line_645703f7"
                    TAGREFS="LT482"
                    BASELINE="167 997 810 1004" 
                    HPOS="164"
                    VPOS="955"
                    WIDTH="646"
                    HEIGHT="71">
            <Shape><Polygon POINTS="167 997 164 1017 806 1026 810 1004 808 961 167 955 167 997"/></Shape>
	    <String CONTENT="sin mas amparo que el vuestro;"
                    HPOS="164"
                    VPOS="955"
                    WIDTH="646"
                    HEIGHT="71"></String>
          </TextLine>

          
          
          <TextLine ID="eSc_line_dec06893"
                    TAGREFS="LT482"
                    BASELINE="178 1055 683 1050" 
                    HPOS="175"
                    VPOS="1008"
                    WIDTH="508"
                    HEIGHT="67">
            <Shape><Polygon POINTS="178 1055 178 1075 683 1066 683 1050 677 1008 175 1010 178 1055"/></Shape>
	    <String CONTENT="que no se pierda mi alma,"
                    HPOS="175"
                    VPOS="1008"
                    WIDTH="508"
                    HEIGHT="67"></String>
          </TextLine>

          
          
          <TextLine ID="eSc_line_dd1d2717"
                    TAGREFS="LT482"
                    BASELINE="167 1099 672 1104" 
                    HPOS="164"
                    VPOS="1055"
                    WIDTH="508"
                    HEIGHT="62">
            <Shape><Polygon POINTS="167 1099 164 1113 668 1117 672 1104 670 1068 167 1055 167 1099"/></Shape>
	    <String CONTENT="Señora, os pido y ruego."
                    HPOS="164"
                    VPOS="1055"
                    WIDTH="508"
                    HEIGHT="62"></String>
          </TextLine>

          
          
          <TextLine ID="eSc_line_8225cd57"
                    TAGREFS="LT482"
                    BASELINE="173 1148 628 1153" 
                    HPOS="171"
                    VPOS="1102"
                    WIDTH="457"
                    HEIGHT="64">
            <Shape><Polygon POINTS="367 1102 365 1102 320 1104 209 1111 182 1102 173 1102 173 1148 171 1162 623 1166 628 1153 625 1115 403 1115 380 1106 369 1102 367 1102"/></Shape>
	    <String CONTENT="Y al referir de su boca"
                    HPOS="171"
                    VPOS="1102"
                    WIDTH="457"
                    HEIGHT="64"></String>
          </TextLine>

          
          
          <TextLine ID="eSc_line_fae002f1"
                    TAGREFS="LT482"
                    BASELINE="167 1200 621 1204" 
                    HPOS="164"
                    VPOS="1155"
                    WIDTH="457"
                    HEIGHT="62">
            <Shape><Polygon POINTS="167 1200 164 1213 616 1217 621 1204 616 1155 167 1155 167 1200"/></Shape>
	    <String CONTENT="estos lamentables ecos,"
                    HPOS="164"
                    VPOS="1155"
                    WIDTH="457"
                    HEIGHT="62"></String>
          </TextLine>

          
          
          <TextLine ID="eSc_line_97011dce"
                    TAGREFS="LT482"
                    BASELINE="167 1253 639 1253" 
                    HPOS="167"
                    VPOS="1211"
                    WIDTH="472"
                    HEIGHT="60">
            <Shape><Polygon POINTS="167 1253 167 1266 636 1271 639 1253 639 1211 167 1211 167 1253"/></Shape>
	    <String CONTENT="en aquel tiempo pasava"
                    HPOS="167"
                    VPOS="1211"
                    WIDTH="472"
                    HEIGHT="60"></String>
          </TextLine>

          
          
          <TextLine ID="eSc_line_52946be7"
                    TAGREFS="LT482"
                    BASELINE="171 1307 712 1307" 
                    HPOS="171"
                    VPOS="1262"
                    WIDTH="541"
                    HEIGHT="65">
            <Shape><Polygon POINTS="171 1307 171 1327 712 1320 712 1307 712 1262 171 1262 171 1307"/></Shape>
	    <String CONTENT="por aquel sitio un baquero,"
                    HPOS="171"
                    VPOS="1262"
                    WIDTH="541"
                    HEIGHT="65"></String>
          </TextLine>

          
          
          <TextLine ID="eSc_line_5c526800"
                    TAGREFS="LT482"
                    BASELINE="169 1356 641 1351" 
                    HPOS="167"
                    VPOS="1309"
                    WIDTH="474"
                    HEIGHT="64">
            <Shape><Polygon POINTS="545 1309 523 1309 501 1309 478 1309 456 1309 434 1309 411 1309 389 1309 367 1309 345 1309 325 1309 167 1315 169 1356 169 1373 639 1369 641 1351 636 1313 561 1309 545 1309"/></Shape>
	    <String CONTENT="y á sus delicadas voces,"
                    HPOS="167"
                    VPOS="1309"
                    WIDTH="474"
                    HEIGHT="64"></String>
          </TextLine>

          
          
          <TextLine ID="eSc_line_7799662a"
                    TAGREFS="LT482"
                    BASELINE="167 1402 663 1402" 
                    HPOS="167"
                    VPOS="1362"
                    WIDTH="496"
                    HEIGHT="58">
            <Shape><Polygon POINTS="167 1402 167 1416 661 1420 663 1402 661 1362 167 1362 167 1402"/></Shape>
	    <String CONTENT="aunque con algun recelo,"
                    HPOS="167"
                    VPOS="1362"
                    WIDTH="496"
                    HEIGHT="58"></String>
          </TextLine>

          
          
          <TextLine ID="eSc_line_9b12f614"
                    TAGREFS="LT482"
                    BASELINE="162 1451 670 1456" 
                    HPOS="160"
                    VPOS="1402"
                    WIDTH="510"
                    HEIGHT="67">
            <Shape><Polygon POINTS="318 1405 296 1405 273 1405 251 1405 229 1405 207 1405 184 1405 182 1402 162 1402 162 1451 160 1465 665 1469 670 1456 668 1409 329 1405 318 1405"/></Shape>
	    <String CONTENT="llegóse á ella, y hablóle;"
                    HPOS="160"
                    VPOS="1402"
                    WIDTH="510"
                    HEIGHT="67"></String>
          </TextLine>

          
          
          <TextLine ID="eSc_line_bcf4bd25"
                    TAGREFS="LT482"
                    BASELINE="169 1507 639 1500" 
                    HPOS="167"
                    VPOS="1458"
                    WIDTH="472"
                    HEIGHT="65">
            <Shape><Polygon POINTS="169 1507 169 1523 639 1514 639 1500 634 1458 167 1458 169 1507"/></Shape>
	    <String CONTENT="y ella de todo el suceso"
                    HPOS="167"
                    VPOS="1458"
                    WIDTH="472"
                    HEIGHT="65"></String>
          </TextLine>

          
          
          <TextLine ID="eSc_line_d5c402a0"
                    TAGREFS="LT482"
                    BASELINE="164 1551 605 1551" 
                    HPOS="164"
                    VPOS="1505"
                    WIDTH="441"
                    HEIGHT="69">
            <Shape><Polygon POINTS="164 1551 164 1567 603 1574 605 1551 603 1505 164 1511 164 1551"/></Shape>
	    <String CONTENT="de su desgraciada vida"
                    HPOS="164"
                    VPOS="1505"
                    WIDTH="441"
                    HEIGHT="69"></String>
          </TextLine>

          
          
          <TextLine ID="eSc_line_ec6d9db1"
                    TAGREFS="LT482"
                    BASELINE="158 1603 641 1603" 
                    HPOS="158"
                    VPOS="1556"
                    WIDTH="483"
                    HEIGHT="60">
            <Shape><Polygon POINTS="158 1603 158 1616 641 1614 641 1603 641 1565 158 1556 158 1603"/></Shape>
	    <String CONTENT="le dió relacion, y luego"
                    HPOS="158"
                    VPOS="1556"
                    WIDTH="483"
                    HEIGHT="60"></String>
          </TextLine>

          
          
          <TextLine ID="eSc_line_03af6d50"
                    TAGREFS="LT482"
                    BASELINE="160 1654 518 1654" 
                    HPOS="160"
                    VPOS="1605"
                    WIDTH="358"
                    HEIGHT="65">
            <Shape><Polygon POINTS="227 1605 204 1605 182 1605 167 1605 160 1609 160 1654 160 1667 516 1670 518 1654 518 1616 233 1605 227 1605"/></Shape>
	    <String CONTENT="á Málaga la llevó,"
                    HPOS="160"
                    VPOS="1605"
                    WIDTH="358"
                    HEIGHT="65"></String>
          </TextLine>

          
          
          <TextLine ID="eSc_line_bb2886ea"
                    TAGREFS="LT482"
                    BASELINE="167 1705 699 1705" 
                    HPOS="167"
                    VPOS="1658"
                    WIDTH="532"
                    HEIGHT="65">
            <Shape><Polygon POINTS="167 1705 167 1723 699 1721 699 1705 699 1663 167 1658 167 1705"/></Shape>
	    <String CONTENT="y en su casa, con secreto,"
                    HPOS="167"
                    VPOS="1658"
                    WIDTH="532"
                    HEIGHT="65"></String>
          </TextLine>

          
          
          <TextLine ID="eSc_line_abd3b58c"
                    TAGREFS="LT482"
                    BASELINE="158 1754 625 1754" 
                    HPOS="158"
                    VPOS="1703"
                    WIDTH="467"
                    HEIGHT="69">
            <Shape><Polygon POINTS="314 1707 291 1707 269 1707 247 1707 244 1707 193 1714 160 1703 158 1754 158 1770 623 1772 625 1754 623 1710 360 1714 320 1707 314 1707"/></Shape>
	    <String CONTENT="la curó de sus heridas;"
                    HPOS="158"
                    VPOS="1703"
                    WIDTH="467"
                    HEIGHT="69"></String>
          </TextLine>

          
          
          <TextLine ID="eSc_line_632471c3"
                    TAGREFS="LT482"
                    BASELINE="167 1801 714 1808" 
                    HPOS="164"
                    VPOS="1759"
                    WIDTH="550"
                    HEIGHT="62">
            <Shape><Polygon POINTS="167 1801 164 1821 712 1821 714 1808 712 1761 167 1759 167 1801"/></Shape>
	    <String CONTENT="y sanando en breve tiempo,"
                    HPOS="164"
                    VPOS="1759"
                    WIDTH="550"
                    HEIGHT="62"></String>
          </TextLine>

          
          
          <TextLine ID="eSc_line_aeb04ab1"
                    TAGREFS="LT482"
                    BASELINE="155 1850 672 1854" 
                    HPOS="153"
                    VPOS="1799"
                    WIDTH="519"
                    HEIGHT="66">
            <Shape><Polygon POINTS="153 1863 668 1865 672 1854 670 1812 182 1812 158 1799 155 1850 153 1863"/></Shape>
	    <String CONTENT="la tuvo dentro en su casa"
                    HPOS="153"
                    VPOS="1799"
                    WIDTH="519"
                    HEIGHT="66"></String>
          </TextLine>

          
          
          <TextLine ID="eSc_line_358e7771"
                    TAGREFS="LT482"
                    BASELINE="160 1903 650 1903" 
                    HPOS="160"
                    VPOS="1865"
                    WIDTH="490"
                    HEIGHT="54">
            <Shape><Polygon POINTS="160 1903 160 1917 648 1919 650 1903 650 1865 160 1865 160 1903"/></Shape>
	    <String CONTENT="con mucho recogimiento,"
                    HPOS="160"
                    VPOS="1865"
                    WIDTH="490"
                    HEIGHT="54"></String>
          </TextLine>

          
          
          <TextLine ID="eSc_line_916848e3"
                    TAGREFS="LT482"
                    BASELINE="158 1955 670 1955" 
                    HPOS="158"
                    VPOS="1903"
                    WIDTH="512"
                    HEIGHT="69">
            <Shape><Polygon POINTS="380 1906 358 1906 336 1906 314 1906 300 1906 251 1914 236 1906 224 1906 218 1906 200 1914 160 1903 158 1903 158 1955 158 1970 668 1972 670 1955 670 1917 380 1906 380 1906"/></Shape>
	    <String CONTENT="hasta que parió una niña,"
                    HPOS="158"
                    VPOS="1903"
                    WIDTH="512"
                    HEIGHT="69"></String>
          </TextLine>

          
          
          <TextLine ID="eSc_line_47c56e08"
                    TAGREFS="LT482"
                    BASELINE="162 2004 692 2004" 
                    HPOS="162"
                    VPOS="1963"
                    WIDTH="530"
                    HEIGHT="63">
            <Shape><Polygon POINTS="162 2004 162 2026 692 2024 692 2004 692 1963 162 1963 162 2004"/></Shape>
	    <String CONTENT="que dentro de dia y medio"
                    HPOS="162"
                    VPOS="1963"
                    WIDTH="530"
                    HEIGHT="63"></String>
          </TextLine>

          
          
          <TextLine ID="eSc_line_2ccefc63"
                    TAGREFS="LT482"
                    BASELINE="155 2055 630 2050" 
                    HPOS="153"
                    VPOS="2006"
                    WIDTH="477"
                    HEIGHT="67">
            <Shape><Polygon POINTS="621 2006 599 2006 576 2006 574 2006 385 2015 329 2012 211 2006 209 2006 153 2017 155 2055 155 2066 625 2073 630 2050 623 2006 621 2006"/></Shape>
	    <String CONTENT="recibió el agua, y pasó"
                    HPOS="153"
                    VPOS="2006"
                    WIDTH="477"
                    HEIGHT="67"></String>
          </TextLine>

          
          
          <TextLine ID="eSc_line_0a7d21d3"
                    TAGREFS="LT482"
                    BASELINE="155 2099 628 2104" 
                    HPOS="153"
                    VPOS="2059"
                    WIDTH="475"
                    HEIGHT="67">
            <Shape><Polygon POINTS="155 2099 153 2113 411 2126 414 2126 625 2115 628 2104 625 2064 155 2059 155 2099"/></Shape>
	    <String CONTENT="con los angeles al cielo."
                    HPOS="153"
                    VPOS="2059"
                    WIDTH="475"
                    HEIGHT="67"></String>
          </TextLine>

          
          
          <TextLine ID="eSc_line_4b7ed9da"
                    TAGREFS="LT482"
                    BASELINE="155 2155 645 2150" 
                    HPOS="153"
                    VPOS="2106"
                    WIDTH="492"
                    HEIGHT="65">
            <Shape><Polygon POINTS="155 2155 155 2171 645 2171 645 2150 641 2113 153 2106 155 2155"/></Shape>
	    <String CONTENT="En este tiempo buscavan"
                    HPOS="153"
                    VPOS="2106"
                    WIDTH="492"
                    HEIGHT="65"></String>
          </TextLine>

          
          
          <TextLine ID="eSc_line_ad86c478"
                    TAGREFS="LT482"
                    BASELINE="153 2206 630 2202" 
                    HPOS="151"
                    VPOS="2159"
                    WIDTH="479"
                    HEIGHT="63">
            <Shape><Polygon POINTS="153 2206 153 2222 628 2222 630 2202 623 2159 151 2162 153 2206"/></Shape>
	    <String CONTENT="en casa de un cavallero"
                    HPOS="151"
                    VPOS="2159"
                    WIDTH="479"
                    HEIGHT="63"></String>
          </TextLine>

          
          
          <TextLine ID="eSc_line_874f9204"
                    TAGREFS="LT482"
                    BASELINE="153 2255 565 2255" 
                    HPOS="153"
                    VPOS="2208"
                    WIDTH="412"
                    HEIGHT="65">
            <Shape><Polygon POINTS="153 2255 153 2273 565 2273 565 2255 565 2215 153 2208 153 2255"/></Shape>
	    <String CONTENT="una ama para criar:"
                    HPOS="153"
                    VPOS="2208"
                    WIDTH="412"
                    HEIGHT="65"></String>
          </TextLine>

          
          
          <TextLine ID="eSc_line_b19928ce"
                    TAGREFS="LT482"
                    BASELINE="158 2304 701 2309" 
                    HPOS="155"
                    VPOS="2262"
                    WIDTH="546"
                    HEIGHT="71">
            <Shape><Polygon POINTS="158 2304 155 2320 178 2331 180 2331 182 2331 391 2322 445 2333 447 2333 699 2322 701 2309 701 2264 158 2262 158 2304"/></Shape>
	    <String CONTENT="súpolo, y se ofreció á ello."
                    HPOS="155"
                    VPOS="2262"
                    WIDTH="546"
                    HEIGHT="71"></String>
          </TextLine>

          
          
          <TextLine ID="eSc_line_75852a73"
                    TAGREFS="LT482"
                    BASELINE="151 2358 603 2364" 
                    HPOS="149"
                    VPOS="2306"
                    WIDTH="454"
                    HEIGHT="147">
            <Shape><Polygon POINTS="149 2442 334 2451 336 2451 338 2451 385 2438 405 2433 425 2438 478 2453 481 2453 483 2453 485 2453 487 2453 487 2451 503 2435 601 2433 603 2364 603 2324 316 2322 307 2311 305 2311 305 2309 302 2309 300 2309 298 2309 273 2311 200 2317 153 2306 151 2358 149 2442"/></Shape>
	    <String CONTENT="La recibieron gustosos,"
                    HPOS="149"
                    VPOS="2306"
                    WIDTH="454"
                    HEIGHT="147"></String>
          </TextLine>

          
        </TextBlock>
        
        <TextBlock HPOS="872"
                   VPOS="309"
                   WIDTH="747"
                   HEIGHT="2098"
                   ID="block_0"
                   TAGREFS="BT1296">
          <Shape><Polygon POINTS="1619 321 1616 2311 1466 2349 1379 2407 872 2407 872 309"/></Shape>
          
          
          <TextLine ID="eSc_line_2c9ebde6"
                    TAGREFS="LT482"
                    BASELINE="906 345 1385 349" 
                    HPOS="904"
                    VPOS="320"
                    WIDTH="481"
                    HEIGHT="54">
            <Shape><Polygon POINTS="1374 320 1351 320 1329 320 1307 320 1284 320 1262 320 1240 320 1218 320 1195 320 1173 320 1151 320 1129 320 1106 320 1084 320 1062 320 1040 322 1017 325 995 327 973 329 950 331 928 334 906 336 906 345 904 358 1220 374 1222 374 1382 362 1385 349 1382 320 1374 320"/></Shape>
	    <String CONTENT="viendo primor, y aseo:"
                    HPOS="904"
                    VPOS="320"
                    WIDTH="481"
                    HEIGHT="54"></String>
          </TextLine>

          
          
          <TextLine ID="eSc_line_306bf35f"
                    TAGREFS="LT482"
                    BASELINE="906 398 1536 403" 
                    HPOS="904"
                    VPOS="354"
                    WIDTH="632"
                    HEIGHT="60">
            <Shape><Polygon POINTS="1529 365 1507 362 1485 360 1463 358 1440 356 1438 354 906 358 906 398 904 409 1532 414 1536 403 1532 365 1529 365"/></Shape>
	    <String CONTENT="vino, por su desgracia, un dia"
                    HPOS="904"
                    VPOS="354"
                    WIDTH="632"
                    HEIGHT="60"></String>
          </TextLine>

          
          
          <TextLine ID="eSc_line_8e9162f2"
                    TAGREFS="LT482"
                    BASELINE="906 452 1382 452" 
                    HPOS="906"
                    VPOS="409"
                    WIDTH="476"
                    HEIGHT="54">
            <Shape><Polygon POINTS="906 452 906 463 1382 463 1382 452 1380 409 906 411 906 452"/></Shape>
	    <String CONTENT="una visita, y queriendo"
                    HPOS="906"
                    VPOS="409"
                    WIDTH="476"
                    HEIGHT="54"></String>
          </TextLine>

          
          
          <TextLine ID="eSc_line_ab384a5d"
                    TAGREFS="LT482"
                    BASELINE="899 496 1389 503" 
                    HPOS="897"
                    VPOS="452"
                    WIDTH="492"
                    HEIGHT="69">
            <Shape><Polygon POINTS="1322 454 1307 454 1289 465 1249 454 1233 454 1215 454 1198 465 1120 465 1111 454 1100 454 1077 454 1066 458 1064 456 1062 454 1055 454 1033 454 1011 454 988 454 966 454 957 454 899 456 899 496 897 509 1385 521 1389 503 1385 452 1340 463 1325 454 1322 454"/></Shape>
	    <String CONTENT="la tal señora, que vino,"
                    HPOS="897"
                    VPOS="452"
                    WIDTH="492"
                    HEIGHT="69"></String>
          </TextLine>

          
          
          <TextLine ID="eSc_line_3743a71e"
                    TAGREFS="LT482"
                    BASELINE="901 549 1447 554" 
                    HPOS="899"
                    VPOS="501"
                    WIDTH="548"
                    HEIGHT="71">
            <Shape><Polygon POINTS="901 549 899 558 1443 572 1447 554 1445 516 1022 503 1019 503 1015 503 968 512 901 501 901 549"/></Shape>
	    <String CONTENT="vér el ama, y vér su aseo,"
                    HPOS="899"
                    VPOS="501"
                    WIDTH="548"
                    HEIGHT="71"></String>
          </TextLine>

          
          
          <TextLine ID="eSc_line_343c1d37"
                    TAGREFS="LT482"
                    BASELINE="908 601 1380 605" 
                    HPOS="906"
                    VPOS="556"
                    WIDTH="474"
                    HEIGHT="60">
            <Shape><Polygon POINTS="908 601 906 616 1378 616 1380 605 1378 561 908 556 908 601"/></Shape>
	    <String CONTENT="por noticias, que tenia,"
                    HPOS="906"
                    VPOS="556"
                    WIDTH="474"
                    HEIGHT="60"></String>
          </TextLine>

          
          
          <TextLine ID="eSc_line_345a20c1"
                    TAGREFS="LT482"
                    BASELINE="901 647 1425 656" 
                    HPOS="899"
                    VPOS="603"
                    WIDTH="526"
                    HEIGHT="65">
            <Shape><Polygon POINTS="1369 605 1347 605 1325 605 1302 605 1280 605 1258 605 1235 605 1213 605 1191 605 1169 605 1146 605 1135 603 901 603 901 647 899 659 1420 668 1425 656 1423 603 1369 603 1369 605"/></Shape>
	    <String CONTENT="llamáronla, y vino luego;"
                    HPOS="899"
                    VPOS="603"
                    WIDTH="526"
                    HEIGHT="65"></String>
          </TextLine>

          
          
          <TextLine ID="eSc_line_92edf5d9"
                    TAGREFS="LT482"
                    BASELINE="901 696 1472 705" 
                    HPOS="899"
                    VPOS="654"
                    WIDTH="573"
                    HEIGHT="74">
            <Shape><Polygon POINTS="1414 656 1391 656 1369 656 1347 656 1325 656 1302 656 1280 654 1258 654 1235 654 1213 654 1191 654 1169 654 901 654 901 696 899 712 1186 725 1189 725 1302 716 1309 716 1311 716 1325 728 1327 728 1329 728 1331 728 1469 716 1472 705 1472 654 1414 654 1414 656"/></Shape>
	    <String CONTENT="mas al entrar por la puerta,"
                    HPOS="899"
                    VPOS="654"
                    WIDTH="573"
                    HEIGHT="74"></String>
          </TextLine>

          
          
          <TextLine ID="eSc_line_b6178c5f"
                    TAGREFS="LT482"
                    BASELINE="904 745 1362 754" 
                    HPOS="901"
                    VPOS="703"
                    WIDTH="461"
                    HEIGHT="67">
            <Shape><Polygon POINTS="904 745 901 761 1358 770 1362 754 1360 712 904 703 904 745"/></Shape>
	    <String CONTENT="casi le faltó el aliento:"
                    HPOS="901"
                    VPOS="703"
                    WIDTH="461"
                    HEIGHT="67"></String>
          </TextLine>

          
          
          <TextLine ID="eSc_line_4b3ec2b2"
                    TAGREFS="LT482"
                    BASELINE="908 803 1458 803" 
                    HPOS="908"
                    VPOS="754"
                    WIDTH="550"
                    HEIGHT="74">
            <Shape><Polygon POINTS="908 803 908 828 1458 828 1458 803 1458 765 908 754 908 803"/></Shape>
	    <String CONTENT="quedóse un poco suspensa;"
                    HPOS="908"
                    VPOS="754"
                    WIDTH="550"
                    HEIGHT="74"></String>
          </TextLine>

          
          
          <TextLine ID="eSc_line_e0e9bb83"
                    TAGREFS="LT482"
                    BASELINE="908 857 1443 852" 
                    HPOS="906"
                    VPOS="812"
                    WIDTH="537"
                    HEIGHT="67">
            <Shape><Polygon POINTS="908 857 908 879 1440 875 1443 852 1438 814 906 812 908 857"/></Shape>
	    <String CONTENT="preguntáronle: que es eso,"
                    HPOS="906"
                    VPOS="812"
                    WIDTH="537"
                    HEIGHT="67"></String>
          </TextLine>

          
          
          <TextLine ID="eSc_line_942cffb3"
                    TAGREFS="LT482"
                    BASELINE="901 901 1394 897" 
                    HPOS="899"
                    VPOS="855"
                    WIDTH="495"
                    HEIGHT="69">
            <Shape><Polygon POINTS="901 901 901 924 1391 921 1394 897 1387 855 899 863 901 901"/></Shape>
	    <String CONTENT="doña Elena? Que teneis?"
                    HPOS="899"
                    VPOS="855"
                    WIDTH="495"
                    HEIGHT="69"></String>
          </TextLine>

          
          
          <TextLine ID="eSc_line_e5fba21c"
                    TAGREFS="LT482"
                    BASELINE="899 953 1594 953" 
                    HPOS="899"
                    VPOS="910"
                    WIDTH="695"
                    HEIGHT="63">
            <Shape><Polygon POINTS="899 953 899 973 1594 970 1594 953 1594 912 899 910 899 953"/></Shape>
	    <String CONTENT="No habeis visto en vuestros tiempos"
                    HPOS="899"
                    VPOS="910"
                    WIDTH="695"
                    HEIGHT="63"></String>
          </TextLine>

          
          
          <TextLine ID="eSc_line_5e65369e"
                    TAGREFS="LT482"
                    BASELINE="899 1002 1358 1002" 
                    HPOS="899"
                    VPOS="961"
                    WIDTH="459"
                    HEIGHT="56">
            <Shape><Polygon POINTS="899 1002 899 1017 1358 1017 1358 1002 1356 961 899 964 899 1002"/></Shape>
	    <String CONTENT="aderezos, joyas, galas"
                    HPOS="899"
                    VPOS="961"
                    WIDTH="459"
                    HEIGHT="56"></String>
          </TextLine>

          
          
          <TextLine ID="eSc_line_ac47c995"
                    TAGREFS="LT482"
                    BASELINE="899 1050 1427 1046" 
                    HPOS="897"
                    VPOS="1006"
                    WIDTH="530"
                    HEIGHT="62">
            <Shape><Polygon POINTS="899 1050 899 1068 1425 1068 1427 1046 1423 1008 906 1006 904 1006 901 1006 899 1006 899 1008 897 1008 899 1050"/></Shape>
	    <String CONTENT="de estimacion y de precio?"
                    HPOS="897"
                    VPOS="1006"
                    WIDTH="530"
                    HEIGHT="62"></String>
          </TextLine>

          
          
          <TextLine ID="eSc_line_33bfe839"
                    TAGREFS="LT482"
                    BASELINE="901 1099 1474 1104" 
                    HPOS="899"
                    VPOS="1055"
                    WIDTH="575"
                    HEIGHT="69">
            <Shape><Polygon POINTS="901 1099 899 1120 1469 1124 1474 1104 1469 1057 1273 1066 901 1055 901 1099"/></Shape>
	    <String CONTENT="Respondió un poco turbada:"
                    HPOS="899"
                    VPOS="1055"
                    WIDTH="575"
                    HEIGHT="69"></String>
          </TextLine>

          
          
          <TextLine ID="eSc_line_ad441ff9"
                    TAGREFS="LT482"
                    BASELINE="901 1151 1365 1155" 
                    HPOS="899"
                    VPOS="1113"
                    WIDTH="466"
                    HEIGHT="51">
            <Shape><Polygon POINTS="901 1151 899 1164 1362 1164 1365 1155 1362 1117 901 1113 901 1151"/></Shape>
	    <String CONTENT="señora, no las que veo"
                    HPOS="899"
                    VPOS="1113"
                    WIDTH="466"
                    HEIGHT="51"></String>
          </TextLine>

          
          
          <TextLine ID="eSc_line_2aa4c912"
                    TAGREFS="LT482"
                    BASELINE="901 1200 1398 1204" 
                    HPOS="899"
                    VPOS="1153"
                    WIDTH="499"
                    HEIGHT="71">
            <Shape><Polygon POINTS="1347 1155 1325 1155 1302 1155 1280 1155 1273 1155 1264 1164 1213 1155 1191 1155 1169 1155 1146 1155 1138 1153 901 1157 901 1200 899 1213 1394 1224 1398 1204 1396 1153 1347 1153 1347 1155"/></Shape>
	    <String CONTENT="tan solo me dan cuidado,"
                    HPOS="899"
                    VPOS="1153"
                    WIDTH="499"
                    HEIGHT="71"></String>
          </TextLine>

          
          
          <TextLine ID="eSc_line_362eaa3e"
                    TAGREFS="LT482"
                    BASELINE="899 1253 1440 1258" 
                    HPOS="897"
                    VPOS="1206"
                    WIDTH="543"
                    HEIGHT="74">
            <Shape><Polygon POINTS="899 1253 897 1271 1436 1280 1440 1258 1438 1215 899 1206 899 1253"/></Shape>
	    <String CONTENT="sino es otras, que yo creo,"
                    HPOS="897"
                    VPOS="1206"
                    WIDTH="543"
                    HEIGHT="74"></String>
          </TextLine>

          
          
          <TextLine ID="eSc_line_113a1763"
                    TAGREFS="LT482"
                    BASELINE="901 1302 1296 1300" 
                    HPOS="899"
                    VPOS="1266"
                    WIDTH="397"
                    HEIGHT="56">
            <Shape><Polygon POINTS="901 1302 901 1322 1293 1320 1296 1300 1291 1266 899 1266 901 1302"/></Shape>
	    <String CONTENT="que la señora posee"
                    HPOS="899"
                    VPOS="1266"
                    WIDTH="397"
                    HEIGHT="56"></String>
          </TextLine>

          
          
          <TextLine ID="eSc_line_cbe992e5"
                    TAGREFS="LT482"
                    BASELINE="897 1353 1400 1353" 
                    HPOS="897"
                    VPOS="1313"
                    WIDTH="503"
                    HEIGHT="54">
            <Shape><Polygon POINTS="897 1353 897 1367 1400 1367 1400 1353 1400 1313 897 1313 897 1353"/></Shape>
	    <String CONTENT="de mas sublimado precio."
                    HPOS="897"
                    VPOS="1313"
                    WIDTH="503"
                    HEIGHT="54"></String>
          </TextLine>

          
          
          <TextLine ID="eSc_line_2cfc87dd"
                    TAGREFS="LT482"
                    BASELINE="897 1405 1362 1405" 
                    HPOS="897"
                    VPOS="1358"
                    WIDTH="465"
                    HEIGHT="71">
            <Shape><Polygon POINTS="897 1405 897 1420 1360 1429 1362 1405 1362 1364 897 1358 897 1405"/></Shape>
	    <String CONTENT="Dióse por desentendida,"
                    HPOS="897"
                    VPOS="1358"
                    WIDTH="465"
                    HEIGHT="71"></String>
          </TextLine>

          
          
          <TextLine ID="eSc_line_ea8c81c4"
                    TAGREFS="LT482"
                    BASELINE="901 1458 1440 1458" 
                    HPOS="901"
                    VPOS="1407"
                    WIDTH="539"
                    HEIGHT="69">
            <Shape><Polygon POINTS="901 1458 901 1476 1440 1474 1440 1458 1438 1407 901 1411 901 1458"/></Shape>
	    <String CONTENT="y con sigilo á un mancebo,"
                    HPOS="901"
                    VPOS="1407"
                    WIDTH="539"
                    HEIGHT="69"></String>
          </TextLine>

          
          
          <TextLine ID="eSc_line_373c5ae5"
                    TAGREFS="LT482"
                    BASELINE="899 1503 1472 1507" 
                    HPOS="897"
                    VPOS="1456"
                    WIDTH="575"
                    HEIGHT="69">
            <Shape><Polygon POINTS="1434 1460 1411 1460 1329 1467 1262 1460 1256 1460 1233 1460 1211 1460 1189 1460 1173 1460 1169 1462 1164 1460 1144 1460 1131 1460 1115 1465 899 1465 899 1503 897 1514 1467 1525 1472 1507 1467 1456 1434 1458 1434 1460"/></Shape>
	    <String CONTENT="que estava sirviendo en casa,"
                    HPOS="897"
                    VPOS="1456"
                    WIDTH="575"
                    HEIGHT="69"></String>
          </TextLine>

          
          
          <TextLine ID="eSc_line_e01727f9"
                    TAGREFS="LT482"
                    BASELINE="895 1554 1365 1558" 
                    HPOS="893"
                    VPOS="1505"
                    WIDTH="472"
                    HEIGHT="71">
            <Shape><Polygon POINTS="895 1554 893 1563 957 1576 959 1576 1362 1567 1365 1558 1365 1518 895 1505 895 1554"/></Shape>
	    <String CONTENT="le sobornó con dineros,"
                    HPOS="893"
                    VPOS="1505"
                    WIDTH="472"
                    HEIGHT="71"></String>
          </TextLine>

          
          
          <TextLine ID="eSc_line_d52d6170"
                    TAGREFS="LT482"
                    BASELINE="895 1600 1318 1607" 
                    HPOS="893"
                    VPOS="1563"
                    WIDTH="425"
                    HEIGHT="62">
            <Shape><Polygon POINTS="895 1600 893 1616 899 1623 899 1625 901 1625 904 1625 906 1625 1316 1623 1318 1607 1316 1567 895 1563 895 1600"/></Shape>
	    <String CONTENT="solo porque le dijera,"
                    HPOS="893"
                    VPOS="1563"
                    WIDTH="425"
                    HEIGHT="62"></String>
          </TextLine>

          
          
          <TextLine ID="eSc_line_a96e210d"
                    TAGREFS="LT482"
                    BASELINE="893 1656 1449 1656" 
                    HPOS="893"
                    VPOS="1607"
                    WIDTH="556"
                    HEIGHT="67">
            <Shape><Polygon POINTS="893 1656 893 1674 1449 1667 1449 1656 1449 1614 893 1607 893 1656"/></Shape>
	    <String CONTENT="muger de quien era el bello"
                    HPOS="893"
                    VPOS="1607"
                    WIDTH="556"
                    HEIGHT="67"></String>
          </TextLine>

          
          
          <TextLine ID="eSc_line_4642c2e0"
                    TAGREFS="LT482"
                    BASELINE="897 1707 1405 1707" 
                    HPOS="897"
                    VPOS="1663"
                    WIDTH="508"
                    HEIGHT="69">
            <Shape><Polygon POINTS="897 1707 897 1732 1405 1723 1405 1707 1403 1663 897 1663 897 1707"/></Shape>
	    <String CONTENT="prodigio de aquella dama,"
                    HPOS="897"
                    VPOS="1663"
                    WIDTH="508"
                    HEIGHT="69"></String>
          </TextLine>

          
          
          <TextLine ID="eSc_line_371aefc8"
                    TAGREFS="LT482"
                    BASELINE="897 1754 1429 1759" 
                    HPOS="895"
                    VPOS="1712"
                    WIDTH="534"
                    HEIGHT="69">
            <Shape><Polygon POINTS="897 1754 895 1770 908 1779 910 1779 913 1779 915 1779 1080 1772 1124 1770 1425 1781 1429 1759 1425 1712 897 1714 897 1754"/></Shape>
	    <String CONTENT="que el vestido traia puesto."
                    HPOS="895"
                    VPOS="1712"
                    WIDTH="534"
                    HEIGHT="69"></String>
          </TextLine>

          
          
          <TextLine ID="eSc_line_d4f5cfc2"
                    TAGREFS="LT482"
                    BASELINE="890 1803 1347 1808" 
                    HPOS="888"
                    VPOS="1759"
                    WIDTH="459"
                    HEIGHT="69">
            <Shape><Polygon POINTS="890 1803 888 1814 930 1828 933 1828 935 1828 1345 1821 1347 1808 1347 1770 890 1759 890 1803"/></Shape>
	    <String CONTENT="Dijo el criado: señora,"
                    HPOS="888"
                    VPOS="1759"
                    WIDTH="459"
                    HEIGHT="69"></String>
          </TextLine>

          
          
          <TextLine ID="eSc_line_277861e9"
                    TAGREFS="LT482"
                    BASELINE="893 1854 1452 1859" 
                    HPOS="890"
                    VPOS="1814"
                    WIDTH="562"
                    HEIGHT="58">
            <Shape><Polygon POINTS="893 1854 890 1865 1447 1872 1452 1859 1449 1819 893 1814 893 1854"/></Shape>
	    <String CONTENT="usted tenga por muy cierto,"
                    HPOS="890"
                    VPOS="1814"
                    WIDTH="562"
                    HEIGHT="58"></String>
          </TextLine>

          
          
          <TextLine ID="eSc_line_f2d42ed0"
                    TAGREFS="LT482"
                    BASELINE="895 1906 1532 1910" 
                    HPOS="893"
                    VPOS="1865"
                    WIDTH="639"
                    HEIGHT="65">
            <Shape><Polygon POINTS="895 1906 893 1930 1529 1930 1532 1910 1532 1870 895 1865 895 1906"/></Shape>
	    <String CONTENT="que es muger de don Francisco,"
                    HPOS="893"
                    VPOS="1865"
                    WIDTH="639"
                    HEIGHT="65"></String>
          </TextLine>

          
          
          <TextLine ID="eSc_line_0f16a83e"
                    TAGREFS="LT482"
                    BASELINE="893 1955 1345 1959" 
                    HPOS="890"
                    VPOS="1917"
                    WIDTH="455"
                    HEIGHT="60">
            <Shape><Polygon POINTS="893 1955 890 1970 1340 1977 1345 1959 1342 1921 893 1917 893 1955"/></Shape>
	    <String CONTENT="un principal cavallero,"
                    HPOS="890"
                    VPOS="1917"
                    WIDTH="455"
                    HEIGHT="60"></String>
          </TextLine>

          
          
          <TextLine ID="eSc_line_13f225bf"
                    TAGREFS="LT482"
                    BASELINE="897 2008 1485 2008" 
                    HPOS="897"
                    VPOS="1957"
                    WIDTH="588"
                    HEIGHT="69">
            <Shape><Polygon POINTS="1253 1959 1231 1959 1209 1959 1186 1959 1164 1959 1151 1959 1133 1970 1011 1959 1008 1959 1006 1959 1004 1959 991 1972 897 1972 897 2008 897 2021 1483 2026 1485 2008 1485 1970 1454 1957 1452 1957 1449 1957 1298 1970 1276 1959 1253 1959"/></Shape>
	    <String CONTENT="que vive en tal calle, y casa."
                    HPOS="897"
                    VPOS="1957"
                    WIDTH="588"
                    HEIGHT="69"></String>
          </TextLine>

          
          
          <TextLine ID="eSc_line_4b5f68d3"
                    TAGREFS="LT482"
                    BASELINE="897 2055 1394 2061" 
                    HPOS="895"
                    VPOS="2010"
                    WIDTH="499"
                    HEIGHT="63">
            <Shape><Polygon POINTS="1140 2010 1084 2021 1077 2021 1073 2021 1042 2010 1031 2010 1008 2010 1004 2010 897 2017 897 2055 895 2070 1389 2073 1394 2061 1391 2026 1142 2010 1140 2010"/></Shape>
	    <String CONTENT="Tomó las señas, y luego"
                    HPOS="895"
                    VPOS="2010"
                    WIDTH="499"
                    HEIGHT="63"></String>
          </TextLine>

          
          
          <TextLine ID="eSc_line_2cb15504"
                    TAGREFS="LT482"
                    BASELINE="893 2104 1365 2110" 
                    HPOS="890"
                    VPOS="2057"
                    WIDTH="475"
                    HEIGHT="67">
            <Shape><Polygon POINTS="1329 2061 1327 2061 1240 2070 1222 2073 1204 2070 1144 2059 1142 2059 1140 2059 1120 2068 1113 2070 1086 2068 1006 2057 1004 2057 1002 2057 986 2066 979 2068 893 2064 893 2104 890 2117 1360 2124 1365 2110 1365 2073 1331 2061 1329 2061"/></Shape>
	    <String CONTENT="dijo á su señora un dia,"
                    HPOS="890"
                    VPOS="2057"
                    WIDTH="475"
                    HEIGHT="67"></String>
          </TextLine>

          
          
          <TextLine ID="eSc_line_05e24fdd"
                    TAGREFS="LT482"
                    BASELINE="888 2155 1396 2159" 
                    HPOS="886"
                    VPOS="2110"
                    WIDTH="510"
                    HEIGHT="61">
            <Shape><Polygon POINTS="888 2155 886 2168 1391 2171 1396 2159 1391 2110 888 2117 888 2155"/></Shape>
	    <String CONTENT="como al descuydo: deseo"
                    HPOS="886"
                    VPOS="2110"
                    WIDTH="510"
                    HEIGHT="61"></String>
          </TextLine>

          
          
          <TextLine ID="eSc_line_c356810c"
                    TAGREFS="LT482"
                    BASELINE="888 2206 1411 2215" 
                    HPOS="886"
                    VPOS="2157"
                    WIDTH="525"
                    HEIGHT="74">
            <Shape><Polygon POINTS="1280 2159 1278 2159 1258 2162 1207 2173 1113 2164 1033 2157 1031 2157 1028 2157 1026 2157 1015 2166 1011 2168 888 2168 888 2206 886 2215 1407 2231 1411 2215 1407 2162 1333 2173 1293 2162 1282 2159 1280 2159"/></Shape>
	    <String CONTENT="tengo de ver á una amiga,"
                    HPOS="886"
                    VPOS="2157"
                    WIDTH="525"
                    HEIGHT="74"></String>
          </TextLine>

          
          
          <TextLine ID="eSc_line_df31dbeb"
                    TAGREFS="LT482"
                    BASELINE="890 2262 1445 2262" 
                    HPOS="890"
                    VPOS="2211"
                    WIDTH="555"
                    HEIGHT="69">
            <Shape><Polygon POINTS="1066 2211 1064 2211 1031 2222 995 2211 993 2211 991 2211 988 2211 944 2222 913 2211 910 2211 908 2211 906 2211 904 2211 890 2219 890 2262 890 2280 1445 2273 1445 2262 1445 2224 1068 2211 1066 2211"/></Shape>
	    <String CONTENT="que de mi no sabe, y creo,"
                    HPOS="890"
                    VPOS="2211"
                    WIDTH="555"
                    HEIGHT="69"></String>
          </TextLine>

          
          
          <TextLine ID="eSc_line_de0e4d38"
                    TAGREFS="LT482"
                    BASELINE="888 2313 1498 2309" 
                    HPOS="886"
                    VPOS="2264"
                    WIDTH="612"
                    HEIGHT="69">
            <Shape><Polygon POINTS="1264 2264 1242 2264 1220 2264 1198 2264 1175 2264 1162 2264 886 2273 888 2313 888 2333 1496 2333 1498 2309 1494 2273 1273 2264 1264 2264"/></Shape>
	    <String CONTENT="que se ha de alegrar en verme,"
                    HPOS="886"
                    VPOS="2264"
                    WIDTH="612"
                    HEIGHT="69"></String>
          </TextLine>

          
          
          <TextLine ID="eSc_line_43b1f17f"
                    TAGREFS="LT482"
                    BASELINE="886 2373 986 2362 1354 2366" 
                    HPOS="884"
                    VPOS="2317"
                    WIDTH="470"
                    HEIGHT="127">
            <Shape><Polygon POINTS="1173 2362 1151 2360 1129 2360 1106 2360 1084 2360 1062 2360 1040 2360 1017 2360 995 2355 982 2333 946 2320 944 2320 942 2320 939 2320 937 2320 924 2333 899 2322 897 2322 895 2322 893 2322 890 2322 886 2324 886 2373 884 2444 935 2444 935 2442 937 2442 939 2442 939 2440 953 2429 1008 2438 1035 2442 1037 2442 1040 2442 1042 2442 1048 2438 1062 2427 1084 2435 1100 2442 1102 2442 1104 2444 1142 2444 1142 2442 1144 2442 1146 2442 1146 2440 1155 2433 1160 2427 1173 2433 1191 2440 1193 2440 1195 2440 1244 2429 1247 2429 1249 2429 1262 2442 1264 2442 1267 2442 1269 2442 1271 2442 1273 2442 1273 2440 1287 2429 1289 2427 1351 2427 1354 2366 1354 2333 1329 2317 1327 2317 1325 2317 1322 2317 1184 2333 1173 2362"/></Shape>
	    <String CONTENT="y así señora, pretendo,"
                    HPOS="884"
                    VPOS="2317"
                    WIDTH="470"
                    HEIGHT="127"></String>
          </TextLine>

          
        </TextBlock>
        
        <TextBlock HPOS="1471"
                   VPOS="2366"
                   WIDTH="83"
                   HEIGHT="71"
                   ID="block_2"
                   TAGREFS="BT1302">
          <Shape><Polygon POINTS="1554 2366 1554 2437 1471 2437 1471 2366"/></Shape>
          
          
          <TextLine ID="eSc_line_5df99c63"
                    TAGREFS="LT482"
                    BASELINE="1494 2413 1532 2416" 
                    HPOS="1487"
                    VPOS="2371"
                    WIDTH="42"
                    HEIGHT="73">
            <Shape><Polygon POINTS="1492 2411 1487 2444 1525 2444 1529 2415 1529 2371 1494 2371 1492 2411"/></Shape>
	    <String CONTENT="el"
                    HPOS="1487"
                    VPOS="2371"
                    WIDTH="42"
                    HEIGHT="73"></String>
          </TextLine>

          
        </TextBlock>
        

        
      </PrintSpace>
    </Page>
  </Layout>
</alto>
