1936 2759
243 223 511 82 Mucho siente la prision

190 289 490 60 aquel que ha sido leal,

197 342 508 60 que le paguen el cariño

188 390 573 76 con una grande impiedad.

236 459 462 95 Señora, con tu favor

190 524 465 80 pagame mi voluntad,

190 588 605 74 mira, que si es al contrario,

183 634 456 85 el mundo te culpará.

232 719 508 85 Me quejaré de tu cielo,

183 774 568 83 dandole dos mil querellas,

188 827 637 81 à los montes, y à los campos,

183 880 596 94 à los prados, y a las selvas.

232 963 586 94 A las plantas, y á las aves,

183 1030 525 73 à los Signos, y Planetas,

183 1080 440 76 y todos te culparán,

188 1142 602 78 porque no tienes clemencia.

1000 239 611 87 Mal haya quien quiere bien,

958 296 506 74 y quien pone su aficion

954 354 593 66 en quien no le corresponde

951 390 561 88 á un ardimiento de amor.

993 471 531 103 No me despido, Señora,

951 547 603 73 de tu hermosura, y belleza;

951 597 426 69 para morir, ó vivir

947 643 561 81 solo aguardo tu respuesta.

993 721 582 104 A Dios, dueño de mi vida,

945 790 563 79 à Dios, hechizo del alma,

945 843 579 78 à Dios, norte de mi amor,

942 889 639 90 à Dios, mar de mi esperanza.

986 981 561 85 No te puedo escribir mas,

942 1050 639 71 porque se me abrasa el pecho

938 1101 540 66 en los ardientes volcanes

938 1142 533 88 del fuego de mis recelos,

565 1418 690 147 SATIRA

379 1538 1078 142 GRACIOSA, Y ENTRETENIDA.

181 1722 591 126 QUe trate yo à mi muger

305 1781 589 88 conforme á mi estado, y ser,

236 1832 552 87 y la quiera como á mi;

165 1873 451 99 bueno; eso si, si, si.

216 1972 646 92 Mas porque mucho la quiera;

165 2023 586 85 se muestre muy bachillera,

167 2080 545 83 y mande mas que no yo;

167 2135 490 85 palo; eso no, no, no.

211 2211 619 108 Que yo su esclavo me llame,

163 2273 531 113 y como á esposa la ame,

928 1735 499 90 pues para tal la escogí;

935 1797 653 90 que me place; aqueso si, si, si.

974 1876 495 98 Pero que salga galana,

922 1945 563 78 oy bien, y mejor mañana,

912 2002 566 78 con ropa que otro le dió;

919 2050 492 88 malo; eso no, no, no.

970 2108 568 119 Que se vaya á la comedia,

926 2195 531 78 y que yo pague por ella,

922 2250 480 72 y se siente junto á mi;

919 2301 453 90 bueno; eso si, si, si.

1471 2342 117 102 Pero
