1920 2688
145 197 531 65 los ojos vertiendo perlas

145 237 551 63 en conchas de fino nacar,

145 282 547 76 me dijo: Ya soy dichosa,

150 338 560 74 que tu valor me restaura,

147 385 531 74 que te consideré muerto

147 432 534 72 á manos de la desgracia.

154 490 511 63 Y yo en ver su rosiclèr,

147 526 569 78 la dije: Quien fué la causa

145 584 576 76 de que tan divino Archivo

147 624 592 90 esté en Ciudad tan. villana?

154 689 482 59 Y ella dijo: Caballero,

145 736 522 68 si nobleza te acompaña,

147 784 659 69 me has de conceder dos cosas,

154 831 717 80 que ambas á dos son muy llanas:

152 889 482 67 La primera, no saber

150 927 649 81 mi Reyno, orígen, ni Patria;

147 987 572 77 y la segunda, á su tiempo

147 1037 435 71 será de tí coronada,

156 1090 529 70 y para saber mi historia,

154 1137 522 68 mi sentimiento te habla.

156 1189 491 63 Yo la dije: Bella Irene,

145 1234 511 71 de todo estás otorgada;

150 1279 531 82 y me dice: Has de saber,

145 1328 571 76 que me llamo Fenix Alva,

147 1388 572 70 la opulenta en hermosura,

150 1438 510 71 y de muchos celebrada,

150 1485 468 65 que quizá por ser así,

147 1536 643 63 fué el hado, que así me trata.

154 1583 509 76 Tuve muchos galanteos

147 1630 540 74 de Caballeros, que basta

147 1677 605 74 con decir, que eran espejos

150 1738 584 62 del pundonor de mi Patria.

159 1785 593 76 Y como es razon de estado,

147 1834 464 63 entre nobles estilada,

145 1870 587 81 cifrando mi heroyco estilo,

147 1933 569 71 un Duque me enamoraba,

152 1982 562 78 para ser mi digno esposo;

154 2022 648 88 y mis padres (qué desgracia!)

147 2094 484 63 depusieron contra mi,

150 2128 596 73 diciendo, que no igualaba:

159 2186 546 67 Y yo viendo que mi edad

150 2240 470 114 de madura se pasaba,

914 170 571 71 me enamoré de un criado,

923 224 591 71 Ayo de mi hermana (calla,

918 277 659 65 lengua, que estás balbuciente,

916 322 562 72 no te descubras tus faltas;

918 378 580 72 pero para que lo encubres,

916 418 730 77 si el dolor se arde en las llamas?)

918 474 549 77 Mas dejame que le alabe,

923 526 732 83 que era un pimpollo en fragrancia,

918 577 540 70 un Seneca en discrecion,

923 636 660 71 y un Marte por su arrogancia,

918 680 484 68 que solo á él se rindió

916 728 524 64 de mi hymenéo las aras.

918 779 524 67 Este, viendo que no era

909 831 571 62 igual á mi sangre hidalga,

918 871 650 74 me dijo, (ay Dios!) si queria

914 929 519 65 irme con él á su Patria;

918 976 531 74 y yo, como estaba ciega

916 1028 481 69 de su bizarría, y gala,

916 1081 551 61 le di dos mil norabuenas,

920 1124 446 78 y robé toda mi casa,

920 1182 529 70 y traje dos mil doblones,

920 1227 610 78 sin las joyas de importancia,

923 1281 539 71 que en pensarlo cada dia

920 1330 558 63 el corazon se me arranca.

923 1375 443 76 Dispusimos el viage,

927 1424 576 76 y con otro en su compaña,

920 1480 522 65 en dos Andaluces, hijos

920 1532 569 58 del Betis, Rio de España,

920 1576 477 68 su valido llevó el oro,

927 1630 639 72 y á mí mi amante á las ancas,

927 1682 455 71 y salimos una noche,

925 1727 549 76 antorcha que nos guiaba,

925 1776 567 76 y como vientos deshechos

929 1827 522 72 los caballos caminaban;

927 1883 475 70 y llegamos á este sitio

925 1921 661 77 á descanzar, (qué desgracia!)

929 1982 460 72 pero si hablo verdad,

929 2036 448 67 tenia sangre villana,

927 2083 410 67 á vista de la vileza

927 2128 509 67 de su orígen ordenada;

925 2177 636 76 que entre los dos dispusieron

925 2235 585 108 de robar mi flor guardada,
