1920 2609
345 165 137 69 6

387 200 545 86 mas despues en sí tornando

389 260 413 81 estas palabras decia:

391 308 526 76 Pago son de mis servicios,

384 365 535 65 Conde, con que os servia;

389 408 554 74 si no me matais, el Conde,

387 471 384 63 bien os aconsejaria.

402 521 509 61 Enviasme á las mis tierras

395 565 476 74 que mi padre me tenia;

400 621 450 74 yo criaré vuestros hijos

393 665 487 65 mejor que la que venia,

395 723 476 77 y os mantendré lealtad,

397 774 566 65 como siempre os mantenia.

397 824 522 67 De morir teneis, Condesa,

400 867 534 74 aun antes que venga el dia.

397 919 603 70 Bien parece, el conde Alarcos,

402 967 487 76 yo ser sola en esta vida,

406 1017 583 85 porque tengo el padre viejo,

397 1076 518 56 mi madre es ya fallecida,

408 1126 498 71 y mataron á mi hermano,

402 1176 535 58 el buen conde don García,

408 1224 537 69 que el Rey lo mandó matar

415 1276 524 74 por miedo que de él tenia.

404 1328 524 63 No me pesa de mi muerte

415 1378 474 76 porque yo morir tenia;

406 1421 505 68 mas me pesa de mis hijos

410 1478 503 67 que pierden mi compañía.

404 1521 530 70 Hacédmelos venir, Conde,

417 1576 439 72 y veréis mi despedida.

413 1619 574 72 No los veréis mas, Condesa,

406 1671 489 74 en dias de vuestra vida;

410 1724 509 78 abrazad á este chiquito,

417 1776 578 65 que aqueste es el que pedia.

413 1824 515 76 Pésame de vos; Condesa,

413 1876 489 69 cuanto pesar me podia;

413 1932 556 59 no os puedo valer, señora,

421 1978 550 72 que mas me va que la vida.

424 2032 415 70 Encomendaos á Dios,

428 2074 506 121 que esto de hacerse tenia.

1050 200 519 71 Dejeisme decir, el Conde,

1048 256 478 70 una oracion que sabía;

1050 308 498 63 decidla presto, Condesa,

1050 354 517 76 antes que se venga el dia.

1048 404 604 74 Presto la habré dicho, Conde,

1056 454 520 72 no estaré una Ave María.

1058 508 585 74 Hincó la rodilla en tierra,

1054 556 513 65 y aquesta oracion decia:

1061 613 519 65 En las tus manos, Señor,

1061 665 482 61 encomiendo el alma mia.

1056 710 596 66 No me juzgueis mis pecados,

1054 758 470 79 segun que yo merecia;

1061 813 524 65 mas segun tu gran piedad

1067 867 428 72 y la tu gracia infinita.

1065 919 565 65 Acabada es ya, buen Conde,

1063 971 485 55 la oracion que yo sabia:

1063 1010 506 77 abrazaros quiero, Conde,

1074 1065 506 69 por el amor que os tenia.

1067 1113 474 63 Encomiéndoos esos hijos

1074 1161 500 73 que entre vos y mí habia;

1071 1217 470 74 y rogad á Dios por mí,

1067 1261 522 69 mientras tuviérades vida,

1071 1315 596 76 que á ello sois obligado,

1074 1365 550 74 pues que sin culpa moria.

1071 1426 485 61 Deisme acá aquese hijo;

1069 1467 487 72 mamará por despedida.

1071 1511 546 71 No le desperteis, Condesa,

1067 1563 552 69 dejadle estar, que dormia,

1054 1615 522 63 sino os demando perdon

1074 1661 519 78 porque se viene ya el dia.

1076 1719 591 63 A vos yo os perdono, Conde,

1076 1771 522 70 por el amor que os tenia;

1065 1821 563 64 mas yo no perdono al Rey,

1071 1871 472 64 ni á la Infanta su hija,

1071 1919 520 66 sino que queden citados

1069 1967 474 70 delante la Alta Justicia;

1085 2021 463 74 que allá vayan á juicio

1078 2069 522 189 dentro de los treinta días.
