1936 2651
422 194 218 68 Estrivillo.

156 240 677 73 Si logro la dicha de ser tu marido,

156 291 683 88 tendré mi deseo del todo cumplido.

207 366 524 97 Quiero escribirte una carta

161 448 544 71 con la sangre de mis venas;

170 505 506 67 porque sepas, dueño mio,

165 547 520 82 que yo te adoro de veras.

430 594 219 70 Estrivillo.

163 638 707 77 La respuesta darás, prenda amada;

167 700 732 68 pues eres del mundo la mas estimada.

212 764 506 99 Con letras de plata y oro

167 857 608 64 pondré á tu puerta un letrero;

172 903 539 66 porque sepa todo el mundo

163 952 495 66 soy tu amante verdadero.

428 996 219 75 Estrivillo.

165 1040 665 80 Que si llegare algun pretendiente,

163 1102 685 77 sirva de aviso lo que está presente.

216 1175 542 99 Cuando amanece la aurora,

165 1241 433 77 me retiro de tu calle,

170 1296 470 67 que la cosa de mi gusto

172 1336 586 91 no quiero que otro la guarde.

433 1396 214 73 Estrivillo.

159 1431 707 88 Que el amante que no es receloso,

167 1493 624 86 no es verdadero, sino fabuloso.

218 1557 582 115 Cuando el amante es celoso,

172 1648 413 70 y la dama carecera,

170 1703 400 66 se reviste de coraje,

170 1749 413 75 se derrite como cera.

439 1776 215 90 Estrivillo.

170 1835 568 86 Nuncá fien de tales mujeres,

170 1893 727 86 que están cada dia de mil pareceres.

218 1997 487 75 El que vive enamorado,

170 2043 453 75 ha de vivir con recelo,

179 2098 466 71 que no se bufe la dama

179 2156 446 64 el amigo ó compañero.

442 2193 218 66 Estrivillo.

179 2242 748 128 Mas vale ir solo, que no con amigos,

930 187 718 93 porque en ocasiones le son enemigos.

981 287 488 75 A tu garbo y hermosura

930 346 442 64 ninguna puede llegar,

930 402 530 64 y si soy de vuestro gusto,

930 446 480 77 contigo me he de casar.

1193 492 208 71 Estrivillo.

928 545 654 71 Solo espero me dés la respuesta,

932 600 701 76 que yo rondaré vigilante tu puerta.

974 680 497 82 Quiero hacer un corazon

930 735 539 80 de brillantes y esmeraldas,

930 788 484 73 coronado de diamantes,

934 850 553 73 y presentarlo á tus plantas.

1195 890 217 77 Estrivillo.

934 934 659 86 Soy ramillete adornado de flores,

939 996 734 86 y esplico á mi dama mi amor con colores.

983 1100 473 68 Asómate á esa ventana,

937 1153 492 62 si gusto me quieres dar;

939 1195 548 75 que os quiero pedir licencia

939 1250 380 68 para irme á retirar.

1202 1268 223 103 Estrivillo.

937 1340 742 78 La dama ha salido, y dice á su amante,

941 1389 736 95 que tenga paciencia que se irá al instante.

987 1460 429 97 Corazon enternecido,

941 1528 568 93 ¿en qué has venido á parar?

939 1601 519 66 siendo libre estás cautivo,

941 1641 389 84 sin poderte rescatar.

1202 1663 221 106 Estrivillo.

945 1729 736 91 Porque quieres á quien no te quiere,

937 1793 744 100 eso á los hombres por muchos sucede.

1018 1915 595 117 CUARTILLAS DE LA JOTA.

998 2063 511 106 Valencia jardin de flores,

963 2140 471 78 playa de amor deleitoso,

945 2191 520 82 la mapa de la hermosura,

948 2242 408 128 y en todo prodigioso.
