1509 2013
209 107 326 57 Quarto romance.

30 191 497 69 En un aposento á solas,

25 248 522 67 mandó llamar don Rodrigo

28 305 495 62 de siete Iglesias marqués,

28 352 509 69 á su muger y á sus hijos.

25 400 544 68 Hechos sus ojos dos fuentes,

26 457 442 56 ú dos caudalosos rios;

26 506 477 60 desque los tubo delante,

25 548 478 60 de esta manera les dijo:

26 590 496 72 Hoy marquesa doña Inés,

30 642 539 72 quedais viuda y sin marido,

31 697 470 64 vosotros hijos sin padre,

35 746 483 69 yo sin muger y sin hijos.

30 795 567 63 Amparadlos por ser vuestros,

36 847 506 68 y adoradles por ser mios:

35 890 544 77 ya os dejo á mi viejo padre

38 944 576 72 por vuestro amparo y abrigo,

35 991 554 72 que el rey me quita la vida,

33 1040 520 68 segun yo tengo entendido.

31 1093 501 67 De capitan de la guardia

31 1142 507 64 mandó que deje el oficio,

41 1189 521 74 preguntéle al rey la causa,

33 1237 541 73 y él me respondió benigno:

35 1295 471 67 Importa que obedezcais,

33 1333 638 71 haced, Marqués, lo que os digo.

36 1385 496 76 Púseme yo en mi carroza

35 1437 476 72 solo, triste y pensativo,

45 1486 565 74 y encontróme el de Pastraña,

43 1536 411 74 que me dijo al oido:

40 1586 465 68 en los casos de fortuna

40 1632 581 68 se muestra el valor y el brio,

45 1689 505 67 que mata un rey enojado,

43 1736 531 62 mas que un fiero basilisco.

58 1778 601 77 Y estando preso en Montancho,

45 1843 485 62 harto triste y pensativo,

48 1888 477 78 escuché en gran soledad

758 46 504 56 á uno que cantando dijo:

758 92 487 62 Mandaos prender el rey,

760 142 609 59 mas temo que no os han dicho

767 194 510 59 que matasteis á la Reyna;

767 241 505 69 ay Dios que grave delito!

772 288 532 70 Tristes dejasteis los Reynos,

763 342 489 65 tambien al Tercer Filipo,

762 392 453 60 casi despidiera el alma,

762 451 473 57 sino fuera por sus Hijos.

765 491 525 60 Vos dixisteis no lo hicisteis,

758 540 557 60 mas vuestros propios amigos

760 585 569 65 lo que hicisteis y no hicisteis

762 635 496 62 sacan en Palacio á gritos.

762 686 535 58 Perdonad á mi instrumento,

773 729 613 74 porque tan claro os lo ha dicho,

762 785 649 72 mirad que reyna un Rey Quarto,

762 835 564 67 mirad Marqués que os aviso.

763 887 509 57 Esto contó á la Marquesa,

765 931 597 67 el buen Marqués Don Rodrigo.

765 988 550 60 No me repliqueis Marquesa,

772 1038 517 60 que me acortareis los hilos

767 1081 434 64 de mi desdichada vida,

778 1127 524 70 pues mal empleada ha sido.

768 1179 594 69 Id Marquesa á vuestro cuarto,

767 1229 548 74 consolaos con vuestros hijos,

770 1278 480 72 y en señal de paz le dió

768 1328 477 60 un ósculo en su carrillo,

767 1375 559 71 diciendo: A Dios mi Señora,

767 1427 498 62 á Dios, á Dios hijos mios.

770 1474 488 65 Ida que fué la Marquesa,

775 1524 502 74 dijo delante de un Cristo:

775 1581 389 59 Misericordia, Señor,

773 1622 502 67 de aquel triste y afligido,

793 1672 558 72 que pues Vos nos redimisteis,

778 1726 568 100 sed Vos su amparo y abrigo.

1284 1868 132 126 Quin-
