1915 2592
211 184 473 65 no dexaré yo mi Ley,

204 228 575 75 aunque mil vidas perdiera

207 276 604 82 por las riquezas del mundo,

198 317 534 89 ni por gozar tu belleza,

190 365 564 84 ni por todos tus thesoros,

200 420 648 86 y aunque hagas mas promesas

195 472 536 79 nunca dexaré yo mi Ley

193 522 569 81 por seguir essa embustera

191 574 542 75 de este maldito Mahoma

187 619 595 90 à quien teneys por Profeta,

188 675 503 75 y adorays su zancarron

181 717 519 86 allá en la casa de Meca,

187 770 445 76 y esto te lo provare

177 817 677 91 siempre que la prueva quieres;

174 871 631 86 que yo creo en Jesu-Christo,

172 918 535 78 y en la Soberana Reyna;

171 973 679 85 y aunque intentes mas castigos

159 1023 637 82 que en los Mares hay arenas,

157 1072 492 74 nunca dexaré mi Ley,

159 1120 542 79 por seguir tu falsa secta.

155 1164 598 88 La Mora, que aquesto oyó,

152 1213 528 85 desesperada, y resuelta,

148 1265 549 84 rompiendose los vestidos,

141 1317 529 79 tirandose de las trenzas,

142 1370 532 78 y escupiendo basiliscos,

139 1416 536 80 le dize de esta manera:

136 1461 571 88 Atrevido, y vil Christiano

135 1513 499 81 te juro por mi Profeta,

134 1566 576 78 y por el mas alto emisferio

128 1615 523 81 de castigar tu sobervia,

125 1666 601 85 con los mas fuertes castigos

123 1713 521 84 que inventó naturaleza,

110 1762 454 74 y rasgandose la cara

119 1815 579 84 partió con gran diligencia,

108 1863 583 86 fuè donde estava su padre,

115 1915 500 76 y dize de esta manera:

110 1967 454 70 padre de mi corazon

108 2011 520 77 en el jardin de la huerta

105 2060 621 89 esse infame, y vil Christiano

105 2116 409 101 con osadia resuelta

932 200 478 80 atrevido, y denodado

930 252 585 87 quizo violarme por fuerza;

930 305 533 82 no consientas Padre mio

927 349 619 98 que se publique esta afrenta,

925 401 487 87 y se quede sin castigo;

916 453 579 87 porque si queda yo mesma

913 508 683 91 con los dientes, con las manos

909 554 589 86 me mataré en tu presencia.

913 599 553 95 Y el Padre lleno de enojo

906 649 510 91 le dize de esta manera.

899 696 436 84 Hija de mi corazon,

903 750 499 88 te juro por mi Profeta,

900 803 455 79 de castigar su osadia,

894 851 506 85 hasta quedar satistecha.

899 898 501 84 Y llamando sus Criados

889 948 471 85 les dize con aspereza,

889 992 671 106 à esse infame, y vil Christiano,

886 1051 484 83 traedle con diligencia,

880 1100 523 83 y dadle doscientos palos

876 1153 536 88 delante de mi presencia;

876 1202 475 83 obedecieron al punto,

871 1248 572 92 llegan con gran diligencia

868 1300 558 95 donde estava Don Alonso

867 1349 465 80 le maniatan, y llevan

864 1399 529 91 à la presencia del Moro,

868 1457 499 73 y puesto sobre la tierra

853 1496 573 92 le dieron doscientos palos,

864 1549 550 85 y yá por muerto lo dexan

855 1601 617 93 y al instante mandó el Moro,

845 1651 459 82 lleno de colera ciega,

842 1696 670 105 que à una mazmorra lo lleven,

848 1748 554 88 y que lo amarren en élla;

841 1797 506 83 y estando en esta fatiga

831 1848 478 80 decia de esta manera:

835 1890 523 94 Viva la gran Fé de Dios,

829 1944 532 90 y la Virgen Sacra Reyna,

825 1995 512 78 viven los altos misterios

821 2041 524 90 de la Trinidad Suprema,

809 2093 584 91 que yo moriré por mi Ley,

815 2145 559 98 y por mi Madre la Iglesia.

1358 2229 75 69 Ay
