1920 2633
178 200 631 70 Tomóle al ombro el Gigante,

124 251 534 69 dixo llegando al medio,

125 301 605 64 Christo valme, lo que pesas

133 349 711 69 Niño, aunque eres tan pequeño.

169 399 565 73 Dixole entonces el Niño:

127 454 524 57 ese tu nombre pretendo

127 495 622 78 que sea desde oy Christoval,

128 550 580 71 y desapareció al momento.

171 599 518 63 De dia estava Agustino

125 646 559 76 à orilla del mar soberbio,

134 696 454 70 imaginativo, y solo,

130 746 584 68 confuso su entendimiento.

175 801 540 57 Como es possible, decia

130 842 610 63 que sea tan grande Misterio

125 892 523 63 de la Trinidad Sagrada,

128 940 697 73 que no pueda comprehenderlo?

175 988 549 72 Bolvió los ojos entonces,

131 1041 577 69 y vió estar un Niño bello,

128 1088 589 69 que sacando agua del mar,

130 1139 557 66 la echava en un agujero.

174 1183 676 77 Que haces Niño? le preguntó:

127 1237 626 70 Responde, agotar pretendo

127 1288 629 65 todo el mar con esa concha;

127 1335 638 69 y el replicó: es caso incierto.

171 1380 654 72 Respondiòle al punto el Niño,

121 1445 587 54 pues aun es mas facil esto,

125 1480 716 72 q el que tu comprehender puedas

120 1535 687 60 lo que está en tu pensamiento.

165 1582 579 60 El Santo admirado, dixo:

117 1629 645 64 aguarda Niño, que entiendo,

115 1677 588 60 que eres tu sin duda aquel

115 1726 713 70 que Ambrosio me dixo un tiépo.

158 1774 635 67 Diole por respuesta el Niño:

111 1822 628 76 harto has dicho yà con esso,

109 1879 640 62 quedate en paz, y esto baste

106 1925 602 68 Agustin, para un discreto.

153 1980 487 62 Un sarao tuvo un dia

105 2020 584 73 aquel maldito, y perverso

102 2068 631 72 Rey Herodes en su Alcazar,

106 2119 687 70 con los Grandes de su Reyno.

133 2166 592 70 Danzó su hija Herodías,

121 2217 680 91 dando à todos gran contento,

886 201 612 57 y el padre le dixo entonces;

886 247 649 68 que merced pides en premio?

935 298 538 63 La maldita de su madre,

886 349 584 64 que todo lo estava oyendo,

886 399 554 63 por detrás de una cortina

883 450 540 59 la llamó, y la dixo esto:

935 491 607 76 Di que la merced que pides,

891 542 572 75 y que te la otorgue luego,

888 592 547 75 la cabeza es del Bautista,

889 649 640 64 y que no quieres mas premio.

930 694 575 75 Pidióla, y dixole el padre:

885 744 497 66 esso yo te lo concedo,

889 791 413 66 y assi de dia murió

888 841 527 62 aquel Precursor excelso.

929 889 530 63 De día dlxo à Santa Ana

885 939 496 67 aquel Paranimfo bello,

885 991 576 63 como en la puerta Dorada

886 1042 571 60 vería à su Esposo honesto.

933 1085 433 61 Al Patriarca Joseph

885 1135 503 73 de dia dispuso el Cielo

886 1186 451 55 le floreciesse la Vara

885 1234 569 63 delante de todo el Pueblo.

936 1282 381 69 Y de dia le eligió

883 1329 597 75 por Esposo el Padre Eterno

882 1383 484 66 de su Santissima Hija,

880 1433 587 67 y Madre del Hijo immenso.

920 1480 512 66 De dia estava la Virgen

873 1525 397 69 en Isaias leyendo,

872 1581 503 54 del Redentor Soberano

870 1633 562 56 el glorioso Advenimiento.

920 1671 502 66 De dia dixo la Virgen:

875 1723 566 71 O que preñada me siento;

869 1772 556 68 Esposo mio no hay duda,

866 1827 666 67 que está ya cercano el tiempo.

916 1872 582 74 Y parió de alli à ocho dias

866 1923 531 61 entre la nieve y el yelo,

864 1971 568 68 sin alvergue con pobresa,

860 2021 495 64 al Autor del Universo.

902 2069 412 65 De dia le visitaron

847 2115 508 68 mil devotos Zagalejos,

870 2170 451 62 llevandole cada uno

863 2217 591 98 los presentes que pudieron.

1466 2248 76 90 La
