1914 2621
93 205 625 62 mas supuesto que es forzoso

93 244 543 71 nuestra pena declararla.

142 294 577 74 Rompa la voz mi silencio,

93 346 628 68 pues ya no puedo ocultarla;

93 396 584 62 casé, Señora, en Castilla,

93 442 612 77 primera vez con su Infanta,

142 496 584 70 Por el gusto de mi padre;

91 541 493 74 pero pues está notada

91 592 606 74 la dicha de estos principios

91 645 560 71 passemos à la substancia.

139 687 596 76 Quando mi difunta Esposa

91 739 634 74 passó à Portugal, de España

94 796 602 61 vino assistiendola entonces

93 841 579 69 un Sol en lugar de Dama.

138 883 671 76 Una hermosura, un prodigio;

91 939 488 74 perdoneme el alabarla

94 988 702 69 vuestra Alteza, en su presencia,

90 1039 566 72 que su belleza informarla

136 1087 669 74 Me importa, porque disculpe

88 1138 466 73 temeridades ossadas;

94 1189 589 63 quando advertida conozca

88 1242 589 59 de estos estremos la causa.

138 1287 520 62 Es en fin el dueño mio

87 1329 615 73 Doña Inés cuello de Garza

94 1380 704 68 tan Garza que en su hermosura,

88 1435 544 69 y discrecion remontada.

135 1483 660 69 Por ser un Cielo, es el centro

85 1531 539 70 de la gloria de mi alma,

87 1581 585 64 muriò mi Esposa, y nació

85 1630 593 75 de Doña Inés beldad tanta.

134 1687 531 60 Pues de mis ojos estuvo

85 1734 551 65 hasta entonces ignorada,

87 1785 569 65 vióla mi vista, y perdila,

84 1837 572 64 que me la robó su gracia.

131 1885 508 53 Solicité su hermosura,

85 1927 507 72 y favoreció mis ansias,

85 1981 554 67 tanto que logré la dicha

85 2029 583 70 que mas mi amor idolatra.

134 2077 550 78 En fin Inés es mi esposa,

85 2137 515 60 y está conmigo casada,

85 2175 592 76 su esposo soy tan gustoso,

83 2230 627 75 que à mi dicha no se iguala.

129 2278 622 142 La mayor dicha del mundo,

876 200 638 56 porque es mi dicha muy alta,

879 243 625 65 y en fin, perdone tu Alteza

872 292 491 54 mi resolucion estraña.

919 340 541 58 Pues solo Inés ha de ser,

871 387 512 67 en Portugal Coronada:

872 442 638 66 fuesse el Principe, y quedóse

871 492 575 58 en blanco la triste Blanca.

919 541 563 61 Dando à los ojos licencia,

873 594 529 59 paraque tristes lloraran,

875 642 567 54 las centellas que los zelos

872 688 660 70 en la fragua del amor fraguan.

919 735 451 61 Partióse de Portugal

873 784 606 69 y el Noble Rey de Navarra,

871 841 594 61 sintiendo con mil estremos

871 889 587 61 el desayre de su Hermana,

916 939 623 74 Mandó que al arma tocassen

865 987 595 67 las Trompetas, y las Caxas,

865 1035 523 64 y sus fuertes Capitanes

862 1092 553 53 se pusieron en Campaña.

911 1137 529 68 Con Exercitos valientes,

863 1177 528 82 bien alistados en Armas,

863 1242 475 52 hasta ver de Portugal

865 1284 464 62 la Corona derribada,

914 1339 434 60 Que para recuperar

863 1386 573 65 el agravio de su Hermana,

865 1434 482 59 solo pretende ponerla

860 1483 614 67 por alfombra de sus plantas.

910 1531 517 64 Sonó el clarin belicoso,

859 1578 635 76 cruxió el parche de las caxas,

860 1630 587 70 poblóse el campo de Picas,

862 1680 633 74 de Mosquetas, y Alabardas,

917 1729 530 70 Y con ricos Estandartes,

866 1779 498 70 y Vanderas tremoladas

862 1834 492 60 le puso sitio á Lisboa,

871 1881 563 65 y temiendo su arrogancia

908 1926 682 73 Pidió el Rey Portugués treguas

863 1981 549 64 y à sus Consejeros llama,

865 2032 626 61 y puesto en su altivo Trono,

856 2083 529 53 su consejo les demanda.

910 2128 545 66 Era el uno Egas Coello,

860 2179 600 67 y Alvar Gonzalez llamavan

857 2229 494 65 al segundo Consejero:

859 2281 549 134 y el consejo que le davan

1442 2323 109 97 Fué
