1339 2256
45 7 616 62 quem volgués quedar minyona,

47 45 413 65 que nom' faltaria res,

43 95 551 72 y que quant arrivás la hora,

39 154 480 60 que Deu de mi disposás,

33 191 627 87 ab molt dol y ab molta pompa

35 253 485 57 celebrarian mon enterro

35 291 467 71 enramada y ab corona;

41 347 487 77 peró lo que mon discurs

31 406 520 58 en aquest cas me proposa,

31 449 599 69 es, que mon germá m' ho diu

35 505 491 60 pera no abaixar la bossa.

47 550 601 64 ¿No'us apar si tinch de créurer

31 597 506 76 al qui á la avaricia abona,

33 650 502 70 que per no tráurer lo dot

30 701 475 64 me diria deu mil cosas;

31 753 516 72 y també no'us causa rissa,

31 802 591 81 véurer que al devant me posa

28 851 515 79 mon enterro, quant jo no

26 904 476 73 de morir estich gustosa;

33 956 465 70 despres rahons cada dia

28 1007 568 75 ab la cunyada ó mitg mona,

26 1054 534 77 que si jo vull anar al Born,

18 1099 427 77 ella á la Plassa nova,

28 1156 491 71 que quasi sempre veyém

30 1208 611 77 que están com la sogra y nora?

43 1253 556 85 ¿Y axí jo quedarme en casa;

24 1302 498 85 Deu no permeta tal cosa,

22 1351 414 81 Deu men trega aviat,

24 1406 521 77 y m' done una ditxa bona,

30 1466 470 66 quem fassa bona casada,

28 1519 492 63 y que no encontre sogra;

33 1564 525 75 quem done un home galan,

20 1605 576 85 lindo y fresch com una rosa;

24 1667 410 66 y que sia també rich

30 1708 603 87 y noble, que es lo que importa.

26 1761 453 81 Y trobantme jo casada,

33 1808 440 85 ja podré anar tota sola,

26 1870 372 68 ja seré mare major,

24 1908 607 86 y no de un convent de monjas.

18 1960 613 89 Válgam Deu, que estaré alegre

5 2020 482 68 ab la companya gustosa

3 2062 549 103 del marit, y ab quin garbo

703 15 511 56 celebrarém nostras bodas.

705 48 539 77 Peró ¡ay! quel cor me diu,

703 103 566 79 que entre tantas cosas dolsas,

701 159 536 66 n' hi ha també de amargas,

695 206 408 62 ó sinó de agridolsas.

707 253 483 68 ¿Cóm ho faré per portar

701 308 436 69 fixâdas en la memoria

701 359 451 67 totas las cosas de casa?

695 404 561 77 Jo haver de posar en forma

692 456 537 77 tots los trastos; y las claus

693 505 518 83 may apartar de dessobra;

695 560 465 73 y si tinch criada, haver

693 614 542 74 de sufrir tantas rampoynas,

697 659 489 76 que passan entre criadas,

703 718 545 65 y véurer com van las cosas,

692 757 438 79 si son lleals, si fiadas,

688 815 526 74 si fleumas, si dormidoras;

693 868 535 73 y la major de las desditxas

693 919 412 71 es, que sia rodadora,

693 970 484 77 que vaja á véure l' janot,

688 1015 415 64 si treballa á la porta.

693 1062 512 81 Y despres de haver passat

693 1120 553 75 per lo mitg de las congoixas

688 1169 444 71 de governar lo servey,

686 1216 448 75 y ser de casa custodia,

682 1272 491 74 ix també á fer son paper

686 1317 425 77 lo retrato de la sogra,

684 1363 549 86 aquella que diu may menja,

688 1426 534 72 per véurer si de esta forma

684 1468 414 77 cessaré jo de menjar,

688 1520 417 72 y entretindré la boca,

688 1569 461 79 per fer á la vella alegre,

686 1628 577 73 q uant me veja de fam morta

684 1678 408 66 y si jo fas una feyna,

671 1729 513 68 de repente se m' hi posa,

677 1774 547 81 dihent que no es res de bo,

684 1827 412 73 y malehint á la nora,

684 1876 476 73 y resant de baix en baix

671 1927 555 78 al dret y al revés las Horas.

688 1983 494 73 ¿Y cóm tinch jo de sufrir

673 2024 598 83 las grans mentidas que contan,

677 2083 483 94 quant arrivan los marits,

1188 2094 53 109 las
