1963 2640
347 167 550 54 de la esclarecida Virgen,

349 203 560 68 Reyna del Empireo Cielo,

353 252 494 60 Hija del Eterno Padre,

349 297 540 69 Madre del Sol verdadero,

347 350 565 69 amada Esposa, y querida

347 401 575 72 del Sacro Espiritu excelso;

349 448 697 80 pues es Hija, Esposa, y Madre,

344 508 605 66 refugio, y amparo nuestro;

343 550 531 70 suplicote, dulce Madre,

340 598 588 70 Norte esclarecido, y bello,

340 645 654 72 Palma encumbrada, que llega

337 695 604 73 al Trono de Dios Supremo:

340 746 538 73 Torre Davidica hermosa,

337 793 466 70 Escala del verdadero

338 846 565 69 Jacob, que por ella suben

333 893 536 69 Sacros Angeles al Cielo,

333 941 535 72 Alva del Sol de Justicia,

333 988 648 75 Fuente, Mar, y claro Espejo,

331 1044 483 67 Lucero de la mañana,

330 1089 661 78 Luna que crece en Mysterios,

328 1151 631 63 dad luz à mi humilde pluma,

328 1195 583 64 para que pueda sin miedo,

333 1245 626 64 por el mar de tus grandezas,

327 1300 604 62 furcar mas seguro al puerto

324 1340 543 70 de claridad esta historia:

324 1388 667 77 y assi en tu nombre comienzo.

322 1441 537 71 En la Ciudad de Lisboa,

325 1491 542 75 Corte del insigne Reyno

321 1545 452 68 de Portugal, residia

319 1592 712 74 un Varon muy justo, y bueno,

319 1648 677 60 llamado Martin Bullones

327 1698 655 63 que era de virtud exemplo,

322 1742 526 69 su esposa Doña Theresa

327 1792 530 69 Tavera, y era no menos

316 1842 567 70 en virtud que su marido;

318 1894 523 66 en fin un hijo tuvieron,

322 1944 563 68 y en el Sagrado Bautismo

316 2001 579 51 de nuestra Fé, le pusieron

315 2043 571 69 Fernando, y apenas tuvo

313 2092 538 66 edad capáz, le pusieron

311 2142 571 65 à aprender aquellas letras,

315 2198 671 94 que se han de enseñar primero,

1081 161 579 69 y en el nectar de su madre

1079 212 568 68 mamó con instinto cierto,

1081 259 553 69 la devocion de la Virgen,

1079 309 539 69 y la guardó por extremo

1079 360 501 68 toda su vida; y apenas

1075 398 641 77 quince Abriles se cumplieron

1069 461 599 62 en el (edad que à los otros

1072 507 541 65 abre los ojos del cuerpo,

1073 555 672 71 por vér las pompas del mundo,

1070 608 568 68 el seguir torpes, y necios

1072 657 533 69 el vil gusto de la carne)

1073 708 551 66 èl los abrió: pero viendo

1070 753 640 68 los muchos daños que atraen,

1072 806 603 69 y para huir mucho de ellos,

1072 855 505 67 determinó el recogerse

1072 907 549 60 en un Sagrado Convento

1068 953 522 69 de Canonigos Reglares,

1069 998 690 74 que está fuera de aquel Pueblo,

1068 1053 497 66 de la Orden Agustina:

1068 1098 614 62 tomó el Habito, y haciendo

1066 1154 580 66 profession à los dos años,

1068 1195 581 73 pidió licencia, y contento

1068 1248 651 66 fue al Convento de Cohimbra,

1065 1295 617 79 y en él estuvo algun tiempo.

1066 1353 497 65 Por esta Casa passaron

1065 1399 538 67 predicando el Evangelio

1062 1453 534 65 cinco santos religiosos,

1065 1493 567 73 que passaban à Marruecos

1059 1548 507 63 à predicar à los Moros,

1059 1595 595 75 y ellos barbaros, y necios,

1059 1649 513 64 por no oírlos predicar,

1059 1695 587 67 mil martyrios les hicieron,

1012 1742 669 70 y al Convento de Cohimbra

1051 1793 634 71 traxeron sus santos Cuerpos,

1063 1845 532 70 y en un Altar colocados

1053 1903 595 62 los cinco Santos pusieron:

1051 1946 537 67 Fernando por imitarles,

1068 2001 605 53 tomó el Habito al momento

1044 2043 588 70 de San Francisco, y tenia

1048 2092 669 65 veinte y seis años, y es cierto,

1059 2144 631 66 que porque del no supiessen,

1055 2198 564 94 se mudó con buen intento

1629 2258 71 69 su
