1906 2645
370 130 986 132 SEGUNDA PARTE

146 223 1426 135 DE LOS MILAGROS DE SAN ANTONIO

370 308 962 124 de Padua, y de su Sagrada muerte.

152 432 523 112 SUpuesto que prometí

244 484 501 93 en la otra parte primera

133 530 493 78 referir de San Antonio

133 580 575 84 su muerte con eloquencia,

130 628 498 69 diré algunas maravillas

129 677 607 85 antes de explayarme en ella.

130 725 550 78 Y assi digo à mis oyentes

124 777 626 78 tendrán por cosa muy cierta,

124 827 644 92 que estando el Santo una vez

121 877 532 73 predicando la Fé nuestra

121 928 537 72 entre incredulos Hereges

117 974 500 70 en las hereticas tierras,

113 1018 602 84 despues de dicho el Sermon

108 1068 570 84 de nuestra Ley verdadera,

108 1121 639 85 se juntó un corro de aquellos

108 1169 553 82 de falsa, y maligna secta,

104 1221 560 76 à conversacion del Santo,

102 1263 622 88 diciendo, que daba muestras

104 1319 569 81 de santidad, y uno dellos,

98 1369 577 79 incredulo en gran manera,

95 1418 526 76 traxo un vaso cristalino,

91 1467 662 83 y un sarmiento en la siniestra,

91 1517 561 77 y con colera, y con rabia

89 1567 538 72 dixo de aquesta manera:

83 1613 650 97 Menos que aqueste sarmiento

82 1664 527 77 al punto no reverdezca,

80 1716 522 75 y me llene aqueste vaso

73 1761 469 69 de vino, no creo sea

74 1811 525 80 este Santo como dicen:

72 1866 492 70 y por alta providencia

70 1911 566 78 se llenó el seco sarmiento

64 1958 544 83 de ojas, ubas, y de ellas

66 2010 523 78 saltó el vino, y le llenó

63 2066 485 67 el vaso de tal manera,

61 2107 505 82 que rebosó largo rato;

57 2158 638 153 y viendo el caso, se aprestan,

867 437 630 105 muchos de los que lo vieron,

868 499 591 85 à pedirle à Dios clemencia,

871 553 528 74 y juntamente el del vino

867 603 645 78 los convocó à que lo hicieran.

867 649 477 75 Otra vez en la Ciudad

862 689 691 105 de Armino, estando en la mesma

864 750 485 72 predicacion, no podía

862 794 528 84 traerlos à que lo oyeran,

858 846 632 81 ya por la gran muchedumbre

856 896 659 101 de Hereges, que havia en ella,

858 946 460 76 y por no querer oírlo,

855 997 470 74 se partió con ligereza

849 1044 445 71 à las orillas del Mar,

846 1094 651 97 que estaban de alli bien cerca,

843 1143 550 81 y llamó à todos los peces,

842 1200 627 75 que sus margenes sustentan:

840 1246 522 79 al punto todos vinieron,

837 1298 487 72 y sacando sus cabezas,

837 1348 559 80 con muy seguras palabras

833 1388 486 81 les dixo desta manera:

831 1441 471 73 Oidme todos vosotros

828 1490 590 83 pues los Hereges se niegan

830 1539 564 83 à mis palabras, sin querer

828 1591 531 75 escucharlas, ni creerlas:

828 1635 657 96 Y el Santo lés llamó hermanos,

825 1695 600 78 y con sossiego, y paciencia

821 1741 491 72 escucharon el Sermon,

817 1789 567 80 que les hizo con presteza,

811 1844 551 75 de los muchos beneficios,

811 1885 671 106 que Dios los hace en su esfera,

811 1936 518 81 y de las debidas gracias,

809 1985 578 86 que se debe à su grandeza,

803 2038 512 78 y como le han de servir

802 2091 532 79 en premio de las finezas.

797 2133 450 75 Acabado su Sermon,

796 2186 494 96 inclinaron sus cabezas,

1337 2235 117 111 dan-
