<?xml version="1.0" encoding="UTF-8"?>
<alto xmlns:xsi="http://www.w3.org/2001/XMLSchema-instance"
      xmlns="http://www.loc.gov/standards/alto/ns-v4#"
      xsi:schemaLocation="http://www.loc.gov/standards/alto/ns-v4# http://www.loc.gov/standards/alto/v4/alto-4-2.xsd">
  <Description>
    <MeasurementUnit>pixel</MeasurementUnit>
    <sourceImageInformation>
      <fileName>BCN_035_4.jpg</fileName>
      
    </sourceImageInformation>
  </Description>
  
  <Tags>
    <OtherTag ID="BT1290" LABEL="CustomZone:impresorNum" DESCRIPTION="block type CustomZone:impresorNum"/><OtherTag ID="BT1291" LABEL="CustomZone:numero_pliego" DESCRIPTION="block type CustomZone:numero_pliego"/><OtherTag ID="BT1292" LABEL="CustomZone:title" DESCRIPTION="block type CustomZone:title"/><OtherTag ID="BT1293" LABEL="GraphicZone:illustration" DESCRIPTION="block type GraphicZone:illustration"/><OtherTag ID="BT1294" LABEL="GraphicZone:ornamentation" DESCRIPTION="block type GraphicZone:ornamentation"/><OtherTag ID="BT1295" LABEL="MainZone" DESCRIPTION="block type MainZone"/><OtherTag ID="BT1296" LABEL="MainZone:columns" DESCRIPTION="block type MainZone:columns"/><OtherTag ID="BT1297" LABEL="MarginTextZone:colophon" DESCRIPTION="block type MarginTextZone:colophon"/><OtherTag ID="BT1298" LABEL="MarginTextZone:note" DESCRIPTION="block type MarginTextZone:note"/><OtherTag ID="BT1299" LABEL="MusicZone" DESCRIPTION="block type MusicZone"/><OtherTag ID="BT1300" LABEL="NumberingZone:page" DESCRIPTION="block type NumberingZone:page"/><OtherTag ID="BT1301" LABEL="QuireMarksZone:catchwords" DESCRIPTION="block type QuireMarksZone:catchwords"/><OtherTag ID="BT1302" LABEL="QuireMarksZone:signature" DESCRIPTION="block type QuireMarksZone:signature"/><OtherTag ID="BT1303" LABEL="RunningTitleZone" DESCRIPTION="block type RunningTitleZone"/>
    <OtherTag ID="LT480" LABEL="CustomLine:propriedad" DESCRIPTION="line type CustomLine:propriedad"/><OtherTag ID="LT481" LABEL="CustomLine:trailer" DESCRIPTION="line type CustomLine:trailer"/><OtherTag ID="LT482" LABEL="DefaultLine" DESCRIPTION="line type DefaultLine"/><OtherTag ID="LT483" LABEL="HeadingLine" DESCRIPTION="line type HeadingLine"/>
  </Tags>
  
  <Layout>
    <Page WIDTH="1391"
          HEIGHT="2063"
          PHYSICAL_IMG_NR="183"
          ID="eSc_dummypage_">
      <PrintSpace HPOS="0"
                  VPOS="0"
                  WIDTH="1391"
                  HEIGHT="2063">
        
        <TextBlock HPOS="8"
                   VPOS="22"
                   WIDTH="673"
                   HEIGHT="1559"
                   ID="block_0"
                   TAGREFS="BT1296">
          <Shape><Polygon POINTS="681 22 681 1581 8 1581 8 22"/></Shape>
          
          
          <TextLine ID="eSc_line_8bca8fb9"
                    TAGREFS="LT482"
                    BASELINE="36 80 586 77" 
                    HPOS="34"
                    VPOS="37"
                    WIDTH="552"
                    HEIGHT="64">
            <Shape><Polygon POINTS="567 53 550 51 533 48 515 46 498 44 481 42 471 41 142 37 137 39 120 41 103 41 85 42 68 42 51 44 34 44 36 80 36 92 249 101 251 101 355 97 507 91 541 99 543 99 545 99 546 99 548 99 550 99 562 91 581 99 586 77 570 53 567 53"/></Shape>
	    <String CONTENT="cuantos  hay en la ciudad;"
                    HPOS="34"
                    VPOS="37"
                    WIDTH="552"
                    HEIGHT="64"></String>
          </TextLine>

          
          
          <TextLine ID="eSc_line_38e9a813"
                    TAGREFS="LT482"
                    BASELINE="34 140 125 130 551 127" 
                    HPOS="30"
                    VPOS="82"
                    WIDTH="521"
                    HEIGHT="74">
            <Shape><Polygon POINTS="34 140 34 156 216 144 233 153 235 153 237 153 297 153 343 151 345 151 347 151 357 142 404 151 409 151 410 151 412 151 416 151 452 140 548 147 551 127 550 92 522 82 520 82 519 82 517 82 479 91 383 84 381 84 379 84 378 84 378 85 371 91 369 92 362 91 319 84 318 84 316 84 314 84 304 91 297 94 30 91 34 140"/></Shape>
	    <String CONTENT="y pienso que si no ha sido"
                    HPOS="30"
                    VPOS="82"
                    WIDTH="521"
                    HEIGHT="74"></String>
          </TextLine>

          
          
          <TextLine ID="eSc_line_851feec0"
                    TAGREFS="LT482"
                    BASELINE="36 183 501 179" 
                    HPOS="32"
                    VPOS="139"
                    WIDTH="468"
                    HEIGHT="63">
            <Shape><Polygon POINTS="34 182 36 202 61 194 190 199 247 201 249 201 251 201 266 197 288 192 498 192 500 178 496 146 46 139 44 139 42 139 41 139 32 144 34 182"/></Shape>
	    <String CONTENT="por una fuerte pedrada"
                    HPOS="32"
                    VPOS="139"
                    WIDTH="468"
                    HEIGHT="63"></String>
          </TextLine>

          
          
          <TextLine ID="eSc_line_e530e91c"
                    TAGREFS="LT482"
                    BASELINE="36 232 556 229" 
                    HPOS="32"
                    VPOS="185"
                    WIDTH="523"
                    HEIGHT="62">
            <Shape><Polygon POINTS="34 230 34 247 553 245 555 228 551 195 429 185 428 185 426 185 424 185 412 195 410 197 304 197 302 195 281 185 280 185 278 185 192 195 180 195 175 195 137 185 135 185 134 185 132 185 111 195 110 195 106 195 75 187 73 187 72 187 32 194 34 230"/></Shape>
	    <String CONTENT="que tiraron de un postigo,"
                    HPOS="32"
                    VPOS="185"
                    WIDTH="523"
                    HEIGHT="62"></String>
          </TextLine>

          
          
          <TextLine ID="eSc_line_cfa417ae"
                    TAGREFS="LT482"
                    BASELINE="37 280 582 285" 
                    HPOS="36"
                    VPOS="242"
                    WIDTH="546"
                    HEIGHT="58">
            <Shape><Polygon POINTS="37 280 36 295 579 300 582 285 581 242 37 242 37 280"/></Shape>
	    <String CONTENT="que la dieron en dos pechos,"
                    HPOS="36"
                    VPOS="242"
                    WIDTH="546"
                    HEIGHT="58"></String>
          </TextLine>

          
          
          <TextLine ID="eSc_line_ea81ab40"
                    TAGREFS="LT482"
                    BASELINE="34 336 605 336" 
                    HPOS="34"
                    VPOS="292"
                    WIDTH="571"
                    HEIGHT="75">
            <Shape><Polygon POINTS="34 336 36 361 72 343 218 354 220 354 281 343 333 354 335 354 397 345 414 357 416 357 417 357 419 357 493 348 538 366 539 366 541 367 605 367 605 336 605 292 34 292 34 336"/></Shape>
	    <String CONTENT="y en el suelo le han tendido;"
                    HPOS="34"
                    VPOS="292"
                    WIDTH="571"
                    HEIGHT="75"></String>
          </TextLine>

          
          
          <TextLine ID="eSc_line_c67bc45d"
                    TAGREFS="LT482"
                    BASELINE="34 381 510 381" 
                    HPOS="34"
                    VPOS="342"
                    WIDTH="476"
                    HEIGHT="55">
            <Shape><Polygon POINTS="34 381 34 393 508 397 510 381 510 342 34 342 34 381"/></Shape>
	    <String CONTENT="entonces se le arrojaron"
                    HPOS="34"
                    VPOS="342"
                    WIDTH="476"
                    HEIGHT="55"></String>
          </TextLine>

          
          
          <TextLine ID="eSc_line_5db93f81"
                    TAGREFS="LT482"
                    BASELINE="32 431 498 434" 
                    HPOS="30"
                    VPOS="381"
                    WIDTH="468"
                    HEIGHT="74">
            <Shape><Polygon POINTS="118 383 101 383 84 383 67 383 49 383 32 381 32 431 30 445 61 455 63 455 65 455 496 453 498 434 496 390 125 383 118 383"/></Shape>
	    <String CONTENT="los agarrantes ministros,"
                    HPOS="30"
                    VPOS="381"
                    WIDTH="468"
                    HEIGHT="74"></String>
          </TextLine>

          
          
          <TextLine ID="eSc_line_8099c1a1"
                    TAGREFS="LT482"
                    BASELINE="36 493 106 483 462 486" 
                    HPOS="34"
                    VPOS="436"
                    WIDTH="428"
                    HEIGHT="67">
            <Shape><Polygon POINTS="36 493 34 503 460 503 462 486 459 443 283 445 266 440 256 436 254 436 252 436 251 436 240 440 216 445 178 438 165 436 163 436 153 438 115 445 91 436 89 436 87 436 85 436 84 436 82 436 56 445 36 436 36 493"/></Shape>
	    <String CONTENT="y el señor Corregidor,"
                    HPOS="34"
                    VPOS="436"
                    WIDTH="428"
                    HEIGHT="67"></String>
          </TextLine>

          
          
          <TextLine ID="eSc_line_8b98eff8"
                    TAGREFS="LT482"
                    BASELINE="37 531 562 538" 
                    HPOS="36"
                    VPOS="493"
                    WIDTH="526"
                    HEIGHT="64">
            <Shape><Polygon POINTS="37 531 36 550 558 557 562 538 560 496 37 493 37 531"/></Shape>
	    <String CONTENT="que era don Pedro Jacinto,"
                    HPOS="36"
                    VPOS="493"
                    WIDTH="526"
                    HEIGHT="64"></String>
          </TextLine>

          
          
          <TextLine ID="eSc_line_4cb8f97c"
                    TAGREFS="LT482"
                    BASELINE="32 579 555 589" 
                    HPOS="30"
                    VPOS="534"
                    WIDTH="525"
                    HEIGHT="67">
            <Shape><Polygon POINTS="202 534 201 534 199 534 32 541 32 579 30 596 551 601 555 589 555 548 460 539 459 539 424 546 410 548 397 546 355 538 354 538 307 544 306 544 295 536 294 536 292 536 290 536 221 544 213 544 206 536 204 536 204 534 202 534"/></Shape>
	    <String CONTENT="mandó llevarla á la cárcel,"
                    HPOS="30"
                    VPOS="534"
                    WIDTH="525"
                    HEIGHT="67"></String>
          </TextLine>

          
          
          <TextLine ID="eSc_line_1207cefc"
                    TAGREFS="LT482"
                    BASELINE="32 630 560 637" 
                    HPOS="30"
                    VPOS="591"
                    WIDTH="530"
                    HEIGHT="67">
            <Shape><Polygon POINTS="32 630 30 646 254 646 278 653 294 656 295 656 297 656 331 653 392 648 417 655 426 658 428 658 429 658 455 656 531 649 555 658 560 637 560 598 32 591 32 630"/></Shape>
	    <String CONTENT="donde la cargan de grillos;"
                    HPOS="30"
                    VPOS="591"
                    WIDTH="530"
                    HEIGHT="67"></String>
          </TextLine>

          
          
          <TextLine ID="eSc_line_f1bf270d"
                    TAGREFS="LT482"
                    BASELINE="34 685 479 685" 
                    HPOS="34"
                    VPOS="637"
                    WIDTH="445"
                    HEIGHT="60">
            <Shape><Polygon POINTS="34 685 34 697 479 697 479 685 479 646 34 637 34 685"/></Shape>
	    <String CONTENT="le leyeron la sentencia"
                    HPOS="34"
                    VPOS="637"
                    WIDTH="445"
                    HEIGHT="60"></String>
          </TextLine>

          
          
          <TextLine ID="eSc_line_3a72c266"
                    TAGREFS="LT482"
                    BASELINE="34 734 533 742" 
                    HPOS="32"
                    VPOS="687"
                    WIDTH="501"
                    HEIGHT="72">
            <Shape><Polygon POINTS="34 734 32 754 529 759 533 742 531 687 34 687 34 734"/></Shape>
	    <String CONTENT="dentro de Ciudad-Rodrigo,"
                    HPOS="32"
                    VPOS="687"
                    WIDTH="501"
                    HEIGHT="72"></String>
          </TextLine>

          
          
          <TextLine ID="eSc_line_bc679e48"
                    TAGREFS="LT482"
                    BASELINE="38 786 495 783" 
                    HPOS="37"
                    VPOS="740"
                    WIDTH="456"
                    HEIGHT="71">
            <Shape><Polygon POINTS="37 811 491 804 493 782 490 752 376 752 369 749 335 740 333 740 331 740 330 740 312 749 306 751 297 747 273 740 271 740 269 740 268 740 266 740 266 742 264 742 261 747 256 752 156 746 101 742 99 742 98 742 89 744 65 752 37 744 37 785 37 811"/></Shape>
	    <String CONTENT="y al tercer dia la sacan"
                    HPOS="37"
                    VPOS="740"
                    WIDTH="456"
                    HEIGHT="71"></String>
          </TextLine>

          
          
          <TextLine ID="eSc_line_fd7abec7"
                    TAGREFS="LT482"
                    BASELINE="37 837 512 837" 
                    HPOS="37"
                    VPOS="797"
                    WIDTH="475"
                    HEIGHT="57">
            <Shape><Polygon POINTS="37 837 37 850 510 854 512 837 510 797 37 799 37 837"/></Shape>
	    <String CONTENT="á que pague sus delitos."
                    HPOS="37"
                    VPOS="797"
                    WIDTH="475"
                    HEIGHT="57"></String>
          </TextLine>

          
          
          <TextLine ID="eSc_line_84d5fc84"
                    TAGREFS="LT482"
                    BASELINE="34 885 539 888" 
                    HPOS="32"
                    VPOS="838"
                    WIDTH="507"
                    HEIGHT="73">
            <Shape><Polygon POINTS="34 885 32 904 128 909 130 909 146 906 182 899 261 907 280 909 281 909 297 907 373 900 409 909 410 909 412 909 414 909 507 900 534 911 539 888 539 849 85 849 34 838 34 885"/></Shape>
	    <String CONTENT="Llegan al pie de la horca,"
                    HPOS="32"
                    VPOS="838"
                    WIDTH="507"
                    HEIGHT="73"></String>
          </TextLine>

          
          
          <TextLine ID="eSc_line_c14bbda9"
                    TAGREFS="LT482"
                    BASELINE="41 936 536 940" 
                    HPOS="39"
                    VPOS="888"
                    WIDTH="497"
                    HEIGHT="67">
            <Shape><Polygon POINTS="41 936 39 952 533 955 536 940 536 902 512 890 510 890 508 890 412 899 364 890 362 890 361 890 337 899 333 900 330 899 318 890 316 890 314 890 312 890 259 897 249 899 237 897 180 888 178 888 140 895 125 899 41 895 41 936"/></Shape>
	    <String CONTENT="que suba arriba la dicen,"
                    HPOS="39"
                    VPOS="888"
                    WIDTH="497"
                    HEIGHT="67"></String>
          </TextLine>

          
          
          <TextLine ID="eSc_line_455c68e0"
                    TAGREFS="LT482"
                    BASELINE="48 990 572 986" 
                    HPOS="46"
                    VPOS="942"
                    WIDTH="526"
                    HEIGHT="65">
            <Shape><Polygon POINTS="48 990 48 1007 570 998 572 986 567 942 46 948 48 990"/></Shape>
	    <String CONTENT="y cuando estuvo en lo alto"
                    HPOS="46"
                    VPOS="942"
                    WIDTH="526"
                    HEIGHT="65"></String>
          </TextLine>

          
          
          <TextLine ID="eSc_line_aaaf35e2"
                    TAGREFS="LT482"
                    BASELINE="36 1036 503 1036" 
                    HPOS="36"
                    VPOS="991"
                    WIDTH="467"
                    HEIGHT="62">
            <Shape><Polygon POINTS="36 1036 36 1053 503 1052 503 1036 502 991 36 995 36 1036"/></Shape>
	    <String CONTENT="á todo el concurso dijo:"
                    HPOS="36"
                    VPOS="991"
                    WIDTH="467"
                    HEIGHT="62"></String>
          </TextLine>

          
          
          <TextLine ID="eSc_line_d53d2926"
                    TAGREFS="LT482"
                    BASELINE="37 1086 584 1091" 
                    HPOS="36"
                    VPOS="1038"
                    WIDTH="548"
                    HEIGHT="72">
            <Shape><Polygon POINTS="484 1038 467 1038 450 1038 433 1038 416 1038 398 1038 381 1038 364 1038 347 1038 330 1038 312 1038 295 1038 278 1038 261 1038 244 1038 226 1038 209 1038 192 1038 175 1038 158 1038 140 1038 123 1038 106 1038 89 1038 72 1038 55 1038 37 1038 37 1086 36 1103 581 1110 584 1091 584 1038 502 1038 484 1038"/></Shape>
	    <String CONTENT="Padres, los que teneis hijas,"
                    HPOS="36"
                    VPOS="1038"
                    WIDTH="548"
                    HEIGHT="72"></String>
          </TextLine>

          
          
          <TextLine ID="eSc_line_fd6feb17"
                    TAGREFS="LT482"
                    BASELINE="34 1139 495 1139" 
                    HPOS="34"
                    VPOS="1095"
                    WIDTH="461"
                    HEIGHT="67">
            <Shape><Polygon POINTS="34 1139 34 1160 493 1162 495 1139 495 1103 34 1095 34 1139"/></Shape>
	    <String CONTENT="no seais como los mios,"
                    HPOS="34"
                    VPOS="1095"
                    WIDTH="461"
                    HEIGHT="67"></String>
          </TextLine>

          
          
          <TextLine ID="eSc_line_64276a76"
                    TAGREFS="LT482"
                    BASELINE="34 1186 600 1191" 
                    HPOS="32"
                    VPOS="1141"
                    WIDTH="568"
                    HEIGHT="65">
            <Shape><Polygon POINTS="113 1141 111 1141 110 1141 108 1141 89 1150 85 1151 34 1151 34 1186 32 1206 598 1206 600 1191 598 1150 505 1144 503 1144 479 1150 460 1153 455 1150 448 1144 447 1144 445 1144 443 1144 441 1144 440 1144 433 1150 424 1155 366 1150 311 1144 309 1144 307 1144 294 1150 287 1153 278 1150 264 1144 263 1144 261 1144 259 1144 238 1150 226 1153 221 1150 209 1143 208 1143 206 1143 204 1143 146 1150 132 1151 130 1150 115 1141 113 1141"/></Shape>
	    <String CONTENT="no las estorbeis matrimonios,"
                    HPOS="32"
                    VPOS="1141"
                    WIDTH="568"
                    HEIGHT="65"></String>
          </TextLine>

          
          
          <TextLine ID="eSc_line_2d8f7870"
                    TAGREFS="LT482"
                    BASELINE="39 1239 538 1239" 
                    HPOS="39"
                    VPOS="1199"
                    WIDTH="499"
                    HEIGHT="59">
            <Shape><Polygon POINTS="39 1239 39 1256 536 1258 538 1239 536 1199 39 1199 39 1239"/></Shape>
	    <String CONTENT="que es sacramento divino"
                    HPOS="39"
                    VPOS="1199"
                    WIDTH="499"
                    HEIGHT="59"></String>
          </TextLine>

          
          
          <TextLine ID="eSc_line_a65717e1"
                    TAGREFS="LT482"
                    BASELINE="36 1287 584 1291" 
                    HPOS="34"
                    VPOS="1249"
                    WIDTH="550"
                    HEIGHT="61">
            <Shape><Polygon POINTS="36 1287 34 1303 581 1310 584 1291 582 1249 36 1249 36 1287"/></Shape>
	    <String CONTENT="de nuestra madre la Iglesia,"
                    HPOS="34"
                    VPOS="1249"
                    WIDTH="550"
                    HEIGHT="61"></String>
          </TextLine>

          
          
          <TextLine ID="eSc_line_c76401bf"
                    TAGREFS="LT482"
                    BASELINE="37 1337 565 1340" 
                    HPOS="36"
                    VPOS="1292"
                    WIDTH="529"
                    HEIGHT="60">
            <Shape><Polygon POINTS="37 1337 36 1352 563 1352 565 1340 562 1292 37 1296 37 1337"/></Shape>
	    <String CONTENT="dispuesto del Uno y Trino."
                    HPOS="36"
                    VPOS="1292"
                    WIDTH="529"
                    HEIGHT="60"></String>
          </TextLine>

          
          
          <TextLine ID="eSc_line_378c4935"
                    TAGREFS="LT482"
                    BASELINE="37 1389 524 1392" 
                    HPOS="36"
                    VPOS="1344"
                    WIDTH="488"
                    HEIGHT="63">
            <Shape><Polygon POINTS="37 1389 36 1399 520 1407 524 1392 522 1347 37 1344 37 1389"/></Shape>
	    <String CONTENT="Mirad en lo que me veo,"
                    HPOS="36"
                    VPOS="1344"
                    WIDTH="488"
                    HEIGHT="63"></String>
          </TextLine>

          
          
          <TextLine ID="eSc_line_36d6e160"
                    TAGREFS="LT482"
                    BASELINE="48 1449 103 1440 646 1444" 
                    HPOS="46"
                    VPOS="1392"
                    WIDTH="600"
                    HEIGHT="72">
            <Shape><Polygon POINTS="631 1399 629 1397 48 1392 48 1449 46 1461 98 1454 151 1463 159 1463 161 1463 173 1463 238 1454 268 1461 281 1464 283 1464 285 1464 644 1456 646 1444 641 1411 631 1399"/></Shape>
	    <String CONTENT="y en que trabajos me he visto;"
                    HPOS="46"
                    VPOS="1392"
                    WIDTH="600"
                    HEIGHT="72"></String>
          </TextLine>

          
          
          <TextLine ID="eSc_line_6f74d28c"
                    TAGREFS="LT482"
                    BASELINE="48 1492 562 1492" 
                    HPOS="48"
                    VPOS="1449"
                    WIDTH="514"
                    HEIGHT="67">
            <Shape><Polygon POINTS="48 1492 48 1516 562 1516 562 1492 560 1449 48 1452 48 1492"/></Shape>
	    <String CONTENT="pedidle á Dios me perdone,"
                    HPOS="48"
                    VPOS="1449"
                    WIDTH="514"
                    HEIGHT="67"></String>
          </TextLine>

          
          
          <TextLine ID="eSc_line_e177ebde"
                    TAGREFS="LT482"
                    BASELINE="48 1550 137 1542 546 1542" 
                    HPOS="46"
                    VPOS="1495"
                    WIDTH="500"
                    HEIGHT="88">
            <Shape><Polygon POINTS="48 1550 49 1576 84 1559 209 1557 247 1578 254 1583 256 1583 257 1583 259 1583 261 1583 263 1583 263 1581 266 1579 283 1564 314 1571 316 1571 318 1571 319 1571 335 1559 392 1559 429 1561 450 1579 450 1581 452 1581 453 1581 455 1583 545 1583 546 1542 543 1495 201 1504 192 1502 173 1495 171 1495 170 1495 168 1495 166 1495 166 1497 159 1502 158 1504 147 1502 92 1495 91 1495 46 1504 48 1550"/></Shape>
	    <String CONTENT="y á todos perdon os pido."
                    HPOS="46"
                    VPOS="1495"
                    WIDTH="500"
                    HEIGHT="88"></String>
          </TextLine>

          
        </TextBlock>
        
        <TextBlock HPOS="698"
                   VPOS="25"
                   WIDTH="678"
                   HEIGHT="1559"
                   ID="block_1"
                   TAGREFS="BT1296">
          <Shape><Polygon POINTS="1376 25 1376 1584 698 1584 698 25"/></Shape>
          
          
          <TextLine ID="eSc_line_b6b32abf"
                    TAGREFS="LT482"
                    BASELINE="715 79 1127 84" 
                    HPOS="713"
                    VPOS="34"
                    WIDTH="414"
                    HEIGHT="67">
            <Shape><Polygon POINTS="1126 39 1109 39 1091 39 1074 39 1057 39 1040 39 1023 37 1005 37 988 37 971 37 962 37 959 39 950 42 945 39 942 37 937 37 919 36 916 36 913 39 907 42 839 42 837 41 832 36 816 36 802 34 770 41 768 41 744 34 730 34 718 34 715 37 715 79 713 87 1124 101 1127 84 1126 39 1126 39"/></Shape>
	    <String CONTENT="Alzó los ojos al cielo,"
                    HPOS="713"
                    VPOS="34"
                    WIDTH="414"
                    HEIGHT="67"></String>
          </TextLine>

          
          
          <TextLine ID="eSc_line_5caa1c2a"
                    TAGREFS="LT482"
                    BASELINE="718 139 790 132 1112 135" 
                    HPOS="716"
                    VPOS="80"
                    WIDTH="396"
                    HEIGHT="69">
            <Shape><Polygon POINTS="1043 84 1031 94 1002 84 992 84 980 94 978 94 945 82 943 82 942 82 940 82 919 92 909 82 907 82 906 82 888 82 871 82 861 82 859 82 857 82 856 82 856 84 847 92 844 94 837 91 801 80 799 80 797 80 796 80 770 91 765 92 718 91 718 139 716 146 1023 140 1109 149 1112 135 1110 96 1055 84 1043 84"/></Shape>
	    <String CONTENT="y dijo: Jesús divino,"
                    HPOS="716"
                    VPOS="80"
                    WIDTH="396"
                    HEIGHT="69"></String>
          </TextLine>

          
          
          <TextLine ID="eSc_line_cdc651aa"
                    TAGREFS="LT482"
                    BASELINE="716 187 1139 182" 
                    HPOS="715"
                    VPOS="132"
                    WIDTH="424"
                    HEIGHT="76">
            <Shape><Polygon POINTS="1024 135 1007 135 1007 137 997 144 981 137 976 135 974 135 973 135 971 135 962 137 935 146 892 140 876 139 875 139 873 139 861 140 837 147 823 142 809 137 808 137 806 137 804 137 802 137 802 139 797 144 792 147 715 147 716 187 718 208 746 195 823 195 833 204 833 206 835 206 837 206 839 206 868 204 974 194 1017 199 1040 202 1041 202 1138 195 1139 182 1133 132 1109 144 1033 135 1024 135"/></Shape>
	    <String CONTENT="por la sangre virginal"
                    HPOS="715"
                    VPOS="132"
                    WIDTH="424"
                    HEIGHT="76"></String>
          </TextLine>

          
          
          <TextLine ID="eSc_line_78da0bf1"
                    TAGREFS="LT482"
                    BASELINE="711 232 1250 237" 
                    HPOS="710"
                    VPOS="185"
                    WIDTH="540"
                    HEIGHT="71">
            <Shape><Polygon POINTS="1244 204 1227 202 1210 201 1193 197 1191 190 1110 187 1109 187 1107 187 1091 194 1084 197 1079 194 1072 189 1071 189 1069 189 1067 189 1033 194 1017 195 1002 194 947 185 945 185 943 185 942 185 942 187 933 194 928 197 778 197 775 194 763 187 761 187 759 187 758 187 711 194 711 232 710 250 772 252 773 252 775 252 780 250 802 242 823 250 830 252 832 252 833 252 835 252 842 249 859 242 897 249 928 254 930 254 931 254 933 254 933 252 938 249 942 245 959 249 988 252 990 252 1024 247 1048 244 1057 247 1072 254 1074 254 1076 254 1078 254 1107 245 1110 245 1122 256 1124 256 1126 256 1127 256 1129 256 1160 247 1196 256 1198 256 1200 256 1248 244 1250 237 1248 204 1244 204"/></Shape>
	    <String CONTENT="que os vertieron los judíos;"
                    HPOS="710"
                    VPOS="185"
                    WIDTH="540"
                    HEIGHT="71"></String>
          </TextLine>

          
          
          <TextLine ID="eSc_line_205121af"
                    TAGREFS="LT482"
                    BASELINE="716 283 1136 283" 
                    HPOS="716"
                    VPOS="235"
                    WIDTH="420"
                    HEIGHT="64">
            <Shape><Polygon POINTS="1112 237 1102 237 1067 244 1023 235 1021 235 1019 235 1017 235 1004 245 907 235 906 235 830 247 811 235 809 235 808 235 806 235 804 235 802 235 802 237 794 245 716 247 716 283 716 299 1136 295 1136 283 1136 247 1115 237 1112 237"/></Shape>
	    <String CONTENT="por la cruel bofetada"
                    HPOS="716"
                    VPOS="235"
                    WIDTH="420"
                    HEIGHT="64"></String>
          </TextLine>

          
          
          <TextLine ID="eSc_line_bed1419f"
                    TAGREFS="LT482"
                    BASELINE="715 333 1208 338" 
                    HPOS="713"
                    VPOS="285"
                    WIDTH="495"
                    HEIGHT="69">
            <Shape><Polygon POINTS="921 285 918 285 897 292 888 295 749 295 747 293 741 287 741 285 739 285 737 285 735 285 734 285 715 292 715 333 713 343 1205 354 1208 338 1207 290 955 292 952 292 931 285 921 285"/></Shape>
	    <String CONTENT="de vuestro rostro divino;"
                    HPOS="713"
                    VPOS="285"
                    WIDTH="495"
                    HEIGHT="69"></String>
          </TextLine>

          
          
          <TextLine ID="eSc_line_76e8078a"
                    TAGREFS="LT482"
                    BASELINE="721 388 818 385 1124 386" 
                    HPOS="718"
                    VPOS="336"
                    WIDTH="404"
                    HEIGHT="64">
            <Shape><Polygon POINTS="720 386 718 400 1121 393 1122 385 1119 336 720 336 720 386"/></Shape>
	    <String CONTENT="y por toda la pasion"
                    HPOS="718"
                    VPOS="336"
                    WIDTH="404"
                    HEIGHT="64"></String>
          </TextLine>

          
          
          <TextLine ID="eSc_line_e0058a6f"
                    TAGREFS="LT482"
                    BASELINE="723 434 1227 440" 
                    HPOS="722"
                    VPOS="388"
                    WIDTH="505"
                    HEIGHT="67">
            <Shape><Polygon POINTS="775 391 758 393 756 390 723 390 723 434 722 455 1225 455 1227 440 1225 388 778 390 775 391"/></Shape>
	    <String CONTENT="que padecisteis, Dios mio,"
                    HPOS="722"
                    VPOS="388"
                    WIDTH="505"
                    HEIGHT="67"></String>
          </TextLine>

          
          
          <TextLine ID="eSc_line_ecc6ab46"
                    TAGREFS="LT482"
                    BASELINE="722 486 1224 481" 
                    HPOS="720"
                    VPOS="443"
                    WIDTH="504"
                    HEIGHT="60">
            <Shape><Polygon POINTS="722 486 722 503 1224 498 1224 481 1220 445 720 443 722 486"/></Shape>
	    <String CONTENT="te pido que me perdones:"
                    HPOS="720"
                    VPOS="443"
                    WIDTH="504"
                    HEIGHT="60"></String>
          </TextLine>

          
          
          <TextLine ID="eSc_line_967dc2c3"
                    TAGREFS="LT482"
                    BASELINE="725 543 870 536 1268 539" 
                    HPOS="723"
                    VPOS="486"
                    WIDTH="545"
                    HEIGHT="71">
            <Shape><Polygon POINTS="863 486 861 486 859 486 857 486 847 495 845 496 844 495 832 486 830 486 828 486 827 486 825 486 823 486 809 495 806 498 725 498 725 543 723 557 1267 557 1268 539 1267 486 1194 486 1193 486 1191 486 1189 486 1189 488 1179 496 1133 488 1126 488 1124 488 1122 488 1119 488 1090 496 1079 489 1078 488 1076 488 1074 488 1072 488 1050 489 997 496 986 491 976 486 974 486 973 486 926 493 900 496 888 493 864 486 863 486"/></Shape>
	    <String CONTENT="pequé, Señor, mala he sido;"
                    HPOS="723"
                    VPOS="486"
                    WIDTH="545"
                    HEIGHT="71"></String>
          </TextLine>

          
          
          <TextLine ID="eSc_line_4bd41293"
                    TAGREFS="LT482"
                    BASELINE="716 587 1193 587" 
                    HPOS="716"
                    VPOS="541"
                    WIDTH="477"
                    HEIGHT="62">
            <Shape><Polygon POINTS="716 587 716 599 1191 603 1193 587 1191 541 716 546 716 587"/></Shape>
	    <String CONTENT="mas vuestra misericordia"
                    HPOS="716"
                    VPOS="541"
                    WIDTH="477"
                    HEIGHT="62"></String>
          </TextLine>

          
          
          <TextLine ID="eSc_line_a1dfee26"
                    TAGREFS="LT482"
                    BASELINE="718 637 1227 637" 
                    HPOS="718"
                    VPOS="589"
                    WIDTH="509"
                    HEIGHT="62">
            <Shape><Polygon POINTS="1035 589 1033 589 1014 596 1007 598 1000 596 981 589 980 589 978 589 921 596 907 598 887 598 775 589 773 589 718 598 718 637 718 651 1227 644 1227 637 1227 594 1036 589 1035 589"/></Shape>
	    <String CONTENT="es mayor que mis delitos."
                    HPOS="718"
                    VPOS="589"
                    WIDTH="509"
                    HEIGHT="62"></String>
          </TextLine>

          
          
          <TextLine ID="eSc_line_6fd9cb37"
                    TAGREFS="LT482"
                    BASELINE="718 687 1177 684" 
                    HPOS="716"
                    VPOS="637"
                    WIDTH="461"
                    HEIGHT="64">
            <Shape><Polygon POINTS="1164 639 1160 639 1146 644 1026 639 1009 639 992 639 974 639 957 639 945 639 943 639 942 642 938 646 888 644 772 639 768 639 751 639 734 639 727 637 716 644 718 687 718 699 1176 701 1177 684 1170 639 1164 639"/></Shape>
	    <String CONTENT="Al verdugo le avisaron,"
                    HPOS="716"
                    VPOS="637"
                    WIDTH="461"
                    HEIGHT="64"></String>
          </TextLine>

          
          
          <TextLine ID="eSc_line_cec3ed21"
                    TAGREFS="LT482"
                    BASELINE="725 740 1222 740" 
                    HPOS="725"
                    VPOS="687"
                    WIDTH="497"
                    HEIGHT="74">
            <Shape><Polygon POINTS="725 740 725 761 785 752 830 761 833 761 835 761 840 761 895 752 940 761 949 761 950 761 952 761 954 761 969 752 1220 758 1222 740 1222 694 725 687 725 740"/></Shape>
	    <String CONTENT="para que hiciera su oficio,"
                    HPOS="725"
                    VPOS="687"
                    WIDTH="497"
                    HEIGHT="74"></String>
          </TextLine>

          
          
          <TextLine ID="eSc_line_5cf8da30"
                    TAGREFS="LT482"
                    BASELINE="725 795 866 787 1158 789" 
                    HPOS="722"
                    VPOS="742"
                    WIDTH="435"
                    HEIGHT="69">
            <Shape><Polygon POINTS="723 794 727 811 742 801 773 809 775 809 777 809 778 809 799 801 813 809 814 809 816 809 818 811 842 811 897 811 897 809 899 809 900 809 900 808 909 801 955 809 959 809 961 809 962 809 964 809 980 799 1153 808 1157 787 1153 742 808 751 804 749 787 742 785 742 784 742 722 751 723 794"/></Shape>
	    <String CONTENT="y al instante la arrojó,"
                    HPOS="722"
                    VPOS="742"
                    WIDTH="435"
                    HEIGHT="69"></String>
          </TextLine>

          
          
          <TextLine ID="eSc_line_5eeb6dc6"
                    TAGREFS="LT482"
                    BASELINE="730 847 833 837 1188 838" 
                    HPOS="729"
                    VPOS="792"
                    WIDTH="459"
                    HEIGHT="67">
            <Shape><Polygon POINTS="730 847 735 859 741 852 754 859 756 859 758 859 759 859 777 859 928 850 1184 859 1188 838 1186 797 844 792 842 792 729 801 730 847"/></Shape>
	    <String CONTENT="y quedó el cadáver frio,"
                    HPOS="729"
                    VPOS="792"
                    WIDTH="459"
                    HEIGHT="67"></String>
          </TextLine>

          
          
          <TextLine ID="eSc_line_283cc4ce"
                    TAGREFS="LT482"
                    BASELINE="716 885 1253 888" 
                    HPOS="715"
                    VPOS="838"
                    WIDTH="538"
                    HEIGHT="69">
            <Shape><Polygon POINTS="993 838 992 838 990 838 988 838 986 838 981 844 976 849 966 844 959 840 957 840 955 840 954 840 952 840 949 844 940 850 828 850 821 847 804 840 802 840 799 840 766 847 759 849 758 847 754 844 751 845 734 847 732 838 716 847 716 885 715 900 1250 907 1253 888 1251 838 1188 838 1186 838 1184 838 1182 838 1160 850 1152 842 1152 840 1150 840 1148 840 1146 840 1143 840 1074 850 1060 842 1059 840 1057 840 1055 840 1053 840 1052 840 1045 842 1011 850 1000 842 995 838 993 838"/></Shape>
	    <String CONTENT="dando muestras de que fué"
                    HPOS="715"
                    VPOS="838"
                    WIDTH="538"
                    HEIGHT="69"></String>
          </TextLine>

          
          
          <TextLine ID="eSc_line_045a5754"
                    TAGREFS="LT482"
                    BASELINE="718 940 1225 935" 
                    HPOS="716"
                    VPOS="888"
                    WIDTH="509"
                    HEIGHT="66">
            <Shape><Polygon POINTS="1146 888 1129 888 1126 888 1078 895 1069 888 1060 888 1055 888 1036 897 1023 888 1021 888 1019 888 1017 888 1016 888 997 897 985 888 983 888 981 888 885 888 883 888 882 888 880 888 870 897 866 899 849 897 773 890 772 890 716 897 718 940 718 954 1053 947 1222 954 1225 935 1222 897 1153 888 1146 888"/></Shape>
	    <String CONTENT="á gozar del cielo empíreo."
                    HPOS="716"
                    VPOS="888"
                    WIDTH="509"
                    HEIGHT="66"></String>
          </TextLine>

          
          
          <TextLine ID="eSc_line_cda509a8"
                    TAGREFS="LT482"
                    BASELINE="716 988 1200 988" 
                    HPOS="716"
                    VPOS="940"
                    WIDTH="484"
                    HEIGHT="65">
            <Shape><Polygon POINTS="861 940 859 940 854 940 847 940 759 950 716 942 716 988 716 1005 1200 1002 1200 988 1198 940 1133 950 952 940 937 940 935 940 933 940 931 940 911 950 866 940 861 940"/></Shape>
	    <String CONTENT="Esta es la vida y muerte"
                    HPOS="716"
                    VPOS="940"
                    WIDTH="484"
                    HEIGHT="65"></String>
          </TextLine>

          
          
          <TextLine ID="eSc_line_f30f1473"
                    TAGREFS="LT482"
                    BASELINE="716 1040 1220 1040" 
                    HPOS="716"
                    VPOS="995"
                    WIDTH="504"
                    HEIGHT="64">
            <Shape><Polygon POINTS="716 1040 716 1059 1220 1059 1220 1040 1220 995 716 995 716 1040"/></Shape>
	    <String CONTENT="de Sebastiana del Castillo,"
                    HPOS="716"
                    VPOS="995"
                    WIDTH="504"
                    HEIGHT="64"></String>
          </TextLine>

          
          
          <TextLine ID="eSc_line_bc45ce75"
                    TAGREFS="LT482"
                    BASELINE="723 1093 1162 1084" 
                    HPOS="722"
                    VPOS="1041"
                    WIDTH="440"
                    HEIGHT="71">
            <Shape><Polygon POINTS="832 1041 722 1052 723 1093 725 1112 746 1103 840 1108 892 1112 894 1112 895 1112 897 1112 897 1110 899 1110 900 1107 907 1100 988 1100 993 1105 997 1107 997 1108 998 1108 1000 1108 1002 1108 1004 1108 1017 1105 1036 1098 1043 1103 1048 1108 1050 1108 1052 1108 1053 1108 1162 1100 1162 1084 1158 1043 833 1041 832 1041"/></Shape>
	    <String CONTENT="y de esta suerte acabó"
                    HPOS="722"
                    VPOS="1041"
                    WIDTH="440"
                    HEIGHT="71"></String>
          </TextLine>

          
          
          <TextLine ID="eSc_line_c3a642e5"
                    TAGREFS="LT482"
                    BASELINE="716 1139 1280 1143" 
                    HPOS="715"
                    VPOS="1086"
                    WIDTH="565"
                    HEIGHT="95">
            <Shape><Polygon POINTS="820 1091 818 1091 796 1098 784 1101 773 1100 747 1093 746 1093 744 1093 742 1093 716 1100 716 1139 715 1158 827 1158 844 1163 866 1169 868 1169 870 1169 871 1169 887 1163 926 1153 1026 1163 1028 1163 1088 1155 1136 1158 1153 1175 1157 1177 1157 1179 1158 1179 1160 1179 1162 1181 1279 1181 1280 1143 1279 1086 1177 1086 1176 1086 1174 1086 1165 1088 1117 1103 1028 1093 1026 1093 1024 1093 957 1101 949 1095 947 1093 947 1091 945 1091 943 1091 942 1091 913 1095 873 1101 856 1096 835 1091 820 1091"/></Shape>
	    <String CONTENT="de veinte años no cumplidos,"
                    HPOS="715"
                    VPOS="1086"
                    WIDTH="565"
                    HEIGHT="95"></String>
          </TextLine>

          
          
          <TextLine ID="eSc_line_8d57a309"
                    TAGREFS="LT482"
                    BASELINE="720 1191 1127 1191" 
                    HPOS="720"
                    VPOS="1146"
                    WIDTH="407"
                    HEIGHT="64">
            <Shape><Polygon POINTS="720 1191 720 1206 1126 1210 1127 1191 1124 1146 1105 1155 1096 1146 1095 1146 1093 1146 1091 1146 1086 1146 1043 1155 988 1148 968 1146 966 1146 964 1146 959 1148 943 1155 930 1150 921 1146 919 1146 918 1146 916 1146 902 1150 878 1155 854 1150 832 1146 830 1146 720 1151 720 1191"/></Shape>
	    <String CONTENT="en este presente año,"
                    HPOS="720"
                    VPOS="1146"
                    WIDTH="407"
                    HEIGHT="64"></String>
          </TextLine>

          
          
          <TextLine ID="eSc_line_31c16cab"
                    TAGREFS="LT482"
                    BASELINE="720 1242 1186 1242" 
                    HPOS="720"
                    VPOS="1191"
                    WIDTH="466"
                    HEIGHT="65">
            <Shape><Polygon POINTS="943 1193 926 1193 921 1193 895 1198 876 1201 870 1198 856 1193 845 1193 839 1199 835 1203 720 1203 720 1242 720 1254 1184 1256 1186 1242 1184 1191 1062 1201 986 1194 959 1193 943 1193"/></Shape>
	    <String CONTENT="segun lo dice el escrito,"
                    HPOS="720"
                    VPOS="1191"
                    WIDTH="466"
                    HEIGHT="65"></String>
          </TextLine>

          
          
          <TextLine ID="eSc_line_07bde269"
                    TAGREFS="LT482"
                    BASELINE="722 1291 1253 1285" 
                    HPOS="720"
                    VPOS="1237"
                    WIDTH="533"
                    HEIGHT="71">
            <Shape><Polygon POINTS="1184 1244 1172 1244 1167 1248 1158 1244 1150 1244 1133 1244 1115 1244 1098 1244 1081 1244 1066 1244 1045 1251 1014 1244 1012 1244 995 1244 978 1244 962 1244 935 1251 909 1244 909 1244 892 1244 883 1244 866 1253 720 1248 722 1291 722 1308 1251 1308 1253 1285 1250 1237 1189 1237 1188 1237 1186 1237 1184 1237 1184 1244"/></Shape>
	    <String CONTENT="que es de mil y setecientos"
                    HPOS="720"
                    VPOS="1237"
                    WIDTH="533"
                    HEIGHT="71"></String>
          </TextLine>

          
          
          <TextLine ID="eSc_line_882b7f55"
                    TAGREFS="LT482"
                    BASELINE="718 1340 1225 1340" 
                    HPOS="718"
                    VPOS="1292"
                    WIDTH="507"
                    HEIGHT="66">
            <Shape><Polygon POINTS="718 1340 718 1352 1224 1358 1225 1340 1225 1301 1201 1292 1200 1292 1198 1292 1196 1292 1170 1301 1148 1292 1146 1292 1145 1292 1098 1301 1091 1301 718 1296 718 1340"/></Shape>
	    <String CONTENT="en este de veinte y cinco."
                    HPOS="718"
                    VPOS="1292"
                    WIDTH="507"
                    HEIGHT="66"></String>
          </TextLine>

          
          
          <TextLine ID="eSc_line_ae6b3f98"
                    TAGREFS="LT482"
                    BASELINE="718 1392 1225 1387" 
                    HPOS="716"
                    VPOS="1346"
                    WIDTH="509"
                    HEIGHT="67">
            <Shape><Polygon POINTS="718 1392 718 1413 1225 1402 1225 1387 1220 1346 716 1347 718 1392"/></Shape>
	    <String CONTENT="Dios le dé eterno descanso"
                    HPOS="716"
                    VPOS="1346"
                    WIDTH="509"
                    HEIGHT="67"></String>
          </TextLine>

          
          
          <TextLine ID="eSc_line_75052830"
                    TAGREFS="LT482"
                    BASELINE="711 1442 1110 1438" 
                    HPOS="710"
                    VPOS="1390"
                    WIDTH="400"
                    HEIGHT="73">
            <Shape><Polygon POINTS="711 1442 711 1463 1109 1459 1110 1438 1103 1390 1074 1401 1062 1392 1060 1392 1059 1392 1057 1392 1053 1392 962 1401 938 1395 925 1392 923 1392 921 1392 919 1392 907 1397 892 1402 875 1397 859 1394 857 1394 856 1394 854 1394 852 1394 845 1399 837 1404 710 1404 711 1442"/></Shape>
	    <String CONTENT="en su santo paraíso,"
                    HPOS="710"
                    VPOS="1390"
                    WIDTH="400"
                    HEIGHT="73"></String>
          </TextLine>

          
          
          <TextLine ID="eSc_line_461feff0"
                    TAGREFS="LT482"
                    BASELINE="723 1502 784 1492 1237 1487" 
                    HPOS="722"
                    VPOS="1445"
                    WIDTH="515"
                    HEIGHT="73">
            <Shape><Polygon POINTS="723 1502 723 1518 790 1507 852 1514 864 1514 866 1514 868 1514 870 1514 871 1512 882 1505 919 1511 942 1514 943 1514 976 1509 1009 1504 1062 1505 1174 1511 1176 1511 1236 1499 1237 1487 1232 1445 722 1452 723 1502"/></Shape>
	    <String CONTENT="y á nosotros nos dé gracia"
                    HPOS="722"
                    VPOS="1445"
                    WIDTH="515"
                    HEIGHT="73"></String>
          </TextLine>

          
          
          <TextLine ID="eSc_line_6c3cdb9f"
                    TAGREFS="LT482"
                    BASELINE="723 1548 1239 1538" 
                    HPOS="722"
                    VPOS="1495"
                    WIDTH="517"
                    HEIGHT="102">
            <Shape><Polygon POINTS="723 1548 727 1591 737 1581 754 1591 756 1591 758 1591 759 1591 761 1591 763 1591 763 1590 773 1579 899 1578 947 1591 969 1597 971 1597 973 1597 1239 1590 1239 1538 1236 1495 900 1495 899 1495 897 1495 864 1504 863 1504 808 1497 806 1497 722 1507 723 1548"/></Shape>
	    <String CONTENT="por los siglos de los siglos."
                    HPOS="722"
                    VPOS="1495"
                    WIDTH="517"
                    HEIGHT="102"></String>
          </TextLine>

          
        </TextBlock>
        
        <TextBlock HPOS="630"
                   VPOS="1623"
                   WIDTH="180"
                   HEIGHT="91"
                   ID="eSc_textblock_d7846883"
                   TAGREFS="BT1295">
          <Shape><Polygon POINTS="630 1623 630 1714 810 1714 810 1623"/></Shape>
          
          
          <TextLine ID="eSc_line_4260dfa7"
                    TAGREFS="LT481"
                    BASELINE="639 1684 780 1688" 
                    HPOS="636"
                    VPOS="1624"
                    WIDTH="142"
                    HEIGHT="93">
            <Shape><Polygon POINTS="775 1624 758 1624 741 1624 723 1624 706 1624 689 1624 672 1624 655 1624 637 1624 637 1683 636 1700 775 1717 778 1686 778 1624 775 1624"/></Shape>
	    <String CONTENT="FIN."
                    HPOS="636"
                    VPOS="1624"
                    WIDTH="142"
                    HEIGHT="93"></String>
          </TextLine>

          
        </TextBlock>
        
        <TextBlock HPOS="82"
                   VPOS="1835"
                   WIDTH="1258"
                   HEIGHT="137"
                   ID="block_3"
                   TAGREFS="BT1297">
          <Shape><Polygon POINTS="1340 1835 1340 1972 82 1972 82 1835"/></Shape>
          
          
          <TextLine ID="eSc_line_8ed6892a"
                    TAGREFS="LT482"
                    BASELINE="115 1894 1302 1889" 
                    HPOS="111"
                    VPOS="1836"
                    WIDTH="1190"
                    HEIGHT="84">
            <Shape><Polygon POINTS="1212 1836 1194 1836 1188 1836 1086 1842 1045 1836 1040 1836 1026 1836 993 1846 981 1836 971 1836 954 1836 937 1836 926 1836 888 1846 873 1851 802 1851 794 1846 785 1839 784 1839 782 1839 780 1839 737 1846 708 1849 694 1846 668 1836 667 1836 665 1836 483 1844 409 1848 390 1844 355 1837 354 1837 352 1837 350 1837 340 1844 328 1851 312 1844 304 1841 302 1841 300 1841 299 1841 287 1844 257 1851 228 1844 216 1841 214 1841 213 1841 211 1841 209 1841 208 1844 197 1851 111 1844 113 1892 113 1913 326 1906 343 1911 364 1918 366 1918 367 1920 479 1920 479 1918 481 1918 500 1909 512 1904 648 1904 667 1908 701 1916 703 1918 894 1918 894 1916 895 1916 897 1916 897 1915 907 1906 911 1903 949 1906 1024 1911 1026 1911 1088 1904 1102 1903 1103 1904 1119 1913 1121 1913 1122 1913 1189 1915 1191 1915 1299 1901 1301 1887 1298 1848 1225 1836 1212 1836"/></Shape>
	    <String CONTENT="Barcelona: Imprenta de los Herederos de la Viuda Pla; &#39;calle"
                    HPOS="111"
                    VPOS="1836"
                    WIDTH="1190"
                    HEIGHT="84"></String>
          </TextLine>

          
          
          <TextLine ID="eSc_line_cdea39e0"
                    TAGREFS="LT482"
                    BASELINE="576 1942 820 1946" 
                    HPOS="574"
                    VPOS="1920"
                    WIDTH="246"
                    HEIGHT="87">
            <Shape><Polygon POINTS="816 1939 799 1939 782 1939 765 1939 747 1939 730 1939 713 1939 696 1939 679 1939 661 1939 644 1939 627 1939 610 1939 593 1940 584 1920 576 1920 576 1942 574 1992 665 2006 667 2006 668 2006 670 2006 677 1999 699 1983 751 1983 772 2006 773 2006 773 2007 775 2007 777 2007 778 2007 780 2007 782 2007 784 2006 792 1999 814 2007 820 1946 818 1939 816 1939"/></Shape>
	    <String CONTENT="de Cotoners."
                    HPOS="574"
                    VPOS="1920"
                    WIDTH="246"
                    HEIGHT="87"></String>
          </TextLine>

          
        </TextBlock>
        

        
      </PrintSpace>
    </Page>
  </Layout>
</alto>
