1881 2590
315 146 434 65 Lo treball de nostre ofici

313 196 462 67 no fatiga, puig no es fort,

315 243 484 72 que regularment las feynas

313 302 473 51 se fan ab molt gran repós.

315 343 451 60 Feu ara sobre estas cosas

315 392 294 59 madura reflexîó,

317 438 345 67 y vejen si trobaréu

315 489 352 54 un ofici mes honrós

323 533 467 69 y que tinga circunstancias

315 584 438 57 tan apreciables com son

313 625 457 65 las del nostre: considero

315 671 365 64 que fora dificultós.

323 720 573 76 ¡Válgam lo beneyt sant March!

315 770 501 63 sant Crispí! sant Salvador!

317 824 441 54 digué mirantse lo sastre

317 871 378 54 son camarada Clicot.

328 906 559 71 ¿De ahont traus tanta materia?

326 960 432 67 Te aturdias de estos dos,

326 1016 516 63 y xarras mes que una garsa,

323 1068 460 54 mes que trenta gafarrons.

326 1107 550 60 Tinch vist que tant lo Borruga,

323 1152 454 67 com tu y com lo Cendrós,

326 1204 501 67 tots vos demostrau gustosos,

326 1256 395 60 aquell de ser teixidor,

326 1299 462 69 aquest de portar capsana,

334 1353 389 54 y tu de ser sastrinyol.

323 1392 491 64 Donchs advertiu que també

328 1446 397 69 jo gusto de ser pegot:

323 1495 536 59 no m' sab mal rosegar cuyro,

330 1545 469 58 ni estirar lo pel de porch,

330 1590 371 61 ni portar lo devantal

328 1638 376 62 tan untat y safarrós;

328 1683 559 63 que encara que malas llenguas

330 1735 447 56 diuhen que es ofici llort,

332 1774 449 71 jo sé que es honrat ofici,

332 1832 361 63 que es ofici profitós,

336 1873 454 73 y que en ell ho passan bè

330 1923 464 60 tots los bons treballadors:

336 1970 465 71 jo deixo dir lo que vullan,

332 2022 518 54 com me deixen fer mon joch.

334 2067 473 63 Estich en casa de un amo,

334 2113 501 64 que es home de bon humor,

334 2164 357 61 de natural apacible

345 2214 333 65 y amable condició.

336 2257 441 63 Corretgeix benignament,

345 2296 544 80 y ensenya ab molt gran amor:

1017 148 438 67 es compassiu, es afable,

1019 205 365 51 es lliberal y garbós.

1019 243 574 65 La mestressa es de altre geni,

1019 293 443 63 que no m' satisfá del tot:

1021 343 469 60 es tan estreta ab nosaltres,

1021 388 458 60 que en ella no troba lloch

1021 433 369 63 lo que es lliberalitat.

1019 485 408 58 Al dematí quatre nous

1021 537 423 58 me dòna per esmorsar,

1025 580 432 61 y de pa un petit crostó:

1021 625 412 65 ó una cua de arengada

1023 669 426 73 y un parell de rosegons

1021 725 441 58 ab quatre gotetas de oli;

1027 768 456 71 y diu que n' hi posa poch

1030 818 492 73 perque no m' danye lo pit:

1025 867 370 65 jo li estimo lo favor,

1027 910 335 69 peró mes estimaria

1027 962 430 61 que son cor fos generós.

1023 975 648 97 No obstant, com ja me he fet compte

1023 1048 408 72 que sols pot durar axó

1027 1111 452 52 mentres del aprenentatge

1030 1154 453 63 me subjecten los grillons,

1027 1195 478 61 me alimento de esperansas

1032 1243 449 62 de que arrivant al ditxós

1032 1290 451 69 libre estat del fadrinatge,

1032 1346 399 56 me atiparé de matons,

1030 1383 434 73 de pa de ral, y sisenas

1032 1435 365 60 de botifarras y ous:

1030 1484 425 63 beuré vi com un inglés,

1043 1530 490 65 y ayguardent com un saxô.

1034 1579 428 65 Si després puch arrivar

1034 1627 438 67 á véncer lo major gorp,

1036 1679 523 54 vull dir, á passarme mestre,

1038 1718 380 75 ja no envejaré la sort

1036 1765 508 67 al rey de la Gran Bretanya,

1036 1817 538 65 ni al Sofí, ni al Gran Mogol.

1036 1862 421 65 Ja que de nostres oficis

1036 1916 510 54 contents nos demostram tots,

1040 1957 519 73 (digué lo Climent); importa

1040 2005 521 73 que, ajudant Nostre Senyor,

1040 2061 447 58 nos esmerem en cumplir

1040 2102 361 67 la nostra obligació.

1045 2154 367 66 En axó se dividiren,

1056 2192 442 82 y jo quedí molt gustós

1040 2246 484 63 de haver ohit los discursos

1040 2296 456 63 de aquestas conclusions.
