1396 2156
253 598 874 120 NOU Y CURIOS ROMANS

66 664 1227 146 DE LAS GRANS VIRTUTS Y MOLTAS EXCELEN-

176 745 996 108 CIAS DEL HUMIL, SENCILL Y DESPRECIAT JUMENT,

59 797 1250 124 Compost per lo expert Ennesel Lano eruditissim escudrinyador

88 853 1180 127 dels secrets mes naturals y Manescal Major de la dilatadissima

194 910 964 112 y populosa Provincia de Asinaria y sos Contorns.

689 1011 417 75 ser capás de tanta cosa,

685 1051 365 73 tanta virtut copiosa,

687 1101 421 70 com enclou eix Animal;

698 1148 384 61 gosa (responguéli) tal

683 1185 468 99 Vosasté? y de tanta cosa?

93 1006 480 61 Una Senyora á un subjecte,

44 1024 511 88 li digué: Vosté es gran Asa,

41 1070 457 76 pensá l' deixar una brasa,

41 1119 489 73 prenguéu ell per bon afecte;

37 1157 455 102 discorrent, no ser defecte,

64 1266 484 79 Quant al principi del mon,

34 1306 435 75 la sagrada Omnipotencia

34 1351 437 75 li doná ab son ser lo ser,

34 1401 458 68 ab que las cosas engendra,

75 1444 441 75 Ordená que el ayre sutil,

30 1478 435 79 Ocells en sa gran esfera

23 1532 381 63 de varios colors criás

28 1575 486 68 vestits de plomas llaugeras.

73 1611 486 74 Y entre ells senyalás alguns

19 1660 502 77 en virtuts y preheminencias,

17 1706 416 69 com la Aliga coronada,

19 1744 540 81 que atisba an al quart planeta,

70 1789 419 75 Vista perspicás constant;

21 1827 516 86 lo Fenix que al Sol se crema,

16 1875 494 77 la Cigonya, que á sos pares,

16 1918 538 83 quant son molt vells alimenta;

57 1965 488 81 Lo Cisne mut que no canta,

17 2003 488 99 sino quant sa mort lo cerca,

678 1275 453 97 lo Astór y Sacre Rapants,

681 1338 436 75 que fogosos en la guerra,

723 1379 451 81 Per l'ayre voltan llaugers,

674 1422 475 80 captivant als qui flaquejan;

672 1466 542 84 y altres ocells, que sas gracias

671 1518 485 70 callo, perque son inmensas.

710 1555 452 74 Ordená també quel' foch,

671 1597 550 88 que enclogué á la quarta esfera,

662 1645 388 65 força donás an al Sol,

665 1690 403 59 per escalfarnos calenta.

706 1730 420 70 Al aygua humida maná

662 1773 429 75 produhís la gran caterva

660 1814 579 83 dels peixos, que en sas entranyas

658 1859 428 77 habitan y se alimentan:

706 1904 515 83 Y que de estos se amostrassen

653 1945 451 74 de tan estranya grandesa;

653 1997 482 74 com son, lo Cayman vorás,

651 2035 365 90 la tragadora Balena;

1151 2067 52 81 Lo
