1902 2574
279 858 1161 96 NUEVO ROMANCE, EN QUE SE DECLARA

201 943 1308 88 una prision que ha hecho la santa inquisicion en esta corte de Ma-

199 1010 1329 71 drid, de tres hombres y dos mugeres, por haber dado muerte á

255 1057 1187 77 veinte y seis hombres y un niño, habiéndolos hallado los

283 1102 1159 90 unos en sal y los otros consumidos; y como se descubrió

611 1149 488 105 por un caballero Maltés.

598 1267 518 120 PRIMERA PARTE.

199 1424 541 77 Emperatriz de los cielos,

197 1482 485 68 Madre de Dios soberana,

191 1527 573 75 concede á mi entendimiento

191 1589 648 66 vuestro auxilio y vuestra gracia,

197 1634 479 73 para que pueda explicar

193 1683 554 71 la crueldad mas inhumana;

197 1741 414 67 y para no dilatarme

199 1782 453 71 pasemos á la sustancia.

193 1836 466 68 En la corte de Madrid,

193 1894 461 70 aplaudida y celebrada,

191 1939 579 64 donde se ostenta con triunfo

193 1990 483 67 la silla regia de España,

191 2042 483 66 aquí asiste un caballero,

188 2095 640 67 que aunque es natural de Malta,

197 2140 507 77 por unos ciertos negocios

195 2194 442 66 en esta corte se halla;

197 2241 487 120 y por el pleito ser largo

875 1583 516 70 Jueves santo por la tarde,

871 1424 520 79 ha tomado asiento y casa

869 1486 436 58 con todo lo necesario

871 1533 423 65 de criados y criadas.

869 1634 534 62 con un criado en compaña

869 1679 397 77 á visitar las iglesias

875 1743 505 65 salió, y á poca distancia,

873 1793 545 58 al revolver de una esquina,

873 1838 479 62 encontró con una dama

875 1887 518 69 hermosa, cuanto discreta,

873 1934 573 73 muy compuesta y adornada,

871 1984 449 70 con una criada detrás,

873 2035 576 71 que á esta señora acompaña;

873 2089 453 64 llegándose al caballero

873 2136 520 73 le dice aquestas palabras:

873 2194 541 68 Señor, si como lo muestra

875 2239 640 116 vuestro aspecto y vuestra fama,
