1941 2618
255 95 454 81 de nada tengais recelo,

257 157 494 72 que son criados de casa;

259 198 513 76 luego en cenando os iréis.

264 246 559 85 Y estando en estas palabras,

253 309 384 68 un embozado llegó

248 359 457 68 sin descubrirse la cara,

253 403 517 74 diciendo: que buen reloj!

255 455 400 70 veámosle camarada.

253 510 517 76 Alargó el reloj, diciendo:

251 558 489 74 Reloj, persona y espada

246 610 579 75 está aquí en servicio vuestro.

251 656 456 83 Y sin replicar en nada,

242 715 428 74 se quedó con el reloj,

248 767 459 68 y dándoselo á la dama

244 811 463 79 la dice: recibe, señora,

244 863 454 72 aquesta pequeña alhaja

240 909 530 79 de un criado de los tuyos.

240 959 546 92 Llegó otro diciendo: Sacad,

235 1010 385 74 caballero, si traeis

235 1071 437 76 de tabaco alguna caja,

240 1121 460 72 y tomarémos un polvo.

233 1169 456 81 Sacó una caja de plata,

233 1215 452 74 tomaron todos tabaco;

237 1271 483 70 pero al fin de la jornada

227 1326 510 74 hicieron la misma accion;

231 1374 458 76 pues luego pasó la caja

229 1431 406 69 á acompañar el reloj

227 1472 484 79 á las manos de la dama.

229 1520 535 83 Viéndose el buen caballero

218 1570 498 85 en confusion tan estraña,

218 1623 421 76 con el corazon pedia

216 1671 423 80 á la Virgen soberana

216 1725 541 77 del Cármen, que le librase

213 1775 518 88 de aquella infame canalla.

216 1826 497 87 Y les dice: amigos mios,

209 1889 542 70 mucho estimara en el alma

209 1935 570 74 que ustedes me dén licencia,

213 1989 638 81 que es tarde, y hago gran falta,

892 2000 533 81 toma las llaves, y marcha;

207 2037 472 79 que tengo de despachar

209 2083 524 85 para mi tierra unas cartas.

205 2140 421 70 La dijo con disimulo

203 2192 506 131 un embozado á la dama:

938 115 489 76 si ahora le parece tarde,

938 176 470 66 mas tarde será mañana.

943 215 498 75 Y los otros dos le dicen:

934 266 426 72 Caballero, si mi ama

934 318 565 83 gusta de que usted se quede

930 381 476 61 á cenar en su compaña,

930 429 622 79 (pues nada pierde usted en ello)

927 482 577 76 no hay que replicar palabra,

927 534 596 68 que aquí se otorga por fuerza

925 573 561 85 lo que no se hace por gana.

927 628 548 78 Viendo aquesto el caballero

921 676 522 72 de esta manera les habla:

927 735 555 76 pues ya que quedo, señora,

921 789 478 64 á cenar en su compaña,

921 829 581 78 un gusto me habeis de hacer,

923 881 513 68 y es que tengo en mi casa

917 933 576 81 un buen vino de un presente

914 983 474 77 que recibí esta mañana,

914 1040 518 74 mejor que este que teneis,

917 1093 554 74 y es mi gusto que se traiga;

917 1136 471 72 y así si quereis, llamad

912 1186 502 85 á mi criado, y que vaya,

917 1247 482 57 porque una poca mistela

910 1295 493 70 juntamente con él traiga,

908 1350 476 57 que para esas ocasiones

906 1394 541 69 tambien la tengo guardada.

906 1444 482 74 Llaman arriba al criado,

906 1496 449 68 por escusar que bajara

901 1542 522 78 el amo, y le diera cuenta

899 1596 485 70 de lo que allí le pasaba.

897 1651 517 63 Le dice el amo al criado:

895 1692 465 83 Anda, vé ligero á casa,

895 1745 493 85 y en la papelera grande,

892 1808 472 59 allí encontrarás tapadas

888 1852 489 78 dos redomas de mistela;

888 1902 463 63 y mas abajo en el arca

882 1950 545 65 cuatro encontrarás de vino

882 2050 430 81 tráelas, y vén ligero,

879 2109 492 72 que la cena nos aguarda,

886 2164 502 72 que estoy aquí convidado

877 2216 459 105 á cenar con esta dama.
