1928 2623
242 874 1377 92 NUEVA RELACION Y CURIOSO ROMANCE, EN QUE SE REFIERE

242 931 1358 83 un raro suceso y notable tragedia, que en la ciudad de Antequera

244 979 1347 89 sucedió con dos mancebos muy amigos, el uno llamado Diego de Frias,

299 1025 1246 83 y el otro Antonio Montero, el cual era casado con una hermosa

349 1079 1141 79 dama; y como Diego de Frias, habiéndose enamorado de ella,

386 1127 1058 86 la sacó de su casa, y la llevó á Sevilla; como despues

539 1182 752 74 Antonio Montero los mató á entrambos.

653 1256 547 103 DE ANTONIO MONTERO.

240 1383 492 66 A la Vírgen del Rosario

238 1425 476 76 le suplico me dé aliento,

233 1479 534 77 mientras mi lengua declara

231 1525 446 70 el mas notable suceso,

238 1575 607 81 que en la ciudad de Antequera

229 1626 547 78 les sucedió á dos mancebos,

227 1678 500 72 el uno es Diego de Frias,

233 1735 532 66 y el otro Antonio Montero:

229 1781 501 68 eran ambos muy amigos,

236 1831 531 72 y de muy cercanos deudos.

225 1871 395 76 Era Montero casado

225 1927 524 70 con Doña Juana de Cuero,

220 1973 558 79 blanca y rubia como el sol,

225 2028 489 66 y de lindo entendimiento,

220 2078 540 75 discreta, entendida y sabia;

218 2124 533 74 mas aquel dragon soberbio

220 2172 488 77 siempre tiró á derribarla,

220 2229 523 131 armando trazas y enredos:

909 1398 446 59 hizo que se enamorase

909 1438 481 72 Diego de Frias, teniendo

909 1481 474 81 tanta cabida en su casa,

902 1534 512 83 de amores andaba muerto,

898 1584 494 75 hasta que le dijo un dia:

900 1635 481 78 Si tú pagáras mi afecto,

898 1685 557 83 fueras dueño de mis bienes,

900 1742 612 70 pues que tanta hacienda tengo.

898 1792 444 72 La dama le respondió:

898 1836 531 74 Mira que Antonio Montero

900 1890 503 77 es tu amigo, y si lo sabe,

894 1930 474 83 mala fortuna tendremos;

894 1986 500 70 mas al fin, ya daré traza

904 2043 479 72 para que juntos estemos.

891 2080 466 83 Ingrata muger y frágil,

896 2139 588 81 que quebrantando el precepto

889 2185 538 83 de tu esposo, diste entrada

887 2236 557 122 al galan, (Jesus que yerro!)

1418 2297 46 70 Ti-
