<?xml version="1.0" encoding="UTF-8"?>
<alto xmlns:xsi="http://www.w3.org/2001/XMLSchema-instance"
      xmlns="http://www.loc.gov/standards/alto/ns-v4#"
      xsi:schemaLocation="http://www.loc.gov/standards/alto/ns-v4# http://www.loc.gov/standards/alto/v4/alto-4-2.xsd">
  <Description>
    <MeasurementUnit>pixel</MeasurementUnit>
    <sourceImageInformation>
      <fileName>BCN_042_6.jpg</fileName>
      
    </sourceImageInformation>
  </Description>
  
  <Tags>
    <OtherTag ID="BT1290" LABEL="CustomZone:impresorNum" DESCRIPTION="block type CustomZone:impresorNum"/><OtherTag ID="BT1291" LABEL="CustomZone:numero_pliego" DESCRIPTION="block type CustomZone:numero_pliego"/><OtherTag ID="BT1292" LABEL="CustomZone:title" DESCRIPTION="block type CustomZone:title"/><OtherTag ID="BT1293" LABEL="GraphicZone:illustration" DESCRIPTION="block type GraphicZone:illustration"/><OtherTag ID="BT1294" LABEL="GraphicZone:ornamentation" DESCRIPTION="block type GraphicZone:ornamentation"/><OtherTag ID="BT1295" LABEL="MainZone" DESCRIPTION="block type MainZone"/><OtherTag ID="BT1296" LABEL="MainZone:columns" DESCRIPTION="block type MainZone:columns"/><OtherTag ID="BT1297" LABEL="MarginTextZone:colophon" DESCRIPTION="block type MarginTextZone:colophon"/><OtherTag ID="BT1298" LABEL="MarginTextZone:note" DESCRIPTION="block type MarginTextZone:note"/><OtherTag ID="BT1299" LABEL="MusicZone" DESCRIPTION="block type MusicZone"/><OtherTag ID="BT1300" LABEL="NumberingZone:page" DESCRIPTION="block type NumberingZone:page"/><OtherTag ID="BT1301" LABEL="QuireMarksZone:catchwords" DESCRIPTION="block type QuireMarksZone:catchwords"/><OtherTag ID="BT1302" LABEL="QuireMarksZone:signature" DESCRIPTION="block type QuireMarksZone:signature"/><OtherTag ID="BT1303" LABEL="RunningTitleZone" DESCRIPTION="block type RunningTitleZone"/>
    <OtherTag ID="LT480" LABEL="CustomLine:propriedad" DESCRIPTION="line type CustomLine:propriedad"/><OtherTag ID="LT481" LABEL="CustomLine:trailer" DESCRIPTION="line type CustomLine:trailer"/><OtherTag ID="LT482" LABEL="DefaultLine" DESCRIPTION="line type DefaultLine"/><OtherTag ID="LT483" LABEL="HeadingLine" DESCRIPTION="line type HeadingLine"/>
  </Tags>
  
  <Layout>
    <Page WIDTH="2148"
          HEIGHT="3034"
          PHYSICAL_IMG_NR="222"
          ID="eSc_dummypage_">
      <PrintSpace HPOS="0"
                  VPOS="0"
                  WIDTH="2148"
                  HEIGHT="3034">
        
        <TextBlock HPOS="455"
                   VPOS="271"
                   WIDTH="76"
                   HEIGHT="82"
                   ID="eSc_textblock_dc5bce42"
                   TAGREFS="BT1300">
          <Shape><Polygon POINTS="455 271 455 353 531 353 531 271"/></Shape>
          
          
          <TextLine ID="eSc_line_6bf403a6"
                    TAGREFS="LT482"
                    BASELINE="488 316 503 316" 
                    HPOS="488"
                    VPOS="283"
                    WIDTH="15"
                    HEIGHT="53">
            <Shape><Polygon POINTS="488 283 488 316 488 336 503 336 503 316 503 285 488 283"/></Shape>
	    <String CONTENT="6"
                    HPOS="488"
                    VPOS="283"
                    WIDTH="15"
                    HEIGHT="53"></String>
          </TextLine>

          
        </TextBlock>
        
        <TextBlock HPOS="452"
                   VPOS="322"
                   WIDTH="682"
                   HEIGHT="2141"
                   ID="eSc_textblock_8ca725cb"
                   TAGREFS="BT1296">
          <Shape><Polygon POINTS="452 329 452 2463 1131 2463 1134 1466 1093 322"/></Shape>
          
          
          <TextLine ID="eSc_line_1be47b97"
                    TAGREFS="LT482"
                    BASELINE="470 366 1062 359" 
                    HPOS="468"
                    VPOS="303"
                    WIDTH="594"
                    HEIGHT="86">
            <Shape><Polygon POINTS="1024 336 999 333 974 331 948 328 923 326 898 323 872 321 847 318 822 316 796 313 771 310 746 308 721 305 695 303 667 303 665 303 662 303 637 313 619 321 468 313 470 366 470 389 1062 376 1062 359 1024 336 1024 336"/></Shape>
	    <String CONTENT="de ver que fuisteis mi paje,"
                    HPOS="468"
                    VPOS="303"
                    WIDTH="594"
                    HEIGHT="86"></String>
          </TextLine>

          
          
          <TextLine ID="eSc_line_10e08c62"
                    TAGREFS="LT482"
                    BASELINE="475 419 1034 412" 
                    HPOS="473"
                    VPOS="366"
                    WIDTH="561"
                    HEIGHT="63">
            <Shape><Polygon POINTS="475 419 475 429 1034 429 1034 412 1027 366 473 374 475 419"/></Shape>
	    <String CONTENT="y hoy me sirvais de maestro."
                    HPOS="473"
                    VPOS="366"
                    WIDTH="561"
                    HEIGHT="63"></String>
          </TextLine>

          
          
          <TextLine ID="eSc_line_e2d92155"
                    TAGREFS="LT482"
                    BASELINE="473 467 1006 462" 
                    HPOS="470"
                    VPOS="417"
                    WIDTH="536"
                    HEIGHT="70">
            <Shape><Polygon POINTS="470 437 473 467 473 487 1006 477 1006 462 999 417 488 422 470 437"/></Shape>
	    <String CONTENT="No lloreis, amado padre,"
                    HPOS="470"
                    VPOS="417"
                    WIDTH="536"
                    HEIGHT="70"></String>
          </TextLine>

          
          
          <TextLine ID="eSc_line_652e77e2"
                    TAGREFS="LT482"
                    BASELINE="473 520 1004 513" 
                    HPOS="470"
                    VPOS="465"
                    WIDTH="534"
                    HEIGHT="76">
            <Shape><Polygon POINTS="976 465 951 465 925 465 908 465 470 475 473 520 473 541 1004 533 1004 513 996 465 976 465"/></Shape>
	    <String CONTENT="porque me aflijo de veros,"
                    HPOS="470"
                    VPOS="465"
                    WIDTH="534"
                    HEIGHT="76"></String>
          </TextLine>

          
          
          <TextLine ID="eSc_line_a9c5b4c7"
                    TAGREFS="LT482"
                    BASELINE="475 571 961 561" 
                    HPOS="473"
                    VPOS="518"
                    WIDTH="488"
                    HEIGHT="66">
            <Shape><Polygon POINTS="475 571 475 584 958 584 961 561 953 518 473 525 475 571"/></Shape>
	    <String CONTENT="y en lance tan apretado"
                    HPOS="473"
                    VPOS="518"
                    WIDTH="488"
                    HEIGHT="66"></String>
          </TextLine>

          
          
          <TextLine ID="eSc_line_82c34642"
                    TAGREFS="LT482"
                    BASELINE="475 619 1022 614" 
                    HPOS="473"
                    VPOS="563"
                    WIDTH="549"
                    HEIGHT="71">
            <Shape><Polygon POINTS="700 568 675 568 650 568 624 568 599 568 574 571 549 571 523 571 498 571 495 563 473 563 475 619 475 632 1019 634 1022 614 1017 571 716 566 700 568"/></Shape>
	    <String CONTENT="he de menester el consuelo."
                    HPOS="473"
                    VPOS="563"
                    WIDTH="549"
                    HEIGHT="71"></String>
          </TextLine>

          
          
          <TextLine ID="eSc_line_050ca565"
                    TAGREFS="LT482"
                    BASELINE="475 672 1004 664" 
                    HPOS="473"
                    VPOS="621"
                    WIDTH="531"
                    HEIGHT="69">
            <Shape><Polygon POINTS="475 672 475 690 1001 682 1004 664 999 621 473 621 475 672"/></Shape>
	    <String CONTENT="Las materias del despacho"
                    HPOS="473"
                    VPOS="621"
                    WIDTH="531"
                    HEIGHT="69"></String>
          </TextLine>

          
          
          <TextLine ID="eSc_line_2e889dd5"
                    TAGREFS="LT482"
                    BASELINE="478 725 1014 718" 
                    HPOS="475"
                    VPOS="662"
                    WIDTH="539"
                    HEIGHT="81">
            <Shape><Polygon POINTS="981 667 956 667 931 667 905 667 880 667 855 667 852 667 817 667 804 670 779 670 776 670 475 677 478 725 478 743 1014 730 1014 718 1006 662 981 662 981 667"/></Shape>
	    <String CONTENT="ya sabeis que son de peso,"
                    HPOS="475"
                    VPOS="662"
                    WIDTH="539"
                    HEIGHT="81"></String>
          </TextLine>

          
          
          <TextLine ID="eSc_line_507020b4"
                    TAGREFS="LT482"
                    BASELINE="478 776 1001 768" 
                    HPOS="475"
                    VPOS="725"
                    WIDTH="526"
                    HEIGHT="73">
            <Shape><Polygon POINTS="478 776 478 798 999 786 1001 768 994 725 475 730 478 776"/></Shape>
	    <String CONTENT="y que solamente un ángel"
                    HPOS="475"
                    VPOS="725"
                    WIDTH="526"
                    HEIGHT="73"></String>
          </TextLine>

          
          
          <TextLine ID="eSc_line_e7118e64"
                    TAGREFS="LT482"
                    BASELINE="480 821 1001 821" 
                    HPOS="480"
                    VPOS="783"
                    WIDTH="521"
                    HEIGHT="61">
            <Shape><Polygon POINTS="480 821 480 844 1001 836 1001 821 1001 783 480 783 480 821"/></Shape>
	    <String CONTENT="puede acertar el gobierno."
                    HPOS="480"
                    VPOS="783"
                    WIDTH="521"
                    HEIGHT="61"></String>
          </TextLine>

          
          
          <TextLine ID="eSc_line_f4eecf05"
                    TAGREFS="LT482"
                    BASELINE="480 872 1037 872" 
                    HPOS="480"
                    VPOS="821"
                    WIDTH="557"
                    HEIGHT="68">
            <Shape><Polygon POINTS="986 824 961 824 936 824 910 824 895 824 480 829 480 872 480 889 1037 884 1037 872 1034 821 986 821 986 824"/></Shape>
	    <String CONTENT="A quien voy á dar la cuenta"
                    HPOS="480"
                    VPOS="821"
                    WIDTH="557"
                    HEIGHT="68"></String>
          </TextLine>

          
          
          <TextLine ID="eSc_line_8a7ae196"
                    TAGREFS="LT482"
                    BASELINE="480 925 1118 912" 
                    HPOS="478"
                    VPOS="874"
                    WIDTH="640"
                    HEIGHT="66">
            <Shape><Polygon POINTS="1110 895 1090 874 478 877 480 925 480 940 1115 930 1118 912 1110 895 1110 895"/></Shape>
	    <String CONTENT="sabe, que no hubo en mi pecho"
                    HPOS="478"
                    VPOS="874"
                    WIDTH="640"
                    HEIGHT="66"></String>
          </TextLine>

          
          
          <TextLine ID="eSc_line_8f3a97cf"
                    TAGREFS="LT482"
                    BASELINE="483 975 1072 965" 
                    HPOS="480"
                    VPOS="922"
                    WIDTH="592"
                    HEIGHT="69">
            <Shape><Polygon POINTS="483 975 483 991 1070 991 1072 965 1065 922 480 930 483 975"/></Shape>
	    <String CONTENT="mas de un celo claro y limpio"
                    HPOS="480"
                    VPOS="922"
                    WIDTH="592"
                    HEIGHT="69"></String>
          </TextLine>

          
          
          <TextLine ID="eSc_line_9e45eb91"
                    TAGREFS="LT482"
                    BASELINE="478 1026 1037 1018" 
                    HPOS="475"
                    VPOS="973"
                    WIDTH="562"
                    HEIGHT="61">
            <Shape><Polygon POINTS="728 973 703 973 678 973 652 973 627 975 602 975 576 975 551 975 526 975 500 975 498 973 475 973 478 1026 478 1034 1037 1029 1037 1018 1032 973 753 973 728 973"/></Shape>
	    <String CONTENT="de servir á Dios y al reino;"
                    HPOS="475"
                    VPOS="973"
                    WIDTH="562"
                    HEIGHT="61"></String>
          </TextLine>

          
          
          <TextLine ID="eSc_line_f9340ce9"
                    TAGREFS="LT482"
                    BASELINE="485 1077 946 1072" 
                    HPOS="483"
                    VPOS="1026"
                    WIDTH="463"
                    HEIGHT="71">
            <Shape><Polygon POINTS="485 1077 485 1097 943 1087 946 1072 938 1026 483 1031 485 1077"/></Shape>
	    <String CONTENT="y si en alguna ocasion"
                    HPOS="483"
                    VPOS="1026"
                    WIDTH="463"
                    HEIGHT="71"></String>
          </TextLine>

          
          
          <TextLine ID="eSc_line_9e34cd0e"
                    TAGREFS="LT482"
                    BASELINE="485 1127 1037 1117" 
                    HPOS="483"
                    VPOS="1074"
                    WIDTH="554"
                    HEIGHT="73">
            <Shape><Polygon POINTS="485 1127 485 1147 1034 1137 1037 1117 1029 1074 483 1082 485 1127"/></Shape>
	    <String CONTENT="os hablé, Padre, con ceño,"
                    HPOS="483"
                    VPOS="1074"
                    WIDTH="554"
                    HEIGHT="73"></String>
          </TextLine>

          
          
          <TextLine ID="eSc_line_baf22209"
                    TAGREFS="LT482"
                    BASELINE="485 1180 994 1170" 
                    HPOS="483"
                    VPOS="1125"
                    WIDTH="511"
                    HEIGHT="70">
            <Shape><Polygon POINTS="485 1180 485 1195 994 1185 994 1170 986 1125 483 1132 485 1180"/></Shape>
	    <String CONTENT="por amor de Dios os pido"
                    HPOS="483"
                    VPOS="1125"
                    WIDTH="511"
                    HEIGHT="70"></String>
          </TextLine>

          
          
          <TextLine ID="eSc_line_0fa3145c"
                    TAGREFS="LT482"
                    BASELINE="485 1228 981 1218" 
                    HPOS="483"
                    VPOS="1178"
                    WIDTH="498"
                    HEIGHT="63">
            <Shape><Polygon POINTS="609 1180 584 1180 559 1180 533 1180 508 1180 506 1178 483 1178 485 1228 485 1241 979 1231 981 1218 974 1178 614 1178 609 1180"/></Shape>
	    <String CONTENT="me perdoneis este yerro."
                    HPOS="483"
                    VPOS="1178"
                    WIDTH="498"
                    HEIGHT="63"></String>
          </TextLine>

          
          
          <TextLine ID="eSc_line_3e3abe5c"
                    TAGREFS="LT482"
                    BASELINE="485 1279 1009 1271" 
                    HPOS="483"
                    VPOS="1231"
                    WIDTH="526"
                    HEIGHT="63">
            <Shape><Polygon POINTS="485 1279 485 1294 1006 1294 1009 1271 1004 1231 483 1231 485 1279"/></Shape>
	    <String CONTENT="Dadme una mano á besar,"
                    HPOS="483"
                    VPOS="1231"
                    WIDTH="526"
                    HEIGHT="63"></String>
          </TextLine>

          
          
          <TextLine ID="eSc_line_9abb2dfc"
                    TAGREFS="LT482"
                    BASELINE="488 1332 1019 1317" 
                    HPOS="485"
                    VPOS="1274"
                    WIDTH="534"
                    HEIGHT="78">
            <Shape><Polygon POINTS="488 1332 488 1352 1019 1337 1019 1317 1012 1274 485 1289 488 1332"/></Shape>
	    <String CONTENT="y un abrazo por recuerdo,"
                    HPOS="485"
                    VPOS="1274"
                    WIDTH="534"
                    HEIGHT="78"></String>
          </TextLine>

          
          
          <TextLine ID="eSc_line_c5655a44"
                    TAGREFS="LT482"
                    BASELINE="490 1377 1029 1367" 
                    HPOS="488"
                    VPOS="1327"
                    WIDTH="541"
                    HEIGHT="66">
            <Shape><Polygon POINTS="490 1377 490 1393 1027 1382 1029 1367 1022 1327 488 1334 490 1377"/></Shape>
	    <String CONTENT="de que siempre me tendréis"
                    HPOS="488"
                    VPOS="1327"
                    WIDTH="541"
                    HEIGHT="66"></String>
          </TextLine>

          
          
          <TextLine ID="eSc_line_092aa5e2"
                    TAGREFS="LT482"
                    BASELINE="490 1428 1055 1418" 
                    HPOS="488"
                    VPOS="1365"
                    WIDTH="567"
                    HEIGHT="86">
            <Shape><Polygon POINTS="1019 1370 994 1370 969 1370 943 1370 918 1370 893 1372 867 1372 842 1372 834 1372 488 1382 490 1428 490 1451 1052 1433 1055 1418 1047 1365 1019 1365 1019 1370"/></Shape>
	    <String CONTENT="en vuestra memoria impreso."
                    HPOS="488"
                    VPOS="1365"
                    WIDTH="567"
                    HEIGHT="86"></String>
          </TextLine>

          
          
          <TextLine ID="eSc_line_cc34ec02"
                    TAGREFS="LT482"
                    BASELINE="488 1479 1141 1466" 
                    HPOS="485"
                    VPOS="1415"
                    WIDTH="656"
                    HEIGHT="74">
            <Shape><Polygon POINTS="1042 1420 1017 1420 991 1420 986 1428 971 1428 893 1420 890 1423 865 1423 839 1423 814 1423 804 1423 786 1431 771 1423 764 1425 738 1425 713 1425 678 1433 645 1425 637 1425 612 1428 597 1428 579 1436 533 1428 511 1428 508 1423 503 1423 500 1423 498 1423 495 1423 485 1428 488 1479 488 1489 1141 1476 1141 1466 1135 1425 1042 1415 1042 1420"/></Shape>
	    <String CONTENT="Gran Nuncio de España, á Dios,"
                    HPOS="485"
                    VPOS="1415"
                    WIDTH="656"
                    HEIGHT="74"></String>
          </TextLine>

          
          
          <TextLine ID="eSc_line_70dfd229"
                    TAGREFS="LT482"
                    BASELINE="490 1529 1100 1519" 
                    HPOS="488"
                    VPOS="1471"
                    WIDTH="612"
                    HEIGHT="73">
            <Shape><Polygon POINTS="490 1529 490 1544 1098 1532 1100 1519 1092 1471 488 1479 490 1529"/></Shape>
	    <String CONTENT="mirad que os suplico y ruego,"
                    HPOS="488"
                    VPOS="1471"
                    WIDTH="612"
                    HEIGHT="73"></String>
          </TextLine>

          
          
          <TextLine ID="eSc_line_26d77e35"
                    TAGREFS="LT482"
                    BASELINE="493 1582 1055 1578" 
                    HPOS="488"
                    VPOS="1524"
                    WIDTH="564"
                    HEIGHT="81">
            <Shape><Polygon POINTS="741 1524 716 1524 690 1524 665 1524 657 1524 488 1534 490 1580 490 1605 1052 1602 1052 1577 1047 1534 764 1524 741 1524"/></Shape>
	    <String CONTENT="que me echeis la bendicion,"
                    HPOS="488"
                    VPOS="1524"
                    WIDTH="564"
                    HEIGHT="81"></String>
          </TextLine>

          
          
          <TextLine ID="eSc_line_0ac15131"
                    TAGREFS="LT482"
                    BASELINE="493 1633 1044 1618" 
                    HPOS="490"
                    VPOS="1580"
                    WIDTH="554"
                    HEIGHT="81">
            <Shape><Polygon POINTS="493 1633 493 1645 652 1651 655 1651 662 1651 728 1635 867 1648 870 1648 872 1648 875 1648 893 1635 923 1656 931 1661 933 1661 936 1661 938 1661 1044 1656 1044 1618 1037 1580 490 1590 493 1633"/></Shape>
	    <String CONTENT="que toca al Pastor supremo."
                    HPOS="490"
                    VPOS="1580"
                    WIDTH="554"
                    HEIGHT="81"></String>
          </TextLine>

          
          
          <TextLine ID="eSc_line_ae8f6f99"
                    TAGREFS="LT482"
                    BASELINE="495 1678 974 1673" 
                    HPOS="493"
                    VPOS="1620"
                    WIDTH="481"
                    HEIGHT="81">
            <Shape><Polygon POINTS="948 1623 923 1623 898 1623 872 1623 847 1625 822 1625 796 1625 771 1625 746 1628 721 1628 695 1628 670 1630 645 1630 619 1630 594 1630 569 1633 543 1633 518 1633 493 1633 495 1678 495 1701 971 1691 974 1673 966 1620 948 1623"/></Shape>
	    <String CONTENT="Y le diréis de mi parte,"
                    HPOS="493"
                    VPOS="1620"
                    WIDTH="481"
                    HEIGHT="81"></String>
          </TextLine>

          
          
          <TextLine ID="eSc_line_f245e797"
                    TAGREFS="LT482"
                    BASELINE="493 1731 1019 1726" 
                    HPOS="490"
                    VPOS="1676"
                    WIDTH="529"
                    HEIGHT="73">
            <Shape><Polygon POINTS="493 1731 493 1747 1017 1749 1019 1726 1012 1676 490 1686 493 1731"/></Shape>
	    <String CONTENT="en vuestro primero pliego,"
                    HPOS="490"
                    VPOS="1676"
                    WIDTH="529"
                    HEIGHT="73"></String>
          </TextLine>

          
          
          <TextLine ID="eSc_line_ea7573ac"
                    TAGREFS="LT482"
                    BASELINE="495 1782 941 1774" 
                    HPOS="493"
                    VPOS="1729"
                    WIDTH="448"
                    HEIGHT="71">
            <Shape><Polygon POINTS="923 1729 898 1729 872 1729 857 1729 493 1739 495 1782 495 1797 936 1800 941 1774 933 1729 923 1729"/></Shape>
	    <String CONTENT="que beso su sacro pié,"
                    HPOS="493"
                    VPOS="1729"
                    WIDTH="448"
                    HEIGHT="71"></String>
          </TextLine>

          
          
          <TextLine ID="eSc_line_0c700dc2"
                    TAGREFS="LT482"
                    BASELINE="495 1833 1009 1822" 
                    HPOS="493"
                    VPOS="1764"
                    WIDTH="516"
                    HEIGHT="89">
            <Shape><Polygon POINTS="872 1777 847 1777 822 1777 819 1777 802 1785 771 1779 746 1779 721 1779 695 1779 670 1779 665 1779 493 1790 495 1833 495 1853 1006 1835 1009 1822 1001 1764 910 1779 893 1777 872 1777"/></Shape>
	    <String CONTENT="como á teniente del cielo."
                    HPOS="493"
                    VPOS="1764"
                    WIDTH="516"
                    HEIGHT="89"></String>
          </TextLine>

          
          
          <TextLine ID="eSc_line_5de367da"
                    TAGREFS="LT482"
                    BASELINE="495 1883 1006 1873" 
                    HPOS="493"
                    VPOS="1825"
                    WIDTH="513"
                    HEIGHT="68">
            <Shape><Polygon POINTS="898 1825 872 1827 847 1827 822 1827 796 1827 774 1827 766 1827 746 1830 726 1830 493 1840 495 1883 495 1893 1006 1886 1006 1873 1001 1833 903 1825 898 1825"/></Shape>
	    <String CONTENT="Gran Cardenal de España,"
                    HPOS="493"
                    VPOS="1825"
                    WIDTH="513"
                    HEIGHT="68"></String>
          </TextLine>

          
          
          <TextLine ID="eSc_line_63c8d0eb"
                    TAGREFS="LT482"
                    BASELINE="495 1934 925 1924" 
                    HPOS="493"
                    VPOS="1881"
                    WIDTH="432"
                    HEIGHT="65">
            <Shape><Polygon POINTS="495 1934 495 1946 923 1936 925 1924 918 1881 493 1888 495 1934"/></Shape>
	    <String CONTENT="Arzobispo de Toledo,"
                    HPOS="493"
                    VPOS="1881"
                    WIDTH="432"
                    HEIGHT="65"></String>
          </TextLine>

          
          
          <TextLine ID="eSc_line_12e829c2"
                    TAGREFS="LT482"
                    BASELINE="500 1984 1070 1969" 
                    HPOS="498"
                    VPOS="1919"
                    WIDTH="572"
                    HEIGHT="78">
            <Shape><Polygon POINTS="1057 1919 903 1921 903 1926 877 1926 852 1926 827 1926 802 1929 776 1929 751 1929 726 1929 700 1931 675 1931 650 1931 624 1931 599 1934 574 1934 549 1934 523 1934 498 1934 500 1984 500 1997 1070 1992 1070 1969 1062 1924 1057 1919"/></Shape>
	    <String CONTENT="Portocarrero, que el nombre"
                    HPOS="498"
                    VPOS="1919"
                    WIDTH="572"
                    HEIGHT="78"></String>
          </TextLine>

          
          
          <TextLine ID="eSc_line_a2726a20"
                    TAGREFS="LT482"
                    BASELINE="506 2035 986 2027" 
                    HPOS="503"
                    VPOS="1982"
                    WIDTH="483"
                    HEIGHT="65">
            <Shape><Polygon POINTS="506 2035 506 2047 984 2042 986 2027 979 1982 503 1987 506 2035"/></Shape>
	    <String CONTENT="causa cariño y respeto,"
                    HPOS="503"
                    VPOS="1982"
                    WIDTH="483"
                    HEIGHT="65"></String>
          </TextLine>

          
          
          <TextLine ID="eSc_line_8304febe"
                    TAGREFS="LT482"
                    BASELINE="503 2085 1006 2075" 
                    HPOS="500"
                    VPOS="2025"
                    WIDTH="506"
                    HEIGHT="83">
            <Shape><Polygon POINTS="981 2030 956 2030 931 2030 905 2030 880 2030 872 2030 500 2042 503 2085 503 2108 1006 2093 1006 2075 999 2025 981 2025 981 2030"/></Shape>
	    <String CONTENT="por nuestra fina amistad,"
                    HPOS="500"
                    VPOS="2025"
                    WIDTH="506"
                    HEIGHT="83"></String>
          </TextLine>

          
          
          <TextLine ID="eSc_line_fcfdf973"
                    TAGREFS="LT482"
                    BASELINE="503 2136 986 2126" 
                    HPOS="500"
                    VPOS="2085"
                    WIDTH="486"
                    HEIGHT="76">
            <Shape><Polygon POINTS="503 2136 503 2161 984 2141 986 2126 979 2085 500 2093 503 2136"/></Shape>
	    <String CONTENT="y el afecto verdadero"
                    HPOS="500"
                    VPOS="2085"
                    WIDTH="486"
                    HEIGHT="76"></String>
          </TextLine>

          
          
          <TextLine ID="eSc_line_a33e2f77"
                    TAGREFS="LT482"
                    BASELINE="500 2187 1125 2169" 
                    HPOS="498"
                    VPOS="2121"
                    WIDTH="627"
                    HEIGHT="91">
            <Shape><Polygon POINTS="1108 2128 979 2121 979 2128 953 2128 928 2128 918 2128 903 2136 498 2144 500 2187 500 2212 1125 2187 1125 2169 1120 2144 1108 2128"/></Shape>
	    <String CONTENT="que siempre os tuve, os suplico"
                    HPOS="498"
                    VPOS="2121"
                    WIDTH="627"
                    HEIGHT="91"></String>
          </TextLine>

          
          
          <TextLine ID="eSc_line_37cd4f60"
                    TAGREFS="LT482"
                    BASELINE="503 2235 1087 2222" 
                    HPOS="500"
                    VPOS="2181"
                    WIDTH="587"
                    HEIGHT="71">
            <Shape><Polygon POINTS="503 2235 503 2252 1085 2240 1087 2222 1080 2181 500 2192 503 2235"/></Shape>
	    <String CONTENT="mireis por mi Rey y dueño;"
                    HPOS="500"
                    VPOS="2181"
                    WIDTH="587"
                    HEIGHT="71"></String>
          </TextLine>

          
          
          <TextLine ID="eSc_line_4047ee1d"
                    TAGREFS="LT482"
                    BASELINE="500 2288 1105 2272" 
                    HPOS="498"
                    VPOS="2232"
                    WIDTH="607"
                    HEIGHT="73">
            <Shape><Polygon POINTS="1082 2232 498 2237 500 2288 500 2305 1103 2298 1105 2272 1100 2262 1082 2232"/></Shape>
	    <String CONTENT="que es muy grande compasion"
                    HPOS="498"
                    VPOS="2232"
                    WIDTH="607"
                    HEIGHT="73"></String>
          </TextLine>

          
          
          <TextLine ID="eSc_line_df091f21"
                    TAGREFS="LT482"
                    BASELINE="503 2336 1065 2326" 
                    HPOS="500"
                    VPOS="2280"
                    WIDTH="565"
                    HEIGHT="78">
            <Shape><Polygon POINTS="503 2336 503 2358 1065 2341 1065 2326 1057 2280 500 2288 503 2336"/></Shape>
	    <String CONTENT="ver que queda jóven tierno,"
                    HPOS="500"
                    VPOS="2280"
                    WIDTH="565"
                    HEIGHT="78"></String>
          </TextLine>

          
          
          <TextLine ID="eSc_line_22430f1a"
                    TAGREFS="LT482"
                    BASELINE="513 2389 1027 2379" 
                    HPOS="511"
                    VPOS="2336"
                    WIDTH="516"
                    HEIGHT="70">
            <Shape><Polygon POINTS="513 2389 513 2406 1027 2394 1027 2379 1019 2336 511 2343 513 2389"/></Shape>
	    <String CONTENT="y tan lleno de cuidados,"
                    HPOS="511"
                    VPOS="2336"
                    WIDTH="516"
                    HEIGHT="70"></String>
          </TextLine>

          
          
          <TextLine ID="eSc_line_bf416fad"
                    TAGREFS="LT482"
                    BASELINE="506 2439 1012 2427" 
                    HPOS="506"
                    VPOS="2384"
                    WIDTH="506"
                    HEIGHT="111">
            <Shape><Polygon POINTS="506 2427 506 2439 506 2480 584 2492 586 2492 589 2492 627 2482 637 2480 645 2482 670 2495 672 2495 675 2495 804 2492 807 2492 809 2492 819 2485 829 2477 1009 2485 1012 2427 1004 2384 526 2391 506 2427"/></Shape>
	    <String CONTENT="todos de tan grande peso."
                    HPOS="506"
                    VPOS="2384"
                    WIDTH="506"
                    HEIGHT="111"></String>
          </TextLine>

          
        </TextBlock>
        
        <TextBlock HPOS="1148"
                   VPOS="315"
                   WIDTH="769"
                   HEIGHT="2148"
                   ID="eSc_textblock_ad623997"
                   TAGREFS="BT1296">
          <Shape><Polygon POINTS="1148 315 1207 2463 1917 2436 1917 315"/></Shape>
          
          
          <TextLine ID="eSc_line_a65f3ebe"
                    TAGREFS="LT482"
                    BASELINE="1178 359 1634 353" 
                    HPOS="1176"
                    VPOS="308"
                    WIDTH="458"
                    HEIGHT="68">
            <Shape><Polygon POINTS="1606 328 1581 316 1568 313 1523 313 1505 313 1480 313 1454 313 1429 313 1404 313 1378 313 1353 313 1328 313 1302 313 1277 313 1252 313 1227 313 1201 313 1176 308 1178 359 1178 371 1629 376 1634 353 1621 336 1606 328"/></Shape>
	    <String CONTENT="El Priorato os encargo,"
                    HPOS="1176"
                    VPOS="308"
                    WIDTH="458"
                    HEIGHT="68"></String>
          </TextLine>

          
          
          <TextLine ID="eSc_line_65ac0734"
                    TAGREFS="LT482"
                    BASELINE="1181 412 1695 404" 
                    HPOS="1178"
                    VPOS="364"
                    WIDTH="517"
                    HEIGHT="60">
            <Shape><Polygon POINTS="1685 366 1679 364 1178 369 1181 412 1181 424 1695 417 1695 404 1690 386 1685 366"/></Shape>
	    <String CONTENT="porque me crié con ellos,"
                    HPOS="1178"
                    VPOS="364"
                    WIDTH="517"
                    HEIGHT="60"></String>
          </TextLine>

          
          
          <TextLine ID="eSc_line_3cc11f1d"
                    TAGREFS="LT482"
                    BASELINE="1184 462 1657 455" 
                    HPOS="1181"
                    VPOS="407"
                    WIDTH="476"
                    HEIGHT="73">
            <Shape><Polygon POINTS="1636 407 1611 407 1586 407 1561 407 1553 407 1528 407 1510 409 1485 409 1459 409 1181 414 1184 462 1184 480 1657 465 1657 455 1649 407 1636 407"/></Shape>
	    <String CONTENT="y les tengo tierno amor"
                    HPOS="1181"
                    VPOS="407"
                    WIDTH="476"
                    HEIGHT="73"></String>
          </TextLine>

          
          
          <TextLine ID="eSc_line_5d350303"
                    TAGREFS="LT482"
                    BASELINE="1181 510 1639 505" 
                    HPOS="1178"
                    VPOS="457"
                    WIDTH="461"
                    HEIGHT="66">
            <Shape><Polygon POINTS="1181 510 1181 520 1634 523 1639 505 1631 457 1178 465 1181 510"/></Shape>
	    <String CONTENT="y un particular afecto."
                    HPOS="1178"
                    VPOS="457"
                    WIDTH="461"
                    HEIGHT="66"></String>
          </TextLine>

          
          
          <TextLine ID="eSc_line_abadcb6b"
                    TAGREFS="LT482"
                    BASELINE="1181 561 1725 556" 
                    HPOS="1178"
                    VPOS="503"
                    WIDTH="547"
                    HEIGHT="73">
            <Shape><Polygon POINTS="1710 515 1690 505 1634 505 1634 508 1609 508 1583 508 1558 508 1533 508 1507 508 1482 508 1457 508 1432 508 1406 510 1381 510 1356 510 1330 510 1305 510 1280 510 1254 510 1229 510 1204 510 1201 503 1178 503 1181 561 1181 573 1720 576 1725 556 1720 520 1710 515"/></Shape>
	    <String CONTENT="Perdonadme, amante amigo,"
                    HPOS="1178"
                    VPOS="503"
                    WIDTH="547"
                    HEIGHT="73"></String>
          </TextLine>

          
          
          <TextLine ID="eSc_line_ec4866ab"
                    TAGREFS="LT482"
                    BASELINE="1184 614 1674 606" 
                    HPOS="1181"
                    VPOS="561"
                    WIDTH="493"
                    HEIGHT="63">
            <Shape><Polygon POINTS="1184 614 1184 624 1672 621 1674 606 1667 561 1181 566 1184 614"/></Shape>
	    <String CONTENT="si acaso he sido molesto;"
                    HPOS="1181"
                    VPOS="561"
                    WIDTH="493"
                    HEIGHT="63"></String>
          </TextLine>

          
          
          <TextLine ID="eSc_line_44face17"
                    TAGREFS="LT482"
                    BASELINE="1184 662 1740 649" 
                    HPOS="1181"
                    VPOS="609"
                    WIDTH="559"
                    HEIGHT="68">
            <Shape><Polygon POINTS="1738 637 1728 609 1181 619 1184 662 1184 677 1740 667 1740 649 1738 639 1738 637"/></Shape>
	    <String CONTENT="aunque algo se ha de suplir"
                    HPOS="1181"
                    VPOS="609"
                    WIDTH="559"
                    HEIGHT="68"></String>
          </TextLine>

          
          
          <TextLine ID="eSc_line_659d31b0"
                    TAGREFS="LT482"
                    BASELINE="1186 712 1743 702" 
                    HPOS="1184"
                    VPOS="662"
                    WIDTH="559"
                    HEIGHT="63">
            <Shape><Polygon POINTS="1186 712 1186 725 1743 725 1743 702 1735 662 1184 672 1186 712"/></Shape>
	    <String CONTENT="al que se parte á otro reino."
                    HPOS="1184"
                    VPOS="662"
                    WIDTH="559"
                    HEIGHT="63"></String>
          </TextLine>

          
          
          <TextLine ID="eSc_line_af37dd94"
                    TAGREFS="LT482"
                    BASELINE="1189 763 1652 755" 
                    HPOS="1186"
                    VPOS="710"
                    WIDTH="466"
                    HEIGHT="71">
            <Shape><Polygon POINTS="1313 712 1287 712 1262 712 1237 712 1211 712 1186 712 1189 763 1189 781 1649 781 1652 755 1647 715 1323 710 1313 712"/></Shape>
	    <String CONTENT="Patriarca de las Indias,"
                    HPOS="1186"
                    VPOS="710"
                    WIDTH="466"
                    HEIGHT="71"></String>
          </TextLine>

          
          
          <TextLine ID="eSc_line_0cd06da7"
                    TAGREFS="LT482"
                    BASELINE="1186 814 1692 806" 
                    HPOS="1184"
                    VPOS="761"
                    WIDTH="508"
                    HEIGHT="68">
            <Shape><Polygon POINTS="1186 814 1186 829 1690 821 1692 806 1685 761 1184 766 1186 814"/></Shape>
	    <String CONTENT="á mi Rey os encomiendo,"
                    HPOS="1184"
                    VPOS="761"
                    WIDTH="508"
                    HEIGHT="68"></String>
          </TextLine>

          
          
          <TextLine ID="eSc_line_51d0aa2a"
                    TAGREFS="LT482"
                    BASELINE="1189 864 1710 859" 
                    HPOS="1186"
                    VPOS="819"
                    WIDTH="524"
                    HEIGHT="63">
            <Shape><Polygon POINTS="1695 819 1186 821 1189 864 1189 882 1710 872 1710 859 1707 854 1695 819"/></Shape>
	    <String CONTENT="pues os toca mucho á vos"
                    HPOS="1186"
                    VPOS="819"
                    WIDTH="524"
                    HEIGHT="63"></String>
          </TextLine>

          
          
          <TextLine ID="eSc_line_bb7ebe68"
                    TAGREFS="LT482"
                    BASELINE="1189 915 1667 915" 
                    HPOS="1189"
                    VPOS="867"
                    WIDTH="478"
                    HEIGHT="60">
            <Shape><Polygon POINTS="1189 915 1189 927 1667 927 1667 915 1664 867 1189 869 1189 915"/></Shape>
	    <String CONTENT="el darle santos consejos."
                    HPOS="1189"
                    VPOS="867"
                    WIDTH="478"
                    HEIGHT="60"></String>
          </TextLine>

          
          
          <TextLine ID="eSc_line_96a56d20"
                    TAGREFS="LT482"
                    BASELINE="1191 963 1568 963" 
                    HPOS="1191"
                    VPOS="917"
                    WIDTH="377"
                    HEIGHT="61">
            <Shape><Polygon POINTS="1545 917 1520 917 1495 917 1469 917 1444 917 1419 917 1394 917 1368 917 1343 917 1318 917 1292 917 1267 917 1242 917 1216 917 1191 917 1191 963 1191 978 1568 978 1568 963 1568 917 1545 917"/></Shape>
	    <String CONTENT="Inquisidor general,"
                    HPOS="1191"
                    VPOS="917"
                    WIDTH="377"
                    HEIGHT="61"></String>
          </TextLine>

          
          
          <TextLine ID="eSc_line_d2f1d3f0"
                    TAGREFS="LT482"
                    BASELINE="1194 1013 1715 1006" 
                    HPOS="1191"
                    VPOS="963"
                    WIDTH="524"
                    HEIGHT="63">
            <Shape><Polygon POINTS="1697 963 1545 963 1545 965 1520 965 1495 965 1469 965 1444 965 1419 965 1394 965 1368 965 1343 965 1318 965 1292 965 1267 965 1242 965 1216 965 1191 965 1194 1013 1194 1026 1715 1026 1715 1006 1712 1001 1697 963"/></Shape>
	    <String CONTENT="Valledaries, siempre recto,"
                    HPOS="1191"
                    VPOS="963"
                    WIDTH="524"
                    HEIGHT="63"></String>
          </TextLine>

          
          
          <TextLine ID="eSc_line_671841cf"
                    TAGREFS="LT482"
                    BASELINE="1191 1064 1682 1056" 
                    HPOS="1189"
                    VPOS="1008"
                    WIDTH="493"
                    HEIGHT="74">
            <Shape><Polygon POINTS="1669 1008 1644 1008 1619 1008 1593 1008 1591 1008 1520 1008 1518 1011 1510 1011 1189 1018 1191 1064 1191 1082 1679 1082 1682 1056 1674 1008 1669 1008"/></Shape>
	    <String CONTENT="que el tribunal de la Fé"
                    HPOS="1189"
                    VPOS="1008"
                    WIDTH="493"
                    HEIGHT="74"></String>
          </TextLine>

          
          
          <TextLine ID="eSc_line_2a89cf4c"
                    TAGREFS="LT482"
                    BASELINE="1191 1114 1743 1104" 
                    HPOS="1189"
                    VPOS="1061"
                    WIDTH="554"
                    HEIGHT="74">
            <Shape><Polygon POINTS="1191 1114 1191 1135 1743 1125 1743 1104 1735 1061 1189 1072 1191 1114"/></Shape>
	    <String CONTENT="gobernais con tanto acierto,"
                    HPOS="1189"
                    VPOS="1061"
                    WIDTH="554"
                    HEIGHT="74"></String>
          </TextLine>

          
          
          <TextLine ID="eSc_line_5a5faa26"
                    TAGREFS="LT482"
                    BASELINE="1194 1165 1705 1157" 
                    HPOS="1191"
                    VPOS="1112"
                    WIDTH="514"
                    HEIGHT="71">
            <Shape><Polygon POINTS="1194 1165 1194 1183 1702 1183 1705 1157 1697 1112 1191 1122 1194 1165"/></Shape>
	    <String CONTENT="quedaos en paz, y mirad,"
                    HPOS="1191"
                    VPOS="1112"
                    WIDTH="514"
                    HEIGHT="71"></String>
          </TextLine>

          
          
          <TextLine ID="eSc_line_5057dc60"
                    TAGREFS="LT482"
                    BASELINE="1194 1216 1844 1203" 
                    HPOS="1191"
                    VPOS="1163"
                    WIDTH="653"
                    HEIGHT="78">
            <Shape><Polygon POINTS="1824 1173 1798 1165 1791 1163 1191 1168 1194 1216 1194 1228 1219 1241 1222 1241 1224 1241 1844 1226 1844 1203 1834 1178 1824 1173"/></Shape>
	    <String CONTENT="que os encargo mucho, y ruego"
                    HPOS="1191"
                    VPOS="1163"
                    WIDTH="653"
                    HEIGHT="78"></String>
          </TextLine>

          
          
          <TextLine ID="eSc_line_dde4fc04"
                    TAGREFS="LT482"
                    BASELINE="1194 1264 1763 1264" 
                    HPOS="1194"
                    VPOS="1216"
                    WIDTH="569"
                    HEIGHT="68">
            <Shape><Polygon POINTS="1194 1264 1194 1281 1760 1284 1763 1264 1763 1221 1194 1216 1194 1264"/></Shape>
	    <String CONTENT="que me encomendeis á Dios,"
                    HPOS="1194"
                    VPOS="1216"
                    WIDTH="569"
                    HEIGHT="68"></String>
          </TextLine>

          
          
          <TextLine ID="eSc_line_aaab0b28"
                    TAGREFS="LT482"
                    BASELINE="1194 1317 1745 1309" 
                    HPOS="1191"
                    VPOS="1266"
                    WIDTH="554"
                    HEIGHT="71">
            <Shape><Polygon POINTS="1722 1266 1697 1266 1672 1266 1647 1266 1621 1266 1596 1266 1571 1266 1553 1266 1191 1269 1194 1317 1194 1337 1743 1324 1745 1309 1738 1266 1722 1266"/></Shape>
	    <String CONTENT="y cuideis de aquellos reinos."
                    HPOS="1191"
                    VPOS="1266"
                    WIDTH="554"
                    HEIGHT="71"></String>
          </TextLine>

          
          
          <TextLine ID="eSc_line_d19444fb"
                    TAGREFS="LT482"
                    BASELINE="1196 1367 1657 1357" 
                    HPOS="1194"
                    VPOS="1314"
                    WIDTH="463"
                    HEIGHT="68">
            <Shape><Polygon POINTS="1196 1367 1196 1382 1654 1377 1657 1357 1649 1314 1194 1319 1196 1367"/></Shape>
	    <String CONTENT="Gobernador de Castilla,"
                    HPOS="1194"
                    VPOS="1314"
                    WIDTH="463"
                    HEIGHT="68"></String>
          </TextLine>

          
          
          <TextLine ID="eSc_line_d8a4f100"
                    TAGREFS="LT482"
                    BASELINE="1199 1418 1707 1408" 
                    HPOS="1196"
                    VPOS="1357"
                    WIDTH="511"
                    HEIGHT="71">
            <Shape><Polygon POINTS="1652 1360 1626 1360 1614 1360 1196 1370 1199 1418 1199 1428 1705 1418 1707 1408 1700 1357 1652 1357 1652 1360"/></Shape>
	    <String CONTENT="mirad que con santo celo"
                    HPOS="1196"
                    VPOS="1357"
                    WIDTH="511"
                    HEIGHT="71"></String>
          </TextLine>

          
          
          <TextLine ID="eSc_line_e3ac01eb"
                    TAGREFS="LT482"
                    BASELINE="1191 1466 1717 1456" 
                    HPOS="1189"
                    VPOS="1400"
                    WIDTH="528"
                    HEIGHT="81">
            <Shape><Polygon POINTS="1695 1410 1677 1410 1669 1413 1657 1410 1644 1410 1619 1410 1593 1410 1568 1413 1543 1413 1518 1413 1492 1413 1467 1413 1442 1415 1416 1415 1391 1415 1366 1415 1345 1415 1335 1415 1315 1418 1290 1418 1189 1420 1191 1466 1191 1481 1715 1481 1717 1456 1707 1400 1695 1403 1695 1410"/></Shape>
	    <String CONTENT="me consoleis á los pobres,"
                    HPOS="1189"
                    VPOS="1400"
                    WIDTH="528"
                    HEIGHT="81"></String>
          </TextLine>

          
          
          <TextLine ID="eSc_line_92701f36"
                    TAGREFS="LT482"
                    BASELINE="1186 1514 1783 1506" 
                    HPOS="1184"
                    VPOS="1448"
                    WIDTH="599"
                    HEIGHT="81">
            <Shape><Polygon POINTS="1715 1458 1690 1458 1664 1458 1662 1458 1578 1466 1530 1461 1512 1461 1487 1461 1462 1461 1437 1463 1411 1463 1386 1463 1361 1463 1335 1463 1310 1466 1285 1466 1270 1466 1234 1468 1224 1466 1209 1466 1206 1461 1184 1456 1186 1514 1186 1529 1783 1529 1783 1506 1776 1448 1715 1453 1715 1458"/></Shape>
	    <String CONTENT="que son la porcion del cielo."
                    HPOS="1184"
                    VPOS="1448"
                    WIDTH="599"
                    HEIGHT="81"></String>
          </TextLine>

          
          
          <TextLine ID="eSc_line_832e748c"
                    TAGREFS="LT482"
                    BASELINE="1194 1567 1725 1562" 
                    HPOS="1191"
                    VPOS="1517"
                    WIDTH="534"
                    HEIGHT="75">
            <Shape><Polygon POINTS="1194 1567 1194 1592 1725 1592 1725 1562 1717 1517 1191 1519 1194 1567"/></Shape>
	    <String CONTENT="Guardaréis justicia á todos"
                    HPOS="1191"
                    VPOS="1517"
                    WIDTH="534"
                    HEIGHT="75"></String>
          </TextLine>

          
          
          <TextLine ID="eSc_line_53b1ca3f"
                    TAGREFS="LT482"
                    BASELINE="1199 1618 1685 1610" 
                    HPOS="1196"
                    VPOS="1565"
                    WIDTH="489"
                    HEIGHT="60">
            <Shape><Polygon POINTS="1601 1565 1576 1565 1550 1565 1525 1565 1520 1565 1196 1575 1199 1618 1199 1625 1685 1623 1685 1610 1679 1575 1606 1565 1601 1565"/></Shape>
	    <String CONTENT="distributiva y con peso,"
                    HPOS="1196"
                    VPOS="1565"
                    WIDTH="489"
                    HEIGHT="60"></String>
          </TextLine>

          
          
          <TextLine ID="eSc_line_7239d84d"
                    TAGREFS="LT482"
                    BASELINE="1196 1668 1679 1661" 
                    HPOS="1194"
                    VPOS="1613"
                    WIDTH="485"
                    HEIGHT="75">
            <Shape><Polygon POINTS="1421 1615 1396 1615 1371 1615 1345 1618 1320 1618 1295 1618 1270 1618 1244 1618 1219 1618 1216 1613 1194 1613 1196 1668 1196 1688 1677 1681 1679 1661 1674 1618 1434 1615 1421 1615"/></Shape>
	    <String CONTENT="por ser basa la justicia,"
                    HPOS="1194"
                    VPOS="1613"
                    WIDTH="485"
                    HEIGHT="75"></String>
          </TextLine>

          
          
          <TextLine ID="eSc_line_f4b90a6a"
                    TAGREFS="LT482"
                    BASELINE="1199 1719 1690 1711" 
                    HPOS="1196"
                    VPOS="1663"
                    WIDTH="494"
                    HEIGHT="79">
            <Shape><Polygon POINTS="1626 1663 1601 1663 1576 1663 1550 1663 1525 1663 1500 1666 1475 1666 1449 1666 1424 1666 1419 1666 1196 1673 1199 1719 1199 1742 1687 1734 1690 1711 1685 1671 1626 1663 1626 1663"/></Shape>
	    <String CONTENT="que asegura firme reino."
                    HPOS="1196"
                    VPOS="1663"
                    WIDTH="494"
                    HEIGHT="79"></String>
          </TextLine>

          
          
          <TextLine ID="eSc_line_17186103"
                    TAGREFS="LT482"
                    BASELINE="1201 1769 1705 1762" 
                    HPOS="1199"
                    VPOS="1721"
                    WIDTH="506"
                    HEIGHT="64">
            <Shape><Polygon POINTS="1201 1769 1201 1779 1700 1785 1705 1762 1697 1721 1199 1726 1201 1769"/></Shape>
	    <String CONTENT="Duque de Alba generoso,"
                    HPOS="1199"
                    VPOS="1721"
                    WIDTH="506"
                    HEIGHT="64"></String>
          </TextLine>

          
          
          <TextLine ID="eSc_line_15e0c4e2"
                    TAGREFS="LT482"
                    BASELINE="1201 1820 1730 1810" 
                    HPOS="1199"
                    VPOS="1772"
                    WIDTH="531"
                    HEIGHT="66">
            <Shape><Polygon POINTS="1201 1820 1201 1833 1725 1838 1730 1810 1722 1772 1199 1772 1201 1820"/></Shape>
	    <String CONTENT="coluna de aquestos reinos,"
                    HPOS="1199"
                    VPOS="1772"
                    WIDTH="531"
                    HEIGHT="66"></String>
          </TextLine>

          
          
          <TextLine ID="eSc_line_8809fbd2"
                    TAGREFS="LT482"
                    BASELINE="1201 1868 1598 1860" 
                    HPOS="1199"
                    VPOS="1817"
                    WIDTH="399"
                    HEIGHT="59">
            <Shape><Polygon POINTS="1201 1868 1201 1876 1598 1870 1598 1860 1591 1817 1199 1827 1201 1868"/></Shape>
	    <String CONTENT="espejo de la verdad"
                    HPOS="1199"
                    VPOS="1817"
                    WIDTH="399"
                    HEIGHT="59"></String>
          </TextLine>

          
          
          <TextLine ID="eSc_line_6b855765"
                    TAGREFS="LT482"
                    BASELINE="1206 1916 1672 1911" 
                    HPOS="1204"
                    VPOS="1868"
                    WIDTH="468"
                    HEIGHT="71">
            <Shape><Polygon POINTS="1206 1916 1206 1939 1669 1931 1672 1911 1664 1868 1204 1868 1206 1916"/></Shape>
	    <String CONTENT="y de la lealtad ejemplo,"
                    HPOS="1204"
                    VPOS="1868"
                    WIDTH="468"
                    HEIGHT="71"></String>
          </TextLine>

          
          
          <TextLine ID="eSc_line_8d204d41"
                    TAGREFS="LT482"
                    BASELINE="1204 1969 1682 1964" 
                    HPOS="1201"
                    VPOS="1919"
                    WIDTH="481"
                    HEIGHT="63">
            <Shape><Polygon POINTS="1204 1969 1204 1982 1679 1982 1682 1964 1674 1919 1201 1921 1204 1969"/></Shape>
	    <String CONTENT="solo os encargo mi Rey,"
                    HPOS="1201"
                    VPOS="1919"
                    WIDTH="481"
                    HEIGHT="63"></String>
          </TextLine>

          
          
          <TextLine ID="eSc_line_e3e2f018"
                    TAGREFS="LT482"
                    BASELINE="1204 2020 1748 2007" 
                    HPOS="1201"
                    VPOS="1969"
                    WIDTH="547"
                    HEIGHT="63">
            <Shape><Polygon POINTS="1735 1969 1429 1969 1404 1969 1378 1969 1353 1969 1328 1969 1302 1969 1277 1969 1252 1969 1227 1969 1201 1969 1204 2020 1204 2032 1745 2027 1748 2007 1745 1997 1735 1969"/></Shape>
	    <String CONTENT="que con el cuidado vuestro"
                    HPOS="1201"
                    VPOS="1969"
                    WIDTH="547"
                    HEIGHT="63"></String>
          </TextLine>

          
          
          <TextLine ID="eSc_line_68c551f1"
                    TAGREFS="LT482"
                    BASELINE="1206 2068 1629 2068" 
                    HPOS="1206"
                    VPOS="2020"
                    WIDTH="423"
                    HEIGHT="60">
            <Shape><Polygon POINTS="1206 2068 1206 2078 1626 2080 1629 2068 1626 2020 1206 2020 1206 2068"/></Shape>
	    <String CONTENT="será feliz su reinado,"
                    HPOS="1206"
                    VPOS="2020"
                    WIDTH="423"
                    HEIGHT="60"></String>
          </TextLine>

          
          
          <TextLine ID="eSc_line_94473f25"
                    TAGREFS="LT482"
                    BASELINE="1206 2121 1657 2113" 
                    HPOS="1204"
                    VPOS="2063"
                    WIDTH="453"
                    HEIGHT="75">
            <Shape><Polygon POINTS="1609 2070 1583 2070 1558 2070 1533 2070 1507 2070 1482 2070 1457 2070 1432 2070 1424 2070 1204 2075 1206 2121 1206 2138 1654 2131 1657 2113 1649 2063 1611 2063 1609 2070"/></Shape>
	    <String CONTENT="y temblará el agareno."
                    HPOS="1204"
                    VPOS="2063"
                    WIDTH="453"
                    HEIGHT="75"></String>
          </TextLine>

          
          
          <TextLine ID="eSc_line_6fbec212"
                    TAGREFS="LT482"
                    BASELINE="1209 2171 1776 2161" 
                    HPOS="1206"
                    VPOS="2116"
                    WIDTH="570"
                    HEIGHT="71">
            <Shape><Polygon POINTS="1763 2121 1758 2116 1206 2123 1209 2171 1209 2187 1773 2176 1776 2161 1768 2128 1763 2121"/></Shape>
	    <String CONTENT="Atended mucho á los pobres,"
                    HPOS="1206"
                    VPOS="2116"
                    WIDTH="570"
                    HEIGHT="71"></String>
          </TextLine>

          
          
          <TextLine ID="eSc_line_ef6fe688"
                    TAGREFS="LT482"
                    BASELINE="1209 2219 1816 2209" 
                    HPOS="1206"
                    VPOS="2161"
                    WIDTH="610"
                    HEIGHT="74">
            <Shape><Polygon POINTS="1798 2161 1763 2161 1763 2164 1738 2164 1720 2164 1206 2176 1209 2219 1209 2235 1814 2232 1816 2209 1808 2171 1798 2161"/></Shape>
	    <String CONTENT="mirad, buen Duque, por ellos;"
                    HPOS="1206"
                    VPOS="2161"
                    WIDTH="610"
                    HEIGHT="74"></String>
          </TextLine>

          
          
          <TextLine ID="eSc_line_0d578fae"
                    TAGREFS="LT482"
                    BASELINE="1211 2272 1862 2260" 
                    HPOS="1209"
                    VPOS="2217"
                    WIDTH="653"
                    HEIGHT="76">
            <Shape><Polygon POINTS="1849 2217 1209 2224 1211 2272 1211 2293 1862 2280 1862 2260 1854 2224 1849 2217"/></Shape>
	    <String CONTENT="porque me daréis un gran gusto,"
                    HPOS="1209"
                    VPOS="2217"
                    WIDTH="653"
                    HEIGHT="76"></String>
          </TextLine>

          
          
          <TextLine ID="eSc_line_410a3456"
                    TAGREFS="LT482"
                    BASELINE="1222 2321 1798 2313" 
                    HPOS="1219"
                    VPOS="2270"
                    WIDTH="579"
                    HEIGHT="61">
            <Shape><Polygon POINTS="1222 2321 1222 2331 1798 2328 1798 2313 1791 2270 1219 2275 1222 2321"/></Shape>
	    <String CONTENT="y  que yo no puedo hacerlo."
                    HPOS="1219"
                    VPOS="2270"
                    WIDTH="579"
                    HEIGHT="61"></String>
          </TextLine>

          
          
          <TextLine ID="eSc_line_267a03b0"
                    TAGREFS="LT482"
                    BASELINE="1211 2371 1712 2366" 
                    HPOS="1209"
                    VPOS="2315"
                    WIDTH="503"
                    HEIGHT="74">
            <Shape><Polygon POINTS="1411 2321 1386 2321 1361 2321 1335 2321 1310 2321 1285 2321 1259 2321 1234 2321 1232 2315 1209 2315 1211 2371 1211 2389 1712 2389 1712 2366 1707 2323 1426 2318 1411 2321"/></Shape>
	    <String CONTENT="Encomendadme al Señor,"
                    HPOS="1209"
                    VPOS="2315"
                    WIDTH="503"
                    HEIGHT="74"></String>
          </TextLine>

          
          
          <TextLine ID="eSc_line_5ad3f6b6"
                    TAGREFS="LT482"
                    BASELINE="1216 2424 1791 2414" 
                    HPOS="1214"
                    VPOS="2369"
                    WIDTH="577"
                    HEIGHT="136">
            <Shape><Polygon POINTS="1216 2424 1216 2477 1275 2477 1300 2500 1300 2503 1302 2503 1305 2503 1308 2505 1358 2505 1358 2503 1444 2500 1447 2500 1449 2500 1449 2497 1469 2480 1611 2492 1614 2492 1616 2492 1647 2475 1657 2485 1659 2485 1662 2485 1664 2485 1791 2465 1791 2414 1783 2369 1214 2379 1216 2424"/></Shape>
	    <String CONTENT="que yo os ofrezco lo mismo;"
                    HPOS="1214"
                    VPOS="2369"
                    WIDTH="577"
                    HEIGHT="136"></String>
          </TextLine>

          
        </TextBlock>
        

        
      </PrintSpace>
    </Page>
  </Layout>
</alto>
