1693 2397
23 771 1324 69 NUEVO ROMANCE, EN QUE SE DECLARA LA DESEN-

81 820 1204 68 vuelta y mala vida de una doncella del reino de Sevilla, que

101 870 1164 72 por sus maldades permitió Dios se trasformase en mula, y

133 926 1084 64 los demonios la llevasen á que la herrase un herrador,

293 974 786 110 con lo demas que verá el curioso lector.

21 1120 646 70 ¡Ay de mí! cielos ¿qué es esto?

19 1182 550 62 confuso estoy y admirado;

21 1230 618 70 yo estoy temblando de miedo,

23 1278 598 70 yo estoy absorto y pasmado.

17 1328 592 68 A mí me tiemblan las carnes,

21 1376 444 72 yo estoy atemorizado,

17 1426 524 64 las potencias y sentidos

19 1474 520 72 parece tengo embargados,

13 1524 374 66 solo de considerar

13 1578 456 61 estos horrorosos casos.

17 1625 420 62 Mujeres escandalosas

19 1683 428 60 pecadores obstinados,

17 1731 566 64 temblemos, porque de Dios

23 1777 494 74 podrémos ser castigados,

17 1829 568 66 por nuestras enormes culpas

13 1881 518 68 y muchos graves pecados;

15 1927 584 70 porque con muchos ejemplos

17 1987 540 62 ya Dios nos tiene avisados,

13 2031 562 68 pues un dia estamos buenos,

13 2079 496 68 y al otro dia enterrados;

13 2127 488 74 y en el tribunal de Dios

9 2181 508 70 habemos de ser juzgados,

13 2229 628 76 y para siempre á la gloria,

9 2281 636 82 ó al infierno condenados.

695 1118 604 76 ¿Cómo no temblamos de esto,

697 1176 438 62 ó católicos cristianos?

697 1228 482 66 Y con grande confusion,

689 1272 538 70 terror, asombro y espanto,

699 1332 450 62 pido á mi dueño Jesus

693 1374 394 70 su auxilio soberano,

689 1418 476 76 y á su santísima Madre

695 1482 502 64 su patrocinio y amparo:

695 1526 490 70 á todos los circunstantes

699 1574 584 69 la atencion es lo que encargo.

699 1629 400 62 En una famosa villa,

693 1675 556 68 la cual le llaman los Llanos,

689 1725 362 74 en esta tal residia,

693 1777 546 74 segun noticia me han dado,

687 1835 462 62 un mercader poderoso,

689 1879 446 66 ricamente acomodado,

693 1929 420 66 que pasaba su caudal

687 1979 580 62 de ochocientos mil ducados:

687 2027 478 74 con una noble matrona,

693 2083 382 68 este tal era casado;

691 2129 450 70 tuvieron pues una hija

691 2179 476 70 que el cielo les ha dado,

679 2229 548 72 mas hermosa que luna rosa

683 2285 548 90 y que un clavel encarnado:
