1921 2672
476 904 939 142 ROMANCE,

178 1026 1471 125 NUEVO, Y CURIOSO DE LA PRINCESA ISMENIA,

184 1115 1480 96 hermana del gran Turco Osman, en que se declara, y

280 1177 1266 110 da cuenta, de la Embajada que embió Osman á

294 1264 1228 94 nuestro Rey de España Felipe Segundo; la res-

405 1331 1016 116 puesta que se le bolvió, y el fin desespe-

459 1418 893 85 rado que tuvo la Princesa Ismenia.

178 1514 630 109 ISmenia, aquella Otomana

249 1572 515 71 hija del primer Planeta,

187 1623 597 67 que en el Imperio Otomano

184 1674 433 71 fijó la basa primera.

236 1723 508 69 Protectora de Mahoma,

184 1763 555 80 Emperatriz de sus tierras;

191 1823 493 71 primogenita de Osman,

182 1874 633 76 que en Constantinopla reyna.

233 1923 464 67 Carroza de la fortuna,

182 1961 609 87 Reyna de todas las Ciencias;

184 2019 482 76 Luzero de la Turquia,

198 2077 602 65 por quien su nombre venera.

240 2126 546 71 Y como estatua la adoran

184 2171 526 142 los martires de su Secta;

933 1527 606 82 aunque su hermosura Mora,

933 1580 557 65 le tiró el amor sus flechas.

991 1629 660 78 Y fué, que informó un Cautivo

938 1676 488 83 de la gala, y gentileza,

935 1727 471 72 hermosura, y bizarria,

933 1785 555 63 á la hermosisima Ismenia.

964 1830 682 78 De D. Juan de Austria, por quien

931 1883 582 74 es quien su amor atropella,

931 1930 475 71 haciendo contra su ley

929 1981 457 65 mal repetidas finezas.

978 2028 468 73 Embió un embajador,

933 2073 620 84 con prevencion, y grandeza,

933 2128 548 76 la nueva de como estaba,

942 2186 631 125 por su amor rendida lsmenia.

1526 2235 67 91 Le
