1926 2656
242 298 1266 162 ROMANCE NUEVO

156 451 1464 125 Y CURIOSO, EN QUE SE REFIEREN

580 538 611 90 las Virtudes del Dia.

214 641 1334 108 Compuesto por Juan Bautista Altimira y Vazquez , natural del

644 711 458 66 Reyno de Valencia.

135 1381 642 108 AL Sacro Autor Soberano,

259 1440 591 82 que crió la tierra, y Cielo,

128 1485 505 76 à su Hijo Sacrosanto,

126 1539 462 64 y al divino Paracleto.

157 1581 682 89 Un Dios solo, en tres Personas,

122 1640 626 73 que assi lo creo, y confiesso,

122 1685 527 66 à pesar de todos quantos

118 1735 618 76 fueren contra este Mysterio.

169 1788 477 69 A la Virgen soberana,

113 1834 546 66 Madre del Divino Verbo,

113 1879 641 82 que en sus Sagradas Entrañas

113 1935 583 64 encarnó para bien nuestro.

160 1986 566 76 A los quatro Evangelistas,

110 2033 589 66 que testimonio nos dieron,

110 2076 654 78 de su Fé, Passion, y Muerte,

106 2129 605 76 como Escrivanos Supremos.

147 2180 617 89 A aquellos quatro Doctores,

100 2231 522 103 y al Sacrosanto Colegio,

878 1409 605 66 y à todos los demás Santos,

873 1454 667 71 y Angeles que hay en el Cielo.

923 1508 489 66 A todos humilde pido,

873 1553 664 74 que ilustren mi entendimiento,

876 1614 567 54 y memoria, porque pueda

873 1652 635 68 salir bien de aqueste empeño.

923 1701 583 77 Tambien pido al Auditorio,

869 1751 552 71 que me dé grato silencio,

875 1800 558 68 oirá un curioso Romance,

872 1853 683 71 escrito por mi humilde ingenio.

917 1904 550 68 Las virtudes son del Dia,

867 1946 507 75 todo fixo, y verdadero,

864 1997 533 74 sin fabulas, ni mentiras,

863 2051 555 64 somo lo verá el Discreto.

906 2096 521 71 Crió Dios con su poder,

860 2151 536 69 y con su saber immenso,

851 2195 503 72 la luz hermosa del dia,

848 2245 657 89 que alumbra con sus reflexos.

1447 2303 83 91 De
