1898 2607
175 140 659 83 qué llantos, què sentimientos

170 201 599 68 los Ancianos han tenido!

176 243 635 84 Todo es dar al Cielo quexas,

168 299 576 71 y al ayre echarle suspiros:

163 351 591 76 hechas muchas diligencias,

166 399 548 68 y viendo no ha parecido

162 443 627 82 todos le juzgan por muerto;

160 502 633 67 y este ausencia al padre hizo

157 553 555 66 tan notable sentimiento,

155 596 488 71 que de él ha fallecido,

152 645 576 76 dexando toda su hazienda

153 696 623 75 á su muger, y á un sobrino.

155 745 489 73 Vivieron algunos años

153 796 527 73 gozando este beneficio;

150 850 546 66 pero apenas han passado

144 902 571 69 los nueve años cumplidos,

147 947 549 69 quando su madre fallece,

140 996 551 75 siendo el caudal dividido

141 1050 500 63 entre grande multitud

140 1093 529 75 de sobrinas, y sobrinos,

139 1144 569 74 de parientes, y parientas,

139 1205 649 68 de propinquas, y propinquos.

136 1245 576 77 Mas bolviendo al Capitan,

136 1299 544 74 que de los años vencido,

136 1352 501 58 su desseo es descansar,

133 1394 581 77 por hallarse muy rendido:

130 1442 474 72 Al Señor Emperador

130 1493 540 75 su licencia le ha pedido,

128 1546 552 73 para bolverse á su tierra,

128 1606 597 58 pues que lo llama el cariño

127 1649 587 64 de su patria, y de su casa;

124 1693 711 75 pues es muy claro, y muy fixo,

124 1746 630 73 que siempre clama la sangre,

123 1795 604 74 aunque uno salga ofendido.

120 1842 488 71 Alcanzada la licencia,

120 1892 571 73 para España se fia partido

118 1946 535 67 entrandose en un Vaxel

118 1990 580 73 mercantil, que conducido

117 2040 724 84 fue en breve tiempo, y sin pena

114 2089 593 151 à aquel Puerto esclarecido,

918 165 532 69 pues basta dezir, que es

917 212 536 76 de Barcelona propinquo,

908 266 488 71 á su patria Tarragona,

906 315 516 67 aviendo sido este arribo

905 367 490 64 año de mil setecientos

904 409 630 80 cinquenta y tres ya vencidos.

896 464 519 70 Alli se estuvo tres dias,

902 515 490 70 y yá que todo lo vido,

901 570 469 57 camina para su casa

901 618 579 67 con contento, y regocijo,

899 667 555 68 y en menos de siete dias,

893 714 615 72 dentro su Patria se ha visto.

883 764 683 65 Va á su casa, yá no encuentra

892 819 580 64 á sus padres tan queridos:

896 863 591 75 Pregunta, quien vive alli,

893 918 706 71 y le responden, que un primo;

892 971 565 58 pero que no le conocen,

895 1019 646 64 y assi, que busque otro asilo.

892 1058 610 77 Pregunta por sus parientes,

888 1118 511 68 por sus tias, y sus tios,

888 1167 570 68 y nadie quiere ampararlo,

883 1212 545 69 de que se vió desvalido.

880 1260 538 72 Haze varias diligencias

879 1312 611 68 sobre los bienes perdidos,

885 1362 582 71 á quien los dexó su padre,

883 1410 671 77 á quien su madre, y su primo.

886 1459 559 79 Informado ya de todo,

882 1519 504 59 y enterado de lo dicho,

880 1562 492 61 lo pide Judicialmente;

876 1607 525 74 manifiesta sus servicios,

875 1659 513 70 saca la fe del Bautismo,

873 1710 604 74 y tambien de quien es hijo:

873 1761 557 71 Saca varios instrumentos,

873 1811 604 74 que para esto ha adquirido;

873 1864 557 68 no siendo los principales,

873 1907 581 75 por estar mas escondidos;

876 1958 565 75 y á los diez meses de litis,

872 2008 521 73 el pleyto se ha decidido

869 2058 626 81 dandole sentencia en contra,

870 2107 497 101 á este pobre desvalido,

1422 2175 110 71 obs-
