1874 2637
174 186 497 71 para ejecutar el lance,

177 238 618 69 en dando ocasion al tiempo.

174 285 645 76 Llegado el mes de Setiembre,

172 339 572 63 cuando sus amos vinieron

178 383 512 74 para recoger los frutos,

180 436 485 69 y gozar de su recreo,

169 486 463 67 una noche se enfadó

167 531 612 69 con Blas el amo, y soberbio

169 593 553 60 quiso otra vez castigarlo,

174 632 563 70 viniendo para él derecho.

167 678 506 67 Pero Blas ya prevenido

164 738 596 64 con el cuchillo sangriento,

165 782 586 66 con el amo embiste airado,

162 827 545 75 derribándole en el suelo,

164 883 627 63 y al cuchillo echando mano,

162 925 589 78 con mucho valor y aliento

162 978 502 69 le cercenó la garganta

164 1032 526 66 y alli se lo dejó muerto.

161 1073 650 81 Comenzó el ama á dar gritos,

162 1136 583 60 y Blas muy ligero y presto

161 1183 586 66 porque mas no alborotase,

164 1229 553 55 hizo con ella lo mesmo.

158 1273 598 74 Despues les mató dos hijos;

159 1331 610 71 tres negras y cuatro negros,

155 1375 564 70 diez camellos que tenian,

156 1425 537 75 gallinas, gatos y perros.

155 1476 521 65 Luego por una ventana

155 1525 494 68 los arrojaba diciendo:

152 1577 516 66 andad, perros, á cenar

152 1626 577 67 con los diablos al infierno.

150 1674 567 69 Luego con gran desahogo

150 1727 560 66 cenó con mucho sosiego,

155 1781 554 56 y en cenando, se previno

150 1820 584 71 de algunas armas de fuego.

149 1872 539 72 Súpose en Argel el caso,

152 1922 507 66 y salieron á prenderlo,

149 1970 501 69 llenos de rabiosa saña,

149 2020 617 70 los parientes de los muertos.

147 2064 631 82 Mas ántes que ellos llegasen,

146 2115 590 86 les salió Blas al encuentro,

884 184 559 81 y disparando un trabuco,

879 246 520 68 mató los dos delanteros.

879 294 583 64 Despues con dos carabinas

871 342 586 75 otros dos mató y cogiendo

879 394 641 76 un corbo alfange en la mano,

877 448 563 69 todos los demas huyeron,

870 498 502 55 del caso atemorizados,

871 547 547 59 y á voces iban diciendo:

871 591 594 68 este hombre es el demonio,

865 640 667 76 ó el demonio está en su cuerpo.

868 688 531 78 Llegó la noticia al Rey,

864 741 665 79 el qual mandó que al momento,

868 794 496 65 sin un punto dilatarlo,

865 839 576 72 lo trajesen vivo ó muerto.

864 887 533 72 Salieron pues á buscarlo

860 940 593 64 cincuenta Moros soberbios,

864 994 494 69 y lo hallaron abrasado

864 1041 658 73 con una cruz que habia hecho.

861 1092 523 68 Atadas atras las manos,

863 1136 591 78 dandole golpes muy recios,

860 1191 537 65 arrastrado y mal tratado

861 1236 580 75 delante el Rey lo pusieron.

860 1284 546 76 El Rey le dijo: Cautivo,

858 1343 561 64 pues tuviste atrevimiento

858 1390 596 70 de ejecutar tantas muertes,

857 1438 551 56 has de morir sin remedio

855 1485 487 63 con una muerte cruel,

855 1532 567 76 por dar del rigor ejemplo,

860 1586 527 70 y porque sirvas con ella

857 1636 595 73 para todos de escarmiento.

854 1690 521 65 La sentencia que le dió,

852 1743 619 58 causa horror y causa miedo:

852 1784 673 78 causa asombro y causa espanto

855 1840 504 61 oír rigor tan violento.

851 1881 552 68 Mandó poner en la plaza

851 1938 593 70 un palo muy alto y grueso,

855 1983 611 75 y en él diez fuertes escarpias

846 2031 556 74 de fino templado acero,

851 2081 536 69 y en ellas lo claven vivo

849 2141 586 79 por la mitad de su cuerpo,

1412 2204 44 75 y
