1643 2411
108 842 1106 118 DEVOTO ROMANCE,

37 945 1379 83 QUE SE REFIERE EL SANTISSIMO DESPO-

8 1008 1407 102 o, que celebró Christo Redemptor, y Señor nuestro

18 1084 1401 93 la Preciosissima Cruz, para la Redempcion del Li-

1 1150 1411 93 e humano; Y el doloroso llanto con que su Santissi-

1 1217 1408 106 Madre solemnizó en tan altas Bodas; Con las dadi-

2 1293 1409 91 , y ricos presentes, que ofrecieron á los Divinos

16 1350 1309 126 posados los Apostoles, y Evangelistas Sagrados,

209 1434 899 90 los demás Santos que vinieron al

544 1505 256 107 Combite.

10 1597 476 74 Quel Verbo Soberano,

21 1644 519 95 Hijo de Dios verdadero,

2 1709 363 56 mogenito Sacro

5 1749 450 63 Real Casa del Cielo.

6 1798 500 74 ra mostrarnos su amor,

2 1848 436 58 de su Padre Eterno

0 1897 406 62 mas noble Ciudad,

2 1944 544 79 tiene el Rey en su Reyno.

2 1997 543 73 a mas rica, y mas dichosa

0 2048 455 64 uantas calienta Febo,

4 2093 438 70 es la Gran Jerusalen,

2 2145 544 85 e Amor puso su assiento.

711 1605 535 72 Discurriendo cuydadoso

664 1668 589 71 por las calles deste Pueblo,

670 1719 534 61 se enamoró de una dama

666 1768 558 53 hermosissima en estremo.

722 1809 591 74 Discreta, y de galan talle,

676 1863 579 68 y fuerte contra el infierno,

682 1911 561 67 que es la Santissima Cruz,

669 1964 579 65 dulce, y precioso Madero.

716 2013 526 72 Dió Amor en solicitarla

670 2069 499 60 con musicas, y paseos,

671 2124 525 53 tanto que vino alcanzar

670 2163 570 97 el si de la Dama, y luego,

1165 2219 142 92 Vien-
