1962 2704
381 236 530 104 Asombro de las beldades,

329 299 561 90 de la discrecion la excelsa,

333 362 539 70 aqui con valor la muerte

329 403 555 79 llama la Otomana Reyna.

378 455 600 85 La que en Africanas Tropas

327 497 552 86 mostró su valor, y fuerza

327 558 548 79 la que fué de las Mugeres

329 608 530 68 el credito, y excelencias.

383 655 532 79 Yo solo al amor rendida,

331 703 559 90 que es el que todo impera,

329 754 512 95 cayó difunta en la sala,

1080 259 532 94 y al advertir tal empresa,

1134 331 546 72 Quedan todos en Palacio

1084 369 656 90 sin voz, sin alma, sin lengua:

1084 425 571 82 Todos admiran, que tanto

1073 473 525 81 dominar el amor pueda,

1118 525 625 85 Que hasta con la vida acabe,

1075 567 517 84 de tan soberana Reyna:

1075 624 690 92 Causa á su hermano gran llanto,

1077 673 517 81 y deja á la fama lengua;

1080 730 480 69 y con esto aqui dá fin,

1075 777 598 83 la gran Historia de Ismenia.

884 903 342 147 FIN.

394 1065 1308 138 Barcelona: En la Imprenta de la Viuda Pla, administrada por

606 1144 891 124 Vicente Verdaguer, calle de Algodoneros.
