1947 2672
269 231 564 71 que habrán visto los nacidos

267 285 546 89 en los tiempos de la fama.

336 365 610 102 COPLAS DE LA JOTA,

416 438 450 74 para cantar las Señoras

503 509 296 47 á sus galanes.

323 581 507 69 A las plantas de la Vírgen

278 641 519 73 quiero llegar á hacer voto,

278 688 546 71 de no olvidarte en mi vida,

274 737 472 75 ni dejarte á ti por otro.

331 788 557 62 Todos los cuatro elementos,

276 835 566 73 agua, tierra, viento, fuego,

280 888 533 71 no podrá hacer que olvide

282 944 544 71 lo mucho que yo te quiero.

329 995 521 67 Me dicen que te despida;

282 1048 499 63 no estoy de tal parecer:

287 1088 523 69 me daré muerte primero,

298 1142 561 78 que tal cosa llegue á hacer.

340 1189 499 69 Una palabra te he dado,

302 1242 468 80 y primero he de morir,

305 1295 548 76 y faltarle al sol sus rayos,

298 1342 470 83 que dejarla de cumplir.

347 1396 630 69 Aunque mis padres no quieran,

296 1438 492 78 contigo me he de casar;

302 1500 506 72 que mas estimo mi gusto,

305 1538 550 85 que cuanto me pueden dar.

345 1592 530 71 Contando voy por minutos

298 1643 586 71 lo que falta hasta las nueve,

305 1696 599 74 que es la hora acostumbrada,

311 1750 580 73 que siempre mi amante viene.

354 1801 534 71 Saliendo á tomar el fresco

309 1859 490 55 una noche á la alameda,

307 1892 539 71 hallé durmiendo mi amante

314 1950 456 69 debajo de la arboleda.

363 2001 519 65 Un sueño tuvo tan dulce,

318 2055 497 64 que lograba los favores,

325 2093 635 86 y en los brazos de mi amante

325 2150 439 78 gozaba de sus amores.

374 2193 550 80 No te vayas, dulce dueño,

325 2253 541 64 detente, no tengas prisa;

334 2297 472 127 porque tengo de decirte

1024 213 473 74 una cosa muy precisa.

1080 271 510 69 Si á mí me estuviera bien

1035 334 479 62 el andar de noche sola,

1038 374 461 73 yo sabria si mi amante

1038 420 412 83 galantea otra señora.

1087 474 545 62 Esperando estoy las doce,

1038 521 427 77 para salir disfrazada;

1047 572 610 71 por ver si hallaré á mi amante,

1040 625 497 71 hablando con otra dama.

1093 672 559 78 Ninguno ofenda mi amante,

1038 728 479 64 que por vida de mujer,

1035 774 448 67 que si la llego á coger

1042 828 512 71 le daré muerte al instante.

1096 875 530 66 Dueño y querido del alma,

1055 926 526 78 para esta noche te espero,

1055 977 606 71 que quiero que me acompañes

1051 1030 517 65 solito y sin compañero.

1109 1073 506 75 ¡O mal haya, mi fortuna,

1060 1126 532 76 y tambien mi mala suerte,

1064 1175 588 67 que al galan que yo idolatro,

1060 1224 555 71 le pretenden dar la muerte!

1118 1278 599 64 Yo he de tomar la venganza,

1062 1320 490 82 y saldré como atrevida,

1069 1373 617 76 porque no quieren mis padres,

1067 1433 487 61 hasta que pierda la vida.

1120 1469 521 74 Dueño y amante querido,

1069 1520 514 69 sabrás estoy encerrada,

1073 1574 622 82 porque no quieren mis padres

1075 1632 471 84 verme contigo casada.

1171 1678 566 138 COPLAS A LAS SEÑORAS

1388 1785 133 60 Viudas

1129 1837 452 106 Como á triste tortolilla

1080 1919 543 73 estoy sin ningun consuelo,

1084 1981 544 74 por la muerte de mi esposo

1087 2026 585 78 que Dios lo tenga en el cielo.

1133 2073 388 75 Mi afligido corazon

1084 2135 459 64 no lo puedo consolar,

1089 2179 592 69 que mis ojos son dos fuentes,

1091 2233 414 69 no cesando de llorar.

1142 2253 615 147 Aves, plantas, montes, fieras,
