1634 2401
70 174 514 48 pero, apenas á la falda

70 212 617 61 de aquel gran monte vecino

70 261 560 59 llegó; quando se aparece

70 306 553 74 un Mancebo, tan lucido

74 361 542 55 sobre un brioso cavallo,

74 413 561 64 á quien compasivo dixo:

73 461 534 53 Senor, dad una limosna

70 509 574 67 á este pobre, que perdido

72 564 520 58 anda por aquesta tierra

76 610 587 60 buscando amparo, y asilo.

74 660 656 65 Paró el bruto, y le pregunta:

76 714 559 62 Segun tu modo, y estilo,

74 761 429 51 Cavallero déves ser

74 801 502 72 de linage esclarecido?

76 855 624 72 A que el pobre le responde:

78 907 581 72 Amigo, Noble he nacido;

78 960 625 69 pero aquesto, qué me sirve,

77 1011 541 64 si entre trabajos metido,

78 1063 558 54 entre miserias embuelto,

81 1111 557 62 y entre penas sumergido,

81 1160 547 67 estoy pasando desdichas,

82 1209 528 67 y tormentos excessivos.

82 1260 513 65 El montado Cavallero,

81 1300 631 76 de esta manera le ha dicho:

84 1356 587 73 Amigo, monta á gurupa,

84 1403 710 80 que assi lo manda lo Altissimo;

88 1457 612 74 pues á muy corta distancia,

85 1509 597 66 en un muy ameno sitio

85 1564 575 63 tengo un hermoso recréo

88 1608 590 75 en donde muy compassivo

86 1662 626 64 escucharé tus sucessos,

92 1710 582 66 y á tu pena daré alivio.

88 1762 554 61 En aquel hermoso bruto

88 1808 576 70 montó, muy agradecido,

90 1863 540 64 y caminadas dos leguas,

89 1907 619 67 en un bosque se han metido

92 1956 603 76 en donde se abrió la tierra,

97 2014 541 68 y se los tragó al proviso.

90 2063 525 67 Alli fueron los sollozos,

92 2106 518 106 alli fueron los suspiros,

821 180 532 41 alli fue el llamar á Dios,

821 208 540 65 á la Virgen, y á su Hijo.

819 258 586 62 Mas viendolo el Cavallero,

818 306 558 67 no temas, le dice amigo,

822 356 569 62 que yo no puedo dexarte,

822 413 666 63 que assi lo manda el Altissimo.

818 452 617 73 Sabrás que soy el Demonio,

823 502 497 71 y solamente he venido

823 557 419 67 á traerte á mi Pais,

821 605 524 67 no á que penes afligido,

821 656 531 61 si á que veas cara á cara

822 702 601 71 aquel, que la causa ha sido

821 761 559 64 de que tu passes trabajos,

827 803 493 68 y te veas qual te miro.

823 848 553 69 Aqui, no temas à nadie;

823 901 541 60 todos los verás rendidos,

825 953 520 60 sujetos à tu obediencia,

831 997 674 71 y à mi, que los mando, y rijo,

823 1052 562 55 deseando que me mandes

827 1099 678 69 para hazerlo, qual lo he dicho.

826 1156 439 60 Considera tu Letor,

826 1200 586 67 quan triste y quan afligido

827 1252 451 63 se veria este infelice

827 1301 550 62 entre Demonios metido,

827 1351 570 56 en cabernas tan obscuras,

833 1400 578 67 y en un tan lobrego sitio?

833 1449 579 67 Cobrado ya algun aliento,

831 1500 540 68 animado algun poquillo,

830 1547 565 67 se llegaron à una puerta,

829 1604 596 59 y dando un recio bramido,

829 1648 647 66 la puerta se abrió al instante;

826 1694 707 77 (valgame Dios, lo que he visto?)

830 1754 559 62 qué caterva de Demonios

831 1796 514 74 lo rodean al proviso!

830 1846 618 76 que de fiestas que le hazen?

830 1902 534 64 que alegria, y regocijo!

831 1954 553 58 Se demostraron, apenas,

833 1998 570 69 quando de la mano asido,

831 2052 534 67 pisando mares de fuego,

819 2094 666 92 con pez, y azufre encendido,
