1926 2616
351 196 495 67 Tambien doña Margarita,

344 250 478 55 toda confusa y turbada,

344 298 489 72 ha conocido á su esposo

355 342 486 76 y de él mucho se recata,

359 396 450 77 que teme ser conocida,

353 433 523 79 aunque le llevava el alma.

353 492 445 68 Grande recelo concibe

353 545 493 65 de ver cuanto la miraba,

357 599 463 63 si viene á darle muerte,

355 647 513 70 sabiendo que viva estaba.

355 695 624 72 Quiere ausentarse y no acierta,

366 743 547 83 y en turbacion tan estraña,

357 797 445 66 á la Virgen de la Paz,

364 852 521 61 muy fina se encomendaba.

364 900 434 72 Dijole luego á su hijo,

370 941 533 87 que á la gente preguntára,

375 996 508 83 quien era aquel caballero,

375 1052 545 79 por si ella estaba engañada,

381 1100 419 77 que cuydado les traia

386 1151 495 78 por aquella tierra estraña

383 1207 424 66 para salir de temores,

392 1255 425 70 y quedar desengañada.

372 1301 544 74 Y despues de haber cenado

377 1351 475 72 el mozo les preguntaba,

381 1399 519 81 quien era aquel caballero,

381 1440 576 86 que le llevava toda el alma?

383 1497 539 83 Respondióle el mayordomo,

381 1556 445 65 sin recelarse de nada:

386 1611 512 63 Es un grande de la Corte,

386 1654 619 76 al cual don Claudio lo llaman:

388 1698 571 78 dicen, que hay en este sitio

390 1752 438 68 una fiera tan estraña,

394 1796 687 78 que asombra cuantos la han visto,

399 1855 562 78 y que al mundo alborotaba;

405 1907 426 78 y con aquesta noticia,

396 1957 493 74 mi amo se encaprichaba,

401 2005 648 76 que este animal muerto, ó vivo,

396 2055 620 81 no ha de escapar de sus armas.

401 2101 425 74 Se aseguró Margarita

405 2164 532 66 en lo que tanto importaba,

416 2210 447 72 y sin faltarle el recato,

407 2258 478 96 muchas veces suspiraba,

1073 172 510 72 viendo delante el traydor,

1077 228 558 79 y que estaba en la privanza

1075 276 504 70 de su esposo, siendo ella

1081 331 535 63 por su traícion desdichada.

1077 372 532 79 Del Cielo venga el castigo,

1088 436 484 69 y vuelva por esta causa,

1079 475 471 65 descubriendo la verdad,

1086 521 593 78 queda mi opinion sin mancha.

1084 579 453 68 Pasaron aquella noche,

1084 634 482 76 y á otro dia de mañana

1084 684 477 61 salieron con el cuydado

1084 730 534 70 de dar principio á la caza,

1097 780 682 72 para vér si el monstruo encuentran

1092 832 500 77 lograr toda su esperanza.

1092 882 491 64 Con el deseo que llevan,

1094 937 485 61 todo el monte paseaban,

1092 978 539 74 sin que se logre el intento,

1099 1033 506 65 que Dios asi lo ordenaba.

1101 1087 458 68 Viendose muy fatigado

1094 1129 607 74 don Claudio, luego se entraba

1099 1183 464 61 en la choza, ó caseria,

1105 1231 474 70 sin que nadie lo notara.

1103 1284 456 67 Estaba su triste esposa

1103 1327 532 74 en un transportal sentada;

1105 1386 478 68 siendo raudales sus ojos,

1110 1427 536 77 muchas veces los limpiaba.

1112 1478 471 87 Ay, esposo de mi vida,

1112 1539 532 63 cada instante pronunciaba,

1116 1576 567 78 quien te diere el desengaño;

1116 1630 548 68 y se fuera en tu compaña!

1116 1680 550 77 Quedó don Claudio confuso

1116 1735 498 67 de vér cosa tan estraña;

1112 1783 445 85 y sin que sea sentido,

1121 1826 549 77 mas á escuchar se aplicaba.

1125 1892 506 63 Estando en tal confusion,

1127 1940 526 61 vido que al corral entraba

1125 1983 417 83 aquel mozo Valentin,

1134 2029 562 79 y de esta suerte le hablaba:

1129 2077 554 83 Madre mia, que es aquesto,

1132 2136 569 72 que veo en vos tal mudanza

1132 2184 573 76 despues que vino esta gente,

1140 2234 543 105 que es razon sepa la causa.

1683 2236 72 120 Res-
