1928 2608
132 193 404 67 Pero mirando mi libro,

136 245 437 61 y à la doncella à la cara,

134 289 409 56 conocí que era fisgona,

136 332 374 63 y mal acondicionada,

132 380 411 54 amiga de cuentezuelos,

136 417 516 61 y de andar siempre descalza;

136 465 437 58 y sin despedirme de ella,

136 510 474 52 traspuse sin tomar blanca.

136 538 505 72 Me fui à Moron, y no hallé

139 588 465 59 cosa alli que me agradara.

141 632 511 67 Desde aqui me pasé à Osuna,

139 682 439 52 donde del pan de cevada

141 723 378 65 están todas amarillas,

143 775 374 50 descoloridas y flacas.

149 812 407 55 Pasé à la villa de Lora

143 849 467 72 salpiqué à Genil las aguas,

147 906 387 48 vide un rico lavadero

143 941 424 63 de donsellas cortesanas,

147 993 396 56 soles, lunes y luceros,

147 1030 435 58 hasta la rodilla el agua:

145 1075 452 63 las fui reparando à todas,

152 1119 484 63 por si alguna me agradaba.

147 1167 376 58 Puse los ojos en una,

147 1199 468 63 tan hermosa, que bastaba

152 1245 463 63 à enamorar à qualquiera,

152 1293 432 56 con estar de media gala.

154 1334 430 59 Travamos conversacion,

154 1377 424 61 entremetiendo palabras,

152 1423 454 54 hasta que vino à decirme

163 1467 441 56 que la llevara à la rauta.

156 1503 387 68 Hícelo de mil amores,

156 1558 393 54 hasta llegar à su caza.

156 1595 396 63 Desolliné con la vista,

154 1643 415 58 lo vi todo à la trocada,

158 1679 437 68 que se me quitó el amor,

154 1732 400 56 se me cayeron las alas

158 1766 435 68 del corazon, y partíme,

160 1816 489 61 no parando hasta Granada.

165 1862 471 52 Yendo un dia á la comedia

160 1901 489 61 que entónces representaban

165 1940 510 70 vide andar seis damas juntas,

167 1995 459 60 y ofreciéndome à la paga,

165 2034 445 54 ellas me lo agradecieron,

173 2079 474 63 y yo con mi media espada

169 2116 407 70 las aguardé à la salida,

171 2168 422 55 adonde primero estaba;

171 2205 500 59 me hicieron señas que fuesse

176 2255 413 92 siguiendoles las pisadas.

771 191 420 63 Llegamos á la carrera,

771 234 485 68 cada qual se fue à su casa;

773 286 352 59 pero como yo tenia

773 328 413 52 echada ya mi atalaya,

775 371 385 57 en casa la mas bonita

778 408 504 74 llegué con achaque de agua.

780 458 385 61 Me sacaron una silla,

780 493 441 63 hicieron que me sentara

775 536 459 68 hasta una vieja su madre

780 591 463 56 muy agradecida y franca.

782 630 435 63 Miré todos los rincones,

780 667 482 71 quando vido sobre un arca

778 717 415 61 tapado con un pañuelo

778 758 487 70 un bonete y dos sandalias;

782 808 487 56 asombréme y salí huyendo,

784 854 385 63 y la niñ a con el agua

784 884 498 72 me la traxo hasta la puerta,

789 938 402 55 y se me quitó la gana.

786 973 539 72 Desde alli me fui à Antequera,

786 1027 446 53 ciudad populosa y larga:

786 1075 452 55 alli me estuve tres meses,

784 1114 433 61 requebrando una zagala,

786 1160 518 61 que en aseo era un diamante,

789 1199 423 63 de una diosa semejanza.

791 1236 463 68 Pedíla, y el si me dieron,

795 1286 437 67 y por la primera entrada

793 1321 528 69 le dí un doblon para guantes,

799 1377 474 59 y en menos de una semana

797 1421 422 54 en dulces y arreboleras,

793 1453 511 66 no me quedó ni una blanca;

795 1503 459 61 à aquesta, por ser goloza,

797 1551 457 61 la dexé estando otorgada.

799 1584 524 72 Fui à Alcalá de los Ganzules,

799 1634 435 59 adonde traté una dama;

799 1677 498 61 que por tener cabos negros,

802 1719 452 58 me fuí y la dexé burlada.

802 1760 408 61 Pasé à Medina Sidonía,

802 1810 402 61 y aquí no hice parada,

804 1845 471 69 porque vide un lugar corto

802 1890 415 61 mucha gente de sotana,

806 1934 459 63 Pasé à la ciudad de Cádiz,

802 1982 471 63 la mejor que el cielo tapa:

806 2029 465 57 tuve amor à una francesa;

808 2069 457 67 blanca, rubia y colorada,

808 2114 402 65 que se casará conmigo,

808 2162 383 54 si la vida no le falta;

808 2182 517 78 dióme un abrazo en memoria

812 2240 435 89 de sus firmes esperanzas.

1315 2284 54 169 La
