1920 2608
339 220 653 88 Aqui está el grande Don Juan,

344 273 489 73 vés aqui tu hija amada.

337 321 554 80 Levanta, gallardo Joven,

341 372 629 81 tres veces Grande de España,

346 420 465 66 Cavallero del Toysón,

347 469 535 74 Señor de Llave Dorada;

346 518 466 65 defendedor de la vida

352 567 605 67 del gran Rey de las Españas.

352 615 571 67 Levanta Señor de Illescas,

341 673 557 59 y de todas sus comarcas.

359 718 482 60 Ea buen Napolitano;

363 766 516 61 ya la justicia está dada,

360 817 590 66 veos en paz, y de himenéo

362 866 526 71 goceis delicias sobradas.

1076 226 524 78 Besaron al Rey la mano

1076 285 597 69 por mercedes tan colmadas.

1080 330 566 78 Los Titulos le entregaron,

1080 385 492 64 en que hoy autorizada

1079 434 530 62 se vé la casa del dicho,

1082 485 558 58 en Illescas la nombrada:

1085 528 466 61 Gozoso el Napolitano

1083 579 547 68 se ausentó para su Patria,

1083 628 571 70 à vender toda su hacienda,

1088 679 549 64 y luego venirse à España.

1079 721 496 68 Y Pedro Salvador pide

1076 770 471 71 al Auditorio las faltas

1085 821 564 72 perdone, si es que las hay

1075 870 523 71 en la Historia declarada.

904 1001 307 116 FIN.

441 1318 1239 100 Barcelona: En la Imprenta de los Herederos de Juan Jolis,

723 1380 665 93 en la calle de los Algodoneros.
