1929 2756
367 303 568 85 Pero yo por ella honrado,

317 360 616 80 me busque, y me dé su lado

317 411 522 73 el que jamas me lo dió;

317 454 604 104 puñaladas; eso no, no, no.

358 535 603 105 Que vaya á ver á mi Madre

310 606 476 76 á la casa de mi Padre,

319 656 527 81 y que se esté quieta allí;

310 698 451 98 bueno; eso si, si, si.

354 787 604 106 Mas que salga con meneos,

298 849 504 85 sin saber en sus paseos

303 904 492 72 si con alguien platicó;

298 950 559 85 latigazo; eso no, no, no.

356 1042 547 97 Y que estando á la mesa,

294 1104 476 71 sea amiga, ó corteza,

298 1159 488 67 coma lo que yo comí;

294 1194 646 110 buen provecho; eso si, si, si.

342 1293 598 91 Mas que todo el año quiera

285 1357 567 78 comer cabrito, y ternera,

294 1410 591 69 y que tenga el nombre yo;

285 1456 556 87 cuerno; esto no, no, no,

333 1531 552 104 Que la calze el Zapatero,

285 1605 505 60 y que se lleve el dinero

282 1651 483 78 que para el caso le dí;

278 1699 455 99 bueno; eso si, si, si.

1138 312 549 110 Pero que guarde la pella,

1085 378 487 83 y que se trate con ella,

1092 434 494 78 porque el diablo sopló;

1085 484 558 99 lasnazos; eso no, no, no.

1126 558 623 110 Que las mas Pascuas del año.

1076 626 643 95 aunque á mi bolsa haga daño,

1076 679 482 83 quiera cazuela mongí;

1078 725 446 85 bueno; eso si, si, si.

1119 813 536 94 Mas que se haga zorrita,

1073 877 596 89 y con lo que á mi me quita,

1069 932 531 85 trague mas que gano yo,

1071 973 549 90 valadre; eso no, no, no.

1112 1058 660 113 Que pruebe el Sastre el justillo

1069 1118 508 96 por defuera del tontillo,

1064 1180 423 69 sin tocar al puleví;

1059 1224 456 85 bueno; eso si, si, si.

1105 1304 603 113 Mas que venga por ventura

1057 1364 508 89 el Sastron, y su figura,

1059 1421 545 87 y me haga un que sé yo;

1053 1472 604 96 trabucazo; eso no, no, no.

1092 1543 471 103 Mira bien la satirilla,

1046 1623 517 78 no dejen tener calzones,

1041 1671 566 88 darles buenos coscorrones,

1039 1729 506 83 quebrarles una costilla.

400 1931 1234 145 Barcelona: En la Imprenta de los Herederos de Juan Jolis,

770 2018 510 94 en la calle de Cotoners.
