1882 2569
1443 87 55 79 3

122 145 498 71 Su Majestad vino á verle

117 205 563 56 con muy grande ostentacion,

115 250 493 71 acompañado de Grandes,

117 297 463 66 los de la llave y toison.

122 351 554 68 Y Don Juan cuando lo vido,

115 408 518 65 mucho en verle se alegró;

117 451 441 69 quiso besarle la mano,

119 498 514 82 y el Rey los brazos le dió.

119 550 623 68 ¿Como se halla vuestra Alteza?

122 597 492 70 Y el Enfermo respondió:

117 648 501 67 Esto es morir sin remedio,

115 704 484 73 sin que tenga apelacion;

119 766 476 51 que el morir para vivir,

115 807 456 60 no se llamó morir, no;

122 858 471 64 que esta transitoria vida

117 914 471 55 es una sombra ó vision

115 963 533 60 para la eterna que espero,

117 1019 461 51 en quien confiado voy.

122 1053 644 75 Volvió el rostro á un santo Cristo,

117 1102 465 79 y dijo: Gran Redentor,

117 1153 469 75 por esa muerte de cruz,

119 1201 463 79 y por el mar de pasion

115 1258 604 73 que por los hombres pasasteis

122 1314 423 64 para darles redencion,

122 1353 503 79 pido le deis á Don Carlos

113 1410 422 58 el fruto de bendicion

115 1466 437 60 en su real monarquía,

113 1509 394 64 como reluciente sol,

117 1554 463 75 y le libreis de traidores,

117 1605 471 75 y le deis buen galardon

113 1665 447 62 en aqueste casamiento,

115 1710 463 60 vaya de bueno á mejor.

111 1759 552 67 Hermano, lo que os suplico,

117 1806 544 75 que escucheis con atencion,

115 1866 570 69 y mireis por vuestra España,

113 1918 522 62 que es el escudo y blason,

115 1958 422 69 y lauro de la corona,

122 2014 520 64 que vuestro padre os dejó.

122 2059 423 71 Y la militante Iglesia,

122 2117 531 66 que os corre de obligacion,

117 2168 452 62 volved por la santa Fé,

119 2217 332 73 vigilante zelador,

835 141 486 68 defendiendo el evangelio,

832 192 394 71 como de la Fé farol.

830 252 482 64 Hermano, si yo me viera

835 303 419 67 por consejero mayor,

828 346 535 69 seis años siquiera ó menos,

835 406 511 54 yo os dijera quien soy yo.

837 449 413 69 Y sino dígalo el orbe

839 498 520 65 en lo aplaudido que estoy,

826 552 602 64 mercedes que me hizo el cielo,

830 597 411 62 no mereciéndolas yo.

832 646 454 62 Nápoles tiembla de mí,

832 700 388 66 Mesina de mi furor,

835 749 458 68 Africa de mis banderas,

832 800 401 69 Hungría de mi rigor,

828 845 482 69 de mis clarines Holanda,

835 897 483 74 y Francia de mi baston;

830 959 456 57 de mi espada Portugal;

832 1001 431 71 pero sabiendo que yo

822 1049 569 77 de príncipe vuelvo en polvo,

830 1100 463 71 ya dormirán sin temor.

837 1158 556 68 Tráiganme acá un secretario

828 1205 413 68 sin ninguna dilacion,

832 1258 581 60 que hacer quiero testamento;

837 1299 441 66 y disponga luego Dios

830 1350 508 69 lo que su voluntad fuere,

835 1408 584 69 que siempre aguardando estoy

832 1466 407 53 aquel lance temeroso

832 1515 469 54 de la muerte y su rigor.

830 1554 585 68 El Rey que atento escuchaba,

828 1612 377 59 enternecido quedó,

835 1661 565 70 y en lo interior de su pecho

826 1706 385 64 á los ojos le prestó

826 1753 422 77 aljófar y perlas finas,

828 1806 456 67 que las alfombras regó.

830 1856 499 68 Tomó el oficial la pluma,

822 1905 499 64 hizo la cruz, y empezó:

824 1961 578 64 En el nombre de Dios padre,

826 2008 396 70 criador y salvador,

824 2065 490 65 comienzo mi testamento:

835 2115 548 68 pongo en el primer renglon,

835 2157 642 80 y digo: Yo Don Juan de Austria,

826 2220 417 79 sobrino del que pasó,
