1370 2304
13 17 538 50 El herrador muy de presto

15 57 501 65 en breve lo ha ejecutado;

28 109 490 56 le puso cuatro herraduras

21 149 555 73 conforme ha sido mandado;

26 203 404 69 y le dieron una joya,

24 255 500 69 y le dicen: Señor Fulano,

21 303 442 69 vaya en casa la señora

28 355 506 73 que á noche tuvo el sarao,

24 405 512 69 diga que por señas de esta

30 466 492 62 que le paguen su trabajo;

28 508 504 69 y diciendo esto, se fueron

21 554 497 70 la mula y los embozados.

24 606 435 73 Al instante el herrador

26 658 458 65 se fué con todo cuidado

26 706 394 69 en casa de la señora

23 756 507 75 con la joya; dió el recado

28 812 436 73 que por ella le pagasen

24 860 565 75 una mula que habia herrado;

24 910 527 76 que los que fueron por ella

21 960 493 71 esta joya le habian dado.

17 1008 499 72 Respondieron: bien está;

21 1065 399 65 subirémos el recado,

19 1113 538 67 que yo discurro que el ama

19 1161 511 71 ella no se habrá acostado.

19 1217 503 71 Subieron á donde estaba;

21 1263 543 77 pero muerta la han hallado

19 1315 595 69 mas horrible que un demonio,

15 1365 503 67 herrada de piés y manos,

24 1420 462 69 y se quedaron del susto

19 1466 390 64 todos atemorizados.

19 1518 426 71 Noticia de este suceso

15 1562 519 79 al señor cura le han dado,

26 1616 569 79 que se quedó haciendo cruces

24 1672 485 67 viendo tan horrible caso,

30 1722 490 71 y en el patio de la iglesia

19 1779 488 60 de secreto la enterraron;

24 1824 423 72 pero la tierra sagrada

17 1868 513 76 á un cadáver tan malvado

23 1927 424 64 no lo quiso consentir,

19 1968 501 71 fuera de sí lo ha arrojado

15 2017 498 73 á vista de todo el pueblo

21 2067 547 75 que todo quedó asombrado.

21 2121 517 65 Viendo caso tan tremendo

17 2171 549 79 dan cuenta al señor Vicario,

685 23 550 55 y manda que luego al punt0

682 59 465 65 se lo llevasen al campo,

684 109 407 59 dejándolo sepultado.

684 153 457 71 La sacaron arrastrando,

691 207 411 71 y le dieron sepultura

687 261 540 63 conforme ha sido mandado.

689 305 509 69 Aquí otro caso tremendo:

689 357 517 63 á aquel cuerpo condenado

687 405 473 69 no lo consintió la tierra,

685 462 608 64 ni en la iglesia ni en el campo.

687 514 429 54 este horroroso castigo

687 562 440 60 aun no está finalizado.

687 610 483 63 Se levantó una tormenta,

687 666 481 59 un huracan, un nublado,

689 708 467 71 que las nubes despedian

687 766 577 61 relámpagos, truenos y rayos:

687 808 442 67 la tierra se estremeció,

691 852 557 81 y á aquel cuerpo condenado

687 913 540 66 tomaron muchos demonios,

693 961 513 70 que de allí lo arrebataron;

687 1011 440 66 lo llevaron al infierno,

687 1065 494 62 donde será atormentado:

685 1113 521 63 esto es lo que ha sucedido

685 1159 498 65 en la villa de los Llanos.

691 1217 421 63 Mujeres, escandalosas,

697 1259 571 79 ¿qué os parece de estos casos?

682 1309 478 77 Bien veis aquella infeliz,

685 1363 527 71 como Dios la ha castigado,

695 1415 494 71 porque de su misericorda

689 1470 500 60 los avisos ha despreciado.

689 1520 483 60 Así mirad lo que haceis;

687 1566 492 62 dejad los trajes profanos,

687 1616 421 69 aborreced todo vicio,

689 1668 531 67 confesad vuestros pecados:

689 1724 488 61 temed, temed el castigo,

684 1762 553 71 como aquí se ha ponderado,

693 1822 505 65 porque si así no lo haceis,

685 1866 567 67 mirad que yo os desengaño;

687 1920 581 71 bien podréis temblar tambien

691 1968 550 65 que no os suceda otro tanto.

691 2016 492 74 Escarmentad, pecadores,

691 2073 431 67 mujeres, vivid alerta,

693 2115 621 77 que quien anda en malos pasos,

693 2169 529 67 este es el fin que le espera.

53 2231 1215 65 Barcelona: Imprenta de los Herederos de la V. Pla, calle de Cotoners.
