1397 2035
61 22 405 42 y con otra puñalada

61 54 533 64 concluyó á su vida el hilo;

59 93 443 66 les sacó los corazones,

62 149 469 69 y en aceite los ha frito;

57 200 462 67 y de tan gran crueldad

57 249 501 68 cayó el mozo amortecido;

54 296 467 68 le dice: muere tambien,

61 354 594 73 pues que tú la causa has sido;

50 393 488 76 le ha dado de puñaladas,

52 452 414 61 y con ánimo atrevido

49 490 497 81 le quitó todas las armas,

49 549 421 69 y se puso su vestido,

54 596 511 73 y en un caballo del padre

47 654 572 68 montó, y se puso en camino.

56 698 444 65 Y luego por la mañana

44 749 488 70 sus hermanos han venido

42 793 460 75 á la casa de sus padres,

44 846 512 74 y hallan dolor tan crecido.

35 892 441 78 Justicia piden al cielo,

39 949 429 70 acudieron los vecinos,

40 997 532 76 y los llantos fueron tantos,

35 1039 467 81 los clamores y gemidos,

39 1093 473 77 que bastaban á ablandar

35 1148 474 71 á las montañas y riscos.

33 1193 472 75 No condenaron á nadie,

39 1248 551 73 porque saben quien ha sido;

37 1302 453 64 y con solemne aparato,

28 1343 540 76 de todo el pueblo asistidos,

32 1392 480 78 dispusieron los entierros:

30 1439 509 87 Dios les haya dado ausilio.

27 1495 468 71 Despachan requisitorias,

33 1544 513 73 para saber si la han visto,

28 1594 549 83 y á donde quiera la prendan,

37 1650 475 69 que se ejecute el castigo.

23 1687 504 83 Salieron los dos hermanos

28 1745 547 72 por montes, valles y riscos;

20 1792 494 83 ella estaba en una cueva,

30 1841 457 75 y con ella dos vandidos,

27 1890 584 83 que tambien huyendo andaban

28 1943 455 83 por otros graves delitos.

758 13 537 73 Vió pasar sus dos hermanos,

746 61 498 72 y ella les salió al camino,

736 115 414 66 y de dos carabinazos

741 150 508 84 los mató luego al proviso.

740 208 507 73 Con un cuchillo les corta

734 257 479 78 las cabezas, y se ha ido

738 306 574 84 donde estan sus compañeros,

748 369 424 66 y se las lleva consigo.

738 407 497 81 Los compañeros la riñen,

741 461 426 74 y con ánimo atrevido,

738 515 397 70 cruel y desesperada,

734 564 469 70 con ellos hizo lo mismo.

733 607 490 76 Llevó las cuatro cabezas,

733 664 514 80 y se fué á Ciudad-Rodrigo,

724 713 589 75 y en una esquina en la plaza

728 763 470 74 las puso con un escrito,

731 817 491 69 que de esta suerte decia:

724 868 525 69 A estos dos hermanos mios

723 915 541 75 di la muerte, por vengarme

724 959 489 83 de haberme dado castigo,

728 1014 446 74 y á los otros dos maté

724 1059 571 77 por saber que eran vandidos.

726 1109 519 78 Ya está la venganza hecha,

724 1163 555 78 ya mi gusto se ha cumplido,

718 1210 568 83 si hay alguno que se oponga,

716 1258 514 81 salga á campaña conmigo,

723 1317 561 75 porque al rigor de este brazo

712 1370 527 76 son pocos los de este siglo.

716 1410 382 78 El señor Corregidor

712 1456 489 83 dió aviso á sus ministros,

712 1510 515 85 de que salgan á prenderla,

707 1563 406 71 y acudieron infinitos.

712 1611 396 78 A dos alcaldes mató,

711 1656 573 87 y hasta cinco ó seis ministros,

707 1714 549 75 y con la espada en la mano

716 1763 377 70 parecia un basilisco.

707 1811 435 76 Nadie le para delante,

704 1865 565 80 como á un toro embravecido.

702 1911 428 79 Pidiendo favor al Rey,

699 1962 411 71 acudieron los vecinos
