1912 2656
196 256 1472 135 TESTAMENTO DE CHRISTO.

186 404 1485 116 A la fin el devoto Romance à la Assumpcion de la Virgen.

179 1102 611 113 EL gran Monarca JESUS,

283 1168 609 89 del Padre Eteno heredero,

168 1217 583 57 teniendo la Cruz por cama

168 1261 549 72 hazer quiere Testamento.

218 1308 616 79 Porque la Corona, y Clavos

166 1364 547 70 le tienen ya casi muerto,

172 1415 517 66 y con cinco mil azotes

166 1459 625 75 de llagas cubierto el cuerpo.

208 1509 497 75 No por falta de poder,

162 1562 567 67 que su poder es inmenso;

160 1620 587 47 pero quiere con su muerte

159 1660 595 64 dar á los hombres exemplo.

212 1707 456 66 No muda de parecer

155 1758 600 70 que muda los Santos presos

155 1810 549 71 de las baxesas del Limbo,

153 1859 484 63 á las altezas del Cielo.

200 1903 548 75 Hicieron luego una Cruz

152 1956 568 68 donde pusieron su Cuerpo

150 2008 543 68 hecha de quatro maderos

150 2051 729 82 Cyprés, Palma, Olivo, y Cedro.

202 2107 512 62 Y á los lados de la Cruz

146 2157 568 69 otras dos Cruzes pusieron,

146 2204 553 62 á donde los dos Ladrones

144 2254 704 99 clavaron, y á Christo en medio.

985 1108 483 82 Y estando Crucificado

932 1168 545 73 las tres Marias vinieron,

933 1223 640 74 y al pié de la Cruz se ponen,

931 1277 631 68 que es voluntad del Maestro.

974 1326 599 71 No le dá temor de muerte,

926 1365 576 71 que de morir es contento,

927 1425 549 69 mas quiere con su temor

927 1471 608 76 dár á los hombres exemplo.

980 1519 585 73 Pidióle el primero Ladrón,

928 1583 653 57 que estava en su lado derecho

927 1620 624 69 perdón, y oyendole Christo,

924 1670 579 72 assi respondió, diciendo:

968 1727 597 71 Hijo veys estos tres Clavos

924 1778 595 66 que me tienen casi muerto,

924 1828 655 69 pues aunque assido me tienen,

922 1872 476 69 yo los sujeté primero.

974 1916 526 74 Vestí del mismo vestido

912 1971 583 66 que vistió el Padre Eterno:

913 2018 579 78 pero pecaron los hombres,

909 2073 539 66 y baxé á morir por ellos.

958 2115 584 82 Miradme bien por si acaso

910 2172 600 70 no estays de mi satisfechos,

912 2223 654 71 que aqui está el Hijo de Dios

902 2269 639 90 que á perdonar vino al suelo.

1435 2328 155 65 Muero
