1904 2752
206 229 512 80 Mucho siente la prision

158 293 486 62 aquel que ha sido leal,

160 344 509 66 que le paguen el cariño

158 387 571 87 con una grande impiedad.

201 470 461 82 Señora, con tu favor

162 534 461 76 pagame mi voluntad,

155 587 606 75 mira, que si es al contrario,

153 644 454 78 el mundo te culpará.

201 708 507 92 Me quejaré de tu cielo,

151 791 571 66 dandole dos mil querellas,

155 832 638 71 à los montes, y à los campos,

153 887 592 87 à los prados, y a las selvas.

204 956 585 101 A las plantas, y á las aves,

151 1034 525 78 à los Signos, y Planetas,

160 1089 434 73 y todos te culparán,

158 1137 603 87 porque no tienes clemencia.

963 236 612 87 Mal haya quien quiere bien,

924 302 505 64 y quien pone su aficion

917 350 597 67 en quien no le corresponde

915 396 562 83 á un ardimiento de amor.

956 479 535 89 No me despido, Señora,

917 536 606 80 de tu hermosura, y belleza;

919 603 427 59 para morir, ó vivir

913 649 562 75 solo aguardo tu respuesta.

961 722 582 99 A Dios, dueño de mi vida,

913 786 562 76 à Dios, hechizo del alma,

913 843 575 69 à Dios, norte de mi amor,

910 892 640 82 à Dios, mar de mi esperanza.

956 981 560 83 No te puedo escribir mas,

913 1048 637 64 porque se me abrasa el pecho

910 1098 539 62 en los ardientes volcanes

906 1139 534 90 del fuego de mis recelos,

536 1424 684 146 SATIRA

353 1545 1080 133 GRACIOSA, Y ENTRETENIDA.

160 1720 597 135 QUe trate yo à mi muger

272 1788 588 71 conforme á mi estado, y ser,

910 1784 659 94 que me place; aqueso si, si, si.

204 1841 562 76 y la quiera como á mi;

144 1878 450 91 bueno; eso si, si, si.

192 1974 647 94 Mas porque mucho la quiera;

142 2034 587 71 se muestre muy bachillera,

146 2089 546 73 y mande mas que no yo;

144 2144 491 75 palo; eso no, no, no.

190 2210 622 108 Que yo su esclavo me llame,

142 2279 532 103 y como á esposa la ame,

899 1726 507 92 pues para tal la escogí;

949 1882 514 81 Pero que salga galana,

899 1947 562 73 oy bien, y mejor mañana,

892 1999 562 74 con ropa que otro le dió;

896 2045 494 87 malo; eso no, no, no.

947 2109 567 110 Que se vaya á la comedia,

903 2190 535 78 y que yo pague por ella,

899 2247 486 71 y se siente junto á mi;

896 2288 457 115 bueno; eso si, si, si.

1452 2336 117 117 Pero
