1970 2630
308 194 538 90 al fin una cierta noche,

359 254 519 87 Con un amigo gallardo,

305 305 542 80 à la hora que el silencio,

303 356 597 91 está en su golfo enfroscado,

301 412 498 74 se puso calson de ante,

356 455 504 84 Jubon, y coleto largo,

293 505 579 82 media blanca, y alpargata,

290 559 636 85 su capa, y sombrero blanco;

289 609 617 76 tomando broquel, y espada.

334 651 624 91 Fué al parage acostumbrado,

284 701 546 80 donde sabia que estavan;

276 751 635 90 llegó, y assi les ha hablado:

276 807 532 74 picaros, viles traydores,

327 850 593 89 Que vilmente aveis obrado,

270 907 641 80 en darle muerte aquel mozo,

270 954 609 83 mas yo à la venganza salgo,

268 1008 563 73 y vengo porque me toca:

315 1050 493 85 Aora, vereis villanos,

265 1110 517 70 si aqui la razon me vale

258 1155 531 72 la vereis en este brazo;

254 1205 574 72 echando mano à su azero,

301 1256 556 67 Ellos tambien arrancaron

257 1301 557 79 sus espadas; mas à pocos

248 1354 574 76 movimientos (caso raro!)

248 1401 596 83 dió al mayor una estocada,

290 1452 658 88 Que el corazon le ha paassdo,

244 1510 505 70 y otro por la garganta

239 1548 677 88 le dió en forma, que quedaron

236 1599 471 73 difuintos ambos à dos,

283 1648 611 87 Y élla fué passo entre passo

227 1705 492 73 à su fortuna principio

225 1748 548 75 lo demás valor, y dando

220 1800 458 73 à su casa, y recogió

271 1851 522 67 A Cramona caminando,

217 1900 512 73 à las cinco de la tarde

216 1952 565 71 llego, y estavan jugando

213 2000 475 73 en la calle à la pelota

257 2051 561 74 Quatro guapos alentados,

207 2105 732 82 passó, no quitandse el sombrero,

210 2155 514 71 y uno dellos reparando,

204 2201 450 85 le dixo ser descortés,

1129 229 507 98 Y todos se alborotaron,

1077 287 594 91 metiendo mano à su espada

1079 337 658 91 le dió que hacer un buen rato,

1077 385 657 94 donde al fin mató un Alcayde,

1117 441 606 87 Un Cochero, y un Lacayo:

1071 489 542 83 quatro quedaron heridos,

1066 540 582 78 y por ser tantos contrarios

1063 587 566 90 se escapò como élla pudo,

1059 634 571 84 mas fué à uña de cavallo.

1101 686 540 92 Albergóse aquella noche

1056 734 488 78 en una casa de campo

1055 790 532 77 caminando à toda prissa

1052 843 562 76 con muchisimo cuydado.

1043 879 704 101 Entró en Cuenca una mañana,

1044 930 527 85 donde posada buscando,

1047 986 506 73 allí estuvo quatro dias

1037 1030 585 90 donde una noche cenando,

1072 1084 582 86 Llegaron dos Portugueses

1031 1130 583 95 junto à élla se assentaron,

1028 1183 475 76 y al instante conoció

1024 1234 602 79 que eran valientes lagartos,

1072 1284 580 71 Les dixo: si eran servidos

1017 1332 626 86 de cernar, con que asetaron;

993 1385 575 79 comieron de lo que avia,

1015 1433 561 71 y uno fué desvergonzado

1062 1478 557 82 Con la Huespeda de casa,

993 1527 621 83 con que les dixo: Paysanos,

991 1580 619 72 poco, à poco en el hablar,

1006 1621 665 94 porquè aunque no esté el amo,

1002 1677 590 79 Bastará que esté yo aqui

995 1725 605 85 para que se haga mas caso:

995 1779 519 75 Uno de ellos respondió,

996 1829 588 73 con muy grande desacato;

1037 1876 570 77 Cogió el plato de la mesa,

990 1927 616 83 y se lo metió en los cascos:

986 1976 484 75 Al otro con una daga

983 2022 579 80 tres puñaladas le ha dado;

1022 2071 622 89 Con què ambos à dos fueron

973 2114 488 82 à cenar al otro barrio.

973 2163 536 88 De allí pasó à Zaragoza,

967 2219 459 107 andandose passeando

1550 2280 95 75 Por
