1888 2637
391 963 959 137 BLAS DE LEON,

200 1062 1350 111 VERDADERA RELACION DE UN RIGUROSO

202 1136 1354 98 castigo que ejecutaron los Moros de Argél con un Cau-

234 1199 1294 96 tivo natural de la villa de Ontiveros: dase cuenta

274 1258 1210 83 como fué clavado en diez escarpias, donde estuvo

331 1303 1159 103 tres dias vivo, predicando la fé de Jesucristo,

486 1375 789 81 con lo demas que verá el curioso.

217 1514 648 103 BRame el mar y gima el ayre

312 1569 560 74 y todos cuatro elementos,

206 1623 464 63 en tan lastimoso caso,

215 1665 546 68 se quejen de sentimiento:

211 1716 560 71 de negras y densas nubes

209 1765 561 67 se cubra de luto el cielo,

214 1818 583 67 no luzca el sol ni la luna,

206 1869 501 64 las estrellas y luceros;

215 1916 467 70 y al oir caso tan raro

214 1961 642 73 se aflija el mas duro pecho:

216 2011 578 76 porque oirlo y no afligirse

216 2064 629 71 sera de bronce ó acero,

205 2112 656 95 ó mas bien no serán hombres

902 1498 568 75 dotados de entendimiento.

908 1549 556 80 Y así á todos mis oyentes

907 1596 563 79 les pido me estén atentos;

905 1649 569 78 mas para poder contarlo,

905 1700 538 68 me pienso valer primero

907 1746 602 77 de aquella Rosa impecable,

910 1797 539 79 Señora de los Remedios,

913 1848 614 78 pues con su divino amparo,

916 1900 573 76 en el mar de tanto aprieto

916 1951 598 73 naufragando mis potencias,

917 1999 626 71 con victoria saldré al puerto.

919 2045 517 77 No lejos de Peñaranda,

917 2097 556 115 en la villa de Ontiveros,

1477 2111 53 102 se
