1936 2672
265 231 525 91 Porque siguiendo tu ley,

213 287 528 73 no puede casar con ella:

222 336 604 84 Yo no estimo tu arrogancia,

213 385 540 78 tus dadivas, y promesas.

260 436 550 71 Que sabes que soy Felipe

202 476 713 98 de Austria por mar, y por tierra,

207 534 548 82 y me crió el mismo Cielo,

204 592 475 67 para rendir fortalezas.

256 641 595 80 Con esto Alá que te guarde,

202 679 637 82 á ti, y á tu hermana Ismenia:

202 737 464 77 y si acaso te enojares,

200 788 470 75 embiarás la respuesta.

251 835 622 89 Que yá prevengo la Armada,

202 879 582 87 por el mar, y por la tierra:

196 935 601 89 con esto despachó el pliego,

196 988 590 78 el cual con gran diligencia,

245 1030 592 103 Llegó al Palacio del Turco,

193 1073 533 93 y luego le tomó Ismenia;

196 1137 534 78 y viendo las arrogancias,

191 1186 562 78 y lo que dá por respuesta:

238 1238 521 77 No hay desatada Leona,

187 1269 581 98 ni hay mal pisada Culebra,

184 1327 582 86 ni hay Loba llena de rabia,

182 1382 657 92 ni hay Tigre con mas sobervia,

231 1436 542 82 Que con ella se compare,

182 1482 566 83 se escupe, araña, y patea;

180 1531 599 83 manda prevenir su Armada,

182 1580 613 85 que ha de llevarle las nuevas

229 1627 530 83 Al de Austria, con amor

184 1674 513 78 le paga de esta manera:

184 1725 564 89 Ya se encierra en una sala,

171 1781 544 80 se quita Luna, y Cimera,

229 1828 508 82 Y todo al suelo lo echa,

176 1874 465 78 y suspirando se queja,

171 1928 521 82 se viste Jaco, y Marlota,

176 1975 630 89 Turbante, Adarga, y Testera;

220 2026 492 89 Y una sobervia Celada,

169 2073 472 71 y una Cimitarra fiera:

171 2128 519 78 y mirandose á un espejo,

164 2168 533 134 ha dicho de esta manera:

1024 247 571 91 Yo soy Ismenia Otomana?

969 305 615 80 yo soy Reyna de la Ciencia?

969 362 559 69 yo soy luz de la Turquia?

966 411 609 78 yo soy del Imperio Cabeza?

1015 465 535 76 Yo soy Madre del amor?

951 509 666 85 yo soy la que en hora y media

951 561 470 73 fabriqué la Babilonia,

949 616 639 67 con sus torres muy sobervias?

1000 665 595 74 Mas como yo no me mato?

949 705 643 87 como España vive, y Reyna?

953 759 557 84 juro por el gran Mahoma,

953 817 537 71 pues tanto su ley venero.

1002 863 633 83 Que no ha de quedar cogollo

946 906 615 91 en España, ni en sus tierras,

946 959 551 78 que mi furor no lo acabe,

946 1017 644 67 que no lo abrasen mis fuerzas.

993 1062 657 95 Al de Austria, pero que digo,

942 1097 586 100 que yá no puede mi lengua

937 1166 455 69 relatar estas palabras

942 1211 570 78 porque la pasion me ciega.

991 1264 601 80 Porque su ley yá me abrasa,

937 1311 633 87 porque su amor me atropella,

935 1367 515 66 y de mi amado enemigo

926 1409 600 80 son tan terribles las fuerzas.

982 1465 559 73 Que muero solo en pensar

929 1507 708 89 que un Christiano me desprecia:

926 1563 517 69 manda que la dejen sola

924 1607 557 80 sus Criadas, y Doncellas;

971 1656 523 83 Se desnuda de sus armas,

922 1710 539 73 diciendo de esta manera:

924 1754 608 87 Los que leyeren mi Historia,

922 1805 577 87 sabrán que muero por ella.

975 1854 517 83 Solo por guardar mi ley,

920 1903 619 96 porque el Alcoran lo ordena,

917 1959 413 73 y con su Cimitarra,

911 2001 530 80 sobre una nevada piedra

962 2055 557 84 De alabastro, escrivió alli

913 2099 577 83 con la sangre de sus venas:

913 2155 470 78 Aqui dá fin la que fué

908 2206 506 136 admiracion de la tierra,

1410 2240 147 109 Asom-
