1920 2656
285 112 607 89 COPLAS DE LA JOTA

285 168 596 79 para las doncellas, y personas

285 221 580 75 de virtud, del Nacimiento del

327 265 494 97 niño Jesus, de la Vírgen

449 323 244 86 y San José.

250 411 443 80 La sagrada Reina sale

201 467 505 84 para ponerse en camino,

201 524 536 71 preñada de nueve meses,

201 573 470 71 padeciendo pena y frio.

243 617 552 89 San José vá con la Vírgen,

188 664 518 90 de noche no halla posada,

190 721 531 73 y en casa de sus parientes

188 779 533 64 no halló consuelo de nada.

245 821 605 93 Viendo que no halla consuelo,

186 878 480 75 y era la noche tan fria,

186 927 471 77 se hallaba muy afligido,

188 976 440 68 y lo siente por Maria.

234 1029 487 68 Junto al portal de Belen

181 1080 487 75 se retiran á un pesebre,

188 1135 498 62 y recogiendo unas pajas,

183 1186 492 68 allí tuvieron su albergue.

234 1228 521 71 Entre las once y las doce

179 1277 585 75 vieron grandes resplandores,

177 1328 500 73 San José muy cuidadoso

186 1385 511 64 pidió luz á unos pastores.

232 1434 512 75 En punto de media noche

174 1485 505 68 nació el Autor soberano,

181 1536 412 62 que venia á rescatar

177 1584 507 76 á todo el género humano.

223 1633 501 71 Junto al portal de Belen

179 1690 454 71 parió la Vírgen Maria;

174 1739 499 67 el sol, lucero y estrellas

174 1795 501 70 se adornaron de alegría.

232 1837 461 68 Todas las aves sonoras

177 1894 573 73 publican con grande anhelo,

177 1943 440 113 y con gorjeos repiten,

983 132 618 82 que ha nacido el Rey del cielo.

1027 192 421 75 Los pajarillos alegres

981 236 500 82 van trinando en armonía,

978 285 519 84 alabando el dulce nombre

974 349 423 60 de Jesus y de Maria.

1025 389 573 84 Fuentes, plantas y avecillas,

974 444 489 82 cuando la Vírgen parió,

972 495 449 73 se vistieron de alegría,

978 546 474 75 y el infierno amedrentó.

1023 597 434 64 Las águilas coronadas

965 641 483 78 celebraron noche y dia,

967 690 476 80 repitiendo con su canto

965 741 394 73 la pureza de Maria.

1014 794 458 80 San José llora de gozo,

963 847 458 73 y á sí mismo se decia:

965 903 432 64 ¿De donde merecí yo,

961 947 431 68 ser esposo de Maria?

1012 993 458 82 Los pastorcitos alegres

958 1035 550 91 iban tocando instrumentos,

965 1102 487 68 y adorando á niño Dios,

963 1153 516 64 quedaron todos contentos.

1014 1199 531 78 Reyes, grandes y plebeyos

958 1246 552 77 caminan con grande anhelo,

954 1297 379 73 deseosos de adorar

956 1352 521 64 al Señor de tierra y cielo.

1009 1398 532 69 En los brazos de la Vírgen

956 1447 441 77 dormia el niño Jesus;

961 1498 431 80 y los Profetas decian,

961 1553 460 71 que moriria en la cruz.

1009 1602 441 73 Al niño Jesus quisiera

952 1646 434 73 llevar en mi corazon,

958 1699 545 73 y hacer cuanto yo pudiera,

961 1766 478 57 y aumentar la devocion.

1007 1806 514 66 Aquí dan fin estas coplas,

954 1852 574 78 y la que hubiere mal hecha,

952 1907 476 73 suplica que la corrijan,

950 1956 496 111 rendido Francisco Lecha.

236 2193 1460 146 Barcelona: En la Imprenta de los Herederos de la Viuda Pla, calle de Catoners.
