1413 2048
116 6 517 72 Y entre todas las doncellas

58 40 550 90 tu te has llevado la palma,

54 97 542 79 pues te crió al mismo Cielo

56 143 511 85 tan hermosa y tan bizarra,

102 196 528 83 Que soys en brio y belleza

46 238 468 87 de las demas embidiada,

46 303 461 71 y atraes las voluntades

44 348 613 88 como piedra imán, que llaman.

93 395 508 86 Que si me quedo dormido

42 448 463 74 alguna vez en mi cama,

39 498 582 83 sueño, que os tengo, señora,

39 546 494 73 en mis brazos enlazada;

82 590 512 90 Pero cuando me despierto

34 638 521 89 del dulce sueño con ansias,

707 27 487 78 arrojo al ayre suspiros

739 80 538 89 en pensar que tanto tarda

794 124 421 90 Aquel venturoso dia,

753 180 456 79 que te tendré recostada

738 232 555 82 en mis brazos, claro esppejo,

736 276 484 84 norte de mis esperanzas.

738 329 539 78 Y aliviaré mis cuydados:

731 375 525 91 dándole á la Virgen Santa,

763 423 379 81 y á su Hijo Soberano

726 477 581 87 de esta dicha dos mil gracias.

779 525 524 87 Porque he llegado á lograr

746 575 553 89 prenda que mucho estimaba;

726 624 441 75 Y ahora pide el Poeta,

715 674 513 87 perdon de todas sus faltas.

582 829 212 106 FIN.

112 1005 1130 107 Barcelona: Imprenta de los Herederos de la Viuda Pla,

449 1061 422 80 calle de Cotoners.
