1872 2582
380 180 493 73 á fer tretse cantimploras

383 238 490 65 al gloriós sant Francisco

389 288 478 77 perque fornesca la bota;

383 344 557 69 y despres de haver guanyat

376 393 516 76 la gran victoria de Troya,

376 443 508 66 despres de haver alcansat

376 492 491 73 aqueixa ditxa tan grossa,

378 540 482 77 ja vé l' altre mal de cap,

372 596 559 68 de haver de cusir la roba,

372 647 540 67 tan gran número de trastos

372 705 490 60 que lo vagamundo posa:

372 753 555 66 y despres de haver treballat

365 798 456 64 nou mesos á tota hora,

363 843 480 73 haver luego de acceptar

361 899 553 69 aquell ditxós nom de lloca,

363 955 607 64 y haver de avisar la palpa,

365 1004 482 67 pera que estiga prompta

361 1054 452 64 y aparellada per quant

359 1105 439 69 arrive la ditxosa hora.

361 1151 432 71 Arrivará ja per punts,

357 1202 426 78 y trucarán á la porta,

359 1258 555 67 quant luego he de comensar

357 1301 355 67 la lletanía plorosa

348 1353 501 75 de gemechs y de suspirs,

355 1407 578 73 y dolors, que es forta cosa:

346 1463 499 66 sil' vagamundo se queixa

346 1506 458 71 de la dona melindrosa,

350 1566 573 67 ¿qué faré jo en aquest lance?

1050 197 514 80 en que arrivaré á la porta

1043 256 590 79 de la mort, y si Deu me val,

1041 303 460 77 reviuré per altra volta.

1045 359 622 79 ¿Qué faré? puig veig que en tot

1037 410 548 80 he de patir; y que es hora,

1043 462 484 63 que elegesca un estat:

1037 512 550 64 y ja que he donat contraria

1030 565 553 69 sentencia al primer estat

1026 615 450 64 de entrarme religiosa;

1030 662 456 69 y també al segon estat

1024 716 533 73 de voler quedar minyona;

1028 763 568 73 y veig que en aquest tercer

1017 811 601 77 tants inconvenients se troban;

1024 864 540 69 ¿resoldré deixarlo córrer?

1015 903 424 84 Peró antes de dir no,

1017 970 422 64 vejám si alguna cosa

1015 1019 501 69 entre tants inconvenients

1013 1067 506 73 mon discurs hi acomoda;

1022 1118 426 71 y puig trobo caballer,

1011 1168 531 90 ab lo qual no tindré sogra,

1009 1217 464 76 cunyadas sí ben tindré,

1013 1271 443 67 peró de casa son fora:

1007 1321 456 71 ell es rich, y no gelós,

1004 1370 581 73 conforme he fet jo la prova;

998 1420 441 68 ab ell casada vull ser,

1007 1471 529 71 ja que ell me vol per dona,

1011 1527 477 67 y deixar tots los rodeos

989 1572 506 71 de donsella y de monja.

882 1714 129 121 FI.

410 1925 1128 121 Barcelona: Estampa dels Hereus de la Viuda Pla, carrer

828 2007 293 84 dels Cotoners.
