1935 2614
137 139 658 104 Respondió aumentando el llanto:

132 209 414 67 hijo mio de mi alma,

137 259 527 74 que ha de tener una triste,

139 307 525 76 que aqui se vé desterrada,

135 359 538 72 no muerta por gran piedad

137 409 501 78 viva si, mas desgraciada.

135 457 398 65 Ese noble caballero,

141 503 486 80 que vino á posar á casa

139 555 501 72 es tu padre y mi marido,

143 603 536 83 y no puedo hablar palabra.

139 651 575 80 Aquel traydor que les asiste,

139 707 543 70 mayordomo allá en mi casa

139 764 499 65 en ausencia de tu padre,

150 805 542 79 quiso que le diese entrada;

154 860 408 76 y por no darle lugar,

145 901 561 74 tomó una infama venganza:

143 951 613 88 me levantó un testimonio falso

148 1015 481 58 con un page de la casa,

150 1058 488 66 diciendo estaba conmigo,

152 1106 525 74 le dio muerte á puñaladas.

159 1150 549 78 Tu padre que aquesto vido,

150 1206 525 79 dando credito á la infamia,

152 1259 532 69 mandó luego á dos criados

154 1311 536 70 me traygan á esta montaña,

154 1361 506 67 donde me quiten la vida;

161 1415 549 61 y ellos me la dan de gracia.

161 1468 553 61 Nacistes tu en estos montes,

161 1511 606 72 con otro hermano en compaña,

161 1570 516 70 e cual me llevó una fiera,

165 1611 471 70 sn que yo lo remediara,

169 1670 428 66 y de todas estas penas

167 1718 464 59 se ha refrescado la llaga.

169 1757 521 70 Qedó el mozo enternecido,

176 1810 469 78 y su madre consolaba:

183 1864 575 74 peo oyendo esto don Claudio,

178 1927 419 55 de puro gozo lloraba;

178 1964 416 68 dismuló cuanto pudo,

187 2010 501 74 y vendo traicion tan clara

183 2065 435 71 del nfame mayordomo,

185 2115 483 65 soloespira á la venganza.

191 2165 484 67 Valetin se sale el campo,

191 2215 438 113 al myordomo buscaba,

847 139 438 72 el cual venia rendido

860 185 558 74 de andar buscando la casa:

867 246 368 69 Y llegando azia él,

860 294 508 76 le ha dado una puñalada

869 346 569 76 que cayó á sus pies rendido,

865 400 536 66 sin saber que fué la causa.

869 453 458 65 Confiesa, dice traydor,

869 494 479 70 el testimonio, ó infamia

873 553 508 65 que á la ilustre Margarita

862 599 499 71 levantado has sin causa:

865 644 566 79 ya vas á dar cuenta á Dios,

865 705 529 72 mira traydor por tu alma.

873 755 471 64 Todos se llegan por ver

867 801 401 65 esta maravilla rara;

880 845 484 85 y cuando los vido juntos

869 893 566 82 ha dicho aquestas palabras:

873 951 454 68 Yo señores, soy aquel

880 1004 508 72 que imputando de liviana

871 1052 379 65 á mi señora, maté

873 1095 560 72 al page que estaba en casa,

871 1154 497 74 fué este falso testimonio,

873 1202 512 70 solo para tomar venganza

873 1250 517 78 de aquella noble matrona,

880 1296 660 111 que es honrada , honesta y casta.

871 1359 427 65 A todos pido perdon,

875 1407 637 74 por Dios, por la Virgen Santa;

871 1457 477 65 asi lo alcancen de Dios,

878 1507 433 76 y su Madre Soberana.

873 1544 565 94 Quiso acabarlo don Claudio,

875 1609 545 77 mas todos se lo embarazan,

875 1659 521 64 diciendo, que lo perdone,

886 1707 491 74 porque descanse su alma.

878 1768 534 55 Despues de haber espirado,

875 1814 471 63 los amantes se miraron,

880 1860 490 74 y del gozo y sentimiento

878 1908 568 63 no aciertan á hablar palabra

889 1958 586 74 y prorrumpiendo don Claudio

880 2010 497 70 la dice: esposa del alma,

884 2071 558 57 ó es encantado cuanto miro,

880 2117 569 63 ó es sueño lo que me pasa;

886 2171 417 59 sin poderse contener,

884 2213 477 63 estrechamente la abraza.

1479 2261 50 74 Y
