1936 2648
416 1085 990 159 NUEVA RELACION,

192 1172 1432 154 Y CURIOSO ROMANCE, EN QUE SE DA

325 1271 1159 123 cuenta, y declara la maravillosa Vida de

429 1331 959 123 San Antonio de Padua, y lo demás

518 1403 716 130 que verá el curioso Lector.

411 1513 976 131 PRIMERA PARTE.

176 1628 607 95 VUele mi pluma ligera;

292 1685 470 72 y con su rapido vuelo

163 1716 702 108 rompa el viento, y no la ofendan

160 1772 560 94 de Apolo los rayos bellos,

157 1822 506 83 para que pueda escrivir

154 1869 591 93 el natal, vida, y portentos

152 1919 582 90 de San Antonio de Padua;

150 1974 576 91 para lo qual pido, y ruego

148 2019 512 89 al Padre Eterno, me dé

144 2066 609 95 auxilio, amparo, y acierto;

144 2119 507 86 y à la segunda Persona,

130 2169 616 99 memoria, y entendimiento;

138 2212 488 112 la ciencia , y sabiduria

897 1665 565 82 al Sacro Espiritu excelso:

903 1718 587 82 y à los quatro Evangelistas

895 1760 696 92 Lucas, Juan, Marcos, Matheo,

904 1818 633 87 sus plumas, para que pueda

895 1863 548 86 escrivir con mas acierto.

892 1913 486 74 Querubines, Serafines

888 1955 624 91 los nueve Coros supremos:

885 2009 552 85 Tronos, y Dominaciones,

884 2058 637 94 que ay en el Celestial Reyno;

878 2100 468 91 Profetas, y Patriarcas,

879 2156 631 88 que ay en la Corte del Cielo;

881 2205 581 88 Virgines, Santos, y Santas

876 2262 609 116 me ayuden; y aquel Lucero,

1454 2331 65 84 de
