<?xml version="1.0" encoding="UTF-8"?>
<alto xmlns:xsi="http://www.w3.org/2001/XMLSchema-instance"
      xmlns="http://www.loc.gov/standards/alto/ns-v4#"
      xsi:schemaLocation="http://www.loc.gov/standards/alto/ns-v4# http://www.loc.gov/standards/alto/v4/alto-4-2.xsd">
  <Description>
    <MeasurementUnit>pixel</MeasurementUnit>
    <sourceImageInformation>
      <fileName>BCN_064_2.jpg</fileName>
      
    </sourceImageInformation>
  </Description>
  
  <Tags>
    <OtherTag ID="BT1290" LABEL="CustomZone:impresorNum" DESCRIPTION="block type CustomZone:impresorNum"/><OtherTag ID="BT1291" LABEL="CustomZone:numero_pliego" DESCRIPTION="block type CustomZone:numero_pliego"/><OtherTag ID="BT1292" LABEL="CustomZone:title" DESCRIPTION="block type CustomZone:title"/><OtherTag ID="BT1293" LABEL="GraphicZone:illustration" DESCRIPTION="block type GraphicZone:illustration"/><OtherTag ID="BT1294" LABEL="GraphicZone:ornamentation" DESCRIPTION="block type GraphicZone:ornamentation"/><OtherTag ID="BT1295" LABEL="MainZone" DESCRIPTION="block type MainZone"/><OtherTag ID="BT1296" LABEL="MainZone:columns" DESCRIPTION="block type MainZone:columns"/><OtherTag ID="BT1297" LABEL="MarginTextZone:colophon" DESCRIPTION="block type MarginTextZone:colophon"/><OtherTag ID="BT1298" LABEL="MarginTextZone:note" DESCRIPTION="block type MarginTextZone:note"/><OtherTag ID="BT1299" LABEL="MusicZone" DESCRIPTION="block type MusicZone"/><OtherTag ID="BT1300" LABEL="NumberingZone:page" DESCRIPTION="block type NumberingZone:page"/><OtherTag ID="BT1301" LABEL="QuireMarksZone:catchwords" DESCRIPTION="block type QuireMarksZone:catchwords"/><OtherTag ID="BT1302" LABEL="QuireMarksZone:signature" DESCRIPTION="block type QuireMarksZone:signature"/><OtherTag ID="BT1303" LABEL="RunningTitleZone" DESCRIPTION="block type RunningTitleZone"/>
    <OtherTag ID="LT480" LABEL="CustomLine:propriedad" DESCRIPTION="line type CustomLine:propriedad"/><OtherTag ID="LT481" LABEL="CustomLine:trailer" DESCRIPTION="line type CustomLine:trailer"/><OtherTag ID="LT482" LABEL="DefaultLine" DESCRIPTION="line type DefaultLine"/><OtherTag ID="LT483" LABEL="HeadingLine" DESCRIPTION="line type HeadingLine"/>
  </Tags>
  
  <Layout>
    <Page WIDTH="1912"
          HEIGHT="2678"
          PHYSICAL_IMG_NR="317"
          ID="eSc_dummypage_">
      <PrintSpace HPOS="0"
                  VPOS="0"
                  WIDTH="1912"
                  HEIGHT="2678">
        
        <TextBlock HPOS="292"
                   VPOS="205"
                   WIDTH="763"
                   HEIGHT="2157"
                   ID="block_0"
                   TAGREFS="BT1296">
          <Shape><Polygon POINTS="1008 205 1055 655 1035 2362 292 2362 292 205"/></Shape>
          
          
          <TextLine ID="eSc_line_5d6410b7"
                    TAGREFS="LT482"
                    BASELINE="323 265 911 256" 
                    HPOS="321"
                    VPOS="214"
                    WIDTH="590"
                    HEIGHT="76">
            <Shape><Polygon POINTS="902 214 880 214 857 216 835 216 813 216 790 216 768 218 746 218 723 218 701 220 679 220 656 220 634 220 612 223 589 223 567 223 545 223 522 225 500 225 478 225 455 227 433 227 410 227 388 227 366 229 343 229 321 229 323 265 323 290 513 276 603 285 605 285 607 285 636 274 739 283 741 283 743 283 746 283 763 272 906 281 911 256 904 214 902 214"/></Shape>
	    <String CONTENT="y encima estaba un letrero,"
                    HPOS="321"
                    VPOS="214"
                    WIDTH="590"
                    HEIGHT="76"></String>
          </TextLine>

          
          
          <TextLine ID="eSc_line_91908596"
                    TAGREFS="LT482"
                    BASELINE="321 319 882 307" 
                    HPOS="319"
                    VPOS="258"
                    WIDTH="563"
                    HEIGHT="72">
            <Shape><Polygon POINTS="766 258 743 261 721 261 719 261 319 278 321 319 321 330 882 325 882 307 877 270 768 258 766 258"/></Shape>
	    <String CONTENT="cuanto la vista alcanzaba,"
                    HPOS="319"
                    VPOS="258"
                    WIDTH="563"
                    HEIGHT="72"></String>
          </TextLine>

          
          
          <TextLine ID="eSc_line_dc3f61f9"
                    TAGREFS="LT482"
                    BASELINE="319 365 880 354" 
                    HPOS="317"
                    VPOS="314"
                    WIDTH="563"
                    HEIGHT="67">
            <Shape><Polygon POINTS="319 365 319 381 877 374 880 354 873 314 317 323 319 365"/></Shape>
	    <String CONTENT="de mal concertadas letras,"
                    HPOS="317"
                    VPOS="314"
                    WIDTH="563"
                    HEIGHT="67"></String>
          </TextLine>

          
          
          <TextLine ID="eSc_line_ca0392e4"
                    TAGREFS="LT482"
                    BASELINE="323 417 902 406" 
                    HPOS="321"
                    VPOS="365"
                    WIDTH="581"
                    HEIGHT="70">
            <Shape><Polygon POINTS="323 417 323 435 900 428 902 406 895 365 321 372 323 417"/></Shape>
	    <String CONTENT="que como la peña es basta,"
                    HPOS="321"
                    VPOS="365"
                    WIDTH="581"
                    HEIGHT="70"></String>
          </TextLine>

          
          
          <TextLine ID="eSc_line_c41e1316"
                    TAGREFS="LT482"
                    BASELINE="323 466 938 455" 
                    HPOS="321"
                    VPOS="417"
                    WIDTH="617"
                    HEIGHT="71">
            <Shape><Polygon POINTS="323 466 323 488 938 475 938 455 931 417 321 424 323 466"/></Shape>
	    <String CONTENT="aunque el pincel era diestro,"
                    HPOS="321"
                    VPOS="417"
                    WIDTH="617"
                    HEIGHT="71"></String>
          </TextLine>

          
          
          <TextLine ID="eSc_line_db635f73"
                    TAGREFS="LT482"
                    BASELINE="319 517 837 506" 
                    HPOS="317"
                    VPOS="464"
                    WIDTH="520"
                    HEIGHT="78">
            <Shape><Polygon POINTS="319 517 319 542 837 528 837 506 830 464 317 475 319 517"/></Shape>
	    <String CONTENT="no matizó su elegancia;"
                    HPOS="317"
                    VPOS="464"
                    WIDTH="520"
                    HEIGHT="78"></String>
          </TextLine>

          
          
          <TextLine ID="eSc_line_a3cdf4e9"
                    TAGREFS="LT482"
                    BASELINE="326 569 851 553" 
                    HPOS="323"
                    VPOS="517"
                    WIDTH="528"
                    HEIGHT="74">
            <Shape><Polygon POINTS="326 569 326 591 848 569 851 553 844 517 323 531 326 569"/></Shape>
	    <String CONTENT="pero entendí, que decia:"
                    HPOS="323"
                    VPOS="517"
                    WIDTH="528"
                    HEIGHT="74"></String>
          </TextLine>

          
          
          <TextLine ID="eSc_line_4f31abd8"
                    TAGREFS="LT482"
                    BASELINE="319 618 846 604" 
                    HPOS="317"
                    VPOS="557"
                    WIDTH="529"
                    HEIGHT="76">
            <Shape><Polygon POINTS="319 618 319 633 846 627 846 604 839 557 317 575 319 618"/></Shape>
	    <String CONTENT="Aqui habita Fenix Alva,"
                    HPOS="317"
                    VPOS="557"
                    WIDTH="529"
                    HEIGHT="76"></String>
          </TextLine>

          
          
          <TextLine ID="eSc_line_00a6db8b"
                    TAGREFS="LT482"
                    BASELINE="319 669 1040 653" 
                    HPOS="317"
                    VPOS="604"
                    WIDTH="723"
                    HEIGHT="90">
            <Shape><Polygon POINTS="1009 620 987 611 985 609 949 604 947 604 757 615 685 620 670 618 649 611 647 611 645 611 643 611 629 618 618 622 317 620 319 669 319 691 524 680 594 689 609 691 612 691 632 689 730 676 763 689 779 694 781 694 784 694 1040 685 1040 653 1029 629 1009 620"/></Shape>
	    <String CONTENT="la hermosa, que en algun tiempo"
                    HPOS="317"
                    VPOS="604"
                    WIDTH="723"
                    HEIGHT="90"></String>
          </TextLine>

          
          
          <TextLine ID="eSc_line_b9372a5e"
                    TAGREFS="LT482"
                    BASELINE="317 718 797 709" 
                    HPOS="314"
                    VPOS="667"
                    WIDTH="483"
                    HEIGHT="69">
            <Shape><Polygon POINTS="317 718 317 736 797 725 797 709 790 667 314 673 317 718"/></Shape>
	    <String CONTENT="fué de todos elogiada,"
                    HPOS="314"
                    VPOS="667"
                    WIDTH="483"
                    HEIGHT="69"></String>
          </TextLine>

          
          
          <TextLine ID="eSc_line_1a495c8f"
                    TAGREFS="LT482"
                    BASELINE="323 769 797 754" 
                    HPOS="321"
                    VPOS="718"
                    WIDTH="476"
                    HEIGHT="72">
            <Shape><Polygon POINTS="323 769 323 790 797 776 797 754 790 718 321 723 323 769"/></Shape>
	    <String CONTENT="y ahora solo un Leon"
                    HPOS="321"
                    VPOS="718"
                    WIDTH="476"
                    HEIGHT="72"></String>
          </TextLine>

          
          
          <TextLine ID="eSc_line_7fd9ded3"
                    TAGREFS="LT482"
                    BASELINE="317 819 828 805" 
                    HPOS="314"
                    VPOS="767"
                    WIDTH="514"
                    HEIGHT="72">
            <Shape><Polygon POINTS="317 819 317 839 826 827 828 805 821 767 314 772 317 819"/></Shape>
	    <String CONTENT="la hace triste compaña."
                    HPOS="314"
                    VPOS="767"
                    WIDTH="514"
                    HEIGHT="72"></String>
          </TextLine>

          
          
          <TextLine ID="eSc_line_4b0ad779"
                    TAGREFS="LT482"
                    BASELINE="328 870 853 854 991 861" 
                    HPOS="326"
                    VPOS="812"
                    WIDTH="665"
                    HEIGHT="71">
            <Shape><Polygon POINTS="393 819 370 819 348 819 326 819 328 870 328 883 991 877 991 861 987 812 399 816 393 819"/></Shape>
	    <String CONTENT="Y yo atendiendo á esto mismo,"
                    HPOS="326"
                    VPOS="812"
                    WIDTH="665"
                    HEIGHT="71"></String>
          </TextLine>

          
          
          <TextLine ID="eSc_line_3a2d75aa"
                    TAGREFS="LT482"
                    BASELINE="314 919 902 908" 
                    HPOS="312"
                    VPOS="865"
                    WIDTH="590"
                    HEIGHT="74">
            <Shape><Polygon POINTS="314 919 314 939 900 923 902 908 895 865 312 874 314 919"/></Shape>
	    <String CONTENT="sin otra alguna substancia,"
                    HPOS="312"
                    VPOS="865"
                    WIDTH="590"
                    HEIGHT="74"></String>
          </TextLine>

          
          
          <TextLine ID="eSc_line_85ff31ee"
                    TAGREFS="LT482"
                    BASELINE="319 970 795 959" 
                    HPOS="317"
                    VPOS="921"
                    WIDTH="478"
                    HEIGHT="63">
            <Shape><Polygon POINTS="319 970 319 984 795 975 795 959 788 921 317 930 319 970"/></Shape>
	    <String CONTENT="animando el corazon,"
                    HPOS="317"
                    VPOS="921"
                    WIDTH="478"
                    HEIGHT="63"></String>
          </TextLine>

          
          
          <TextLine ID="eSc_line_16869d6c"
                    TAGREFS="LT482"
                    BASELINE="328 1022 951 1006" 
                    HPOS="326"
                    VPOS="955"
                    WIDTH="625"
                    HEIGHT="84">
            <Shape><Polygon POINTS="795 959 784 959 770 968 766 970 326 973 328 1022 328 1039 951 1024 951 1006 947 966 868 955 866 955 864 955 839 966 795 957 795 959"/></Shape>
	    <String CONTENT="y en la mano diestra el arma,"
                    HPOS="326"
                    VPOS="955"
                    WIDTH="625"
                    HEIGHT="84"></String>
          </TextLine>

          
          
          <TextLine ID="eSc_line_28491ffe"
                    TAGREFS="LT482"
                    BASELINE="319 1071 960 1055" 
                    HPOS="317"
                    VPOS="1015"
                    WIDTH="643"
                    HEIGHT="71">
            <Shape><Polygon POINTS="319 1071 319 1086 960 1077 960 1055 953 1015 317 1028 319 1071"/></Shape>
	    <String CONTENT="montando en aquel que corre"
                    HPOS="317"
                    VPOS="1015"
                    WIDTH="643"
                    HEIGHT="71"></String>
          </TextLine>

          
          
          <TextLine ID="eSc_line_0c31896d"
                    TAGREFS="LT482"
                    BASELINE="323 1120 853 1106" 
                    HPOS="321"
                    VPOS="1068"
                    WIDTH="532"
                    HEIGHT="74">
            <Shape><Polygon POINTS="323 1120 323 1142 853 1126 853 1106 846 1068 321 1073 323 1120"/></Shape>
	    <String CONTENT="parejas con la venganza,"
                    HPOS="321"
                    VPOS="1068"
                    WIDTH="532"
                    HEIGHT="74"></String>
          </TextLine>

          
          
          <TextLine ID="eSc_line_15cd5ef0"
                    TAGREFS="LT482"
                    BASELINE="321 1169 868 1158" 
                    HPOS="319"
                    VPOS="1122"
                    WIDTH="549"
                    HEIGHT="65">
            <Shape><Polygon POINTS="321 1169 321 1187 866 1178 868 1158 862 1122 319 1131 321 1169"/></Shape>
	    <String CONTENT="muy orgulloso me entré,"
                    HPOS="319"
                    VPOS="1122"
                    WIDTH="549"
                    HEIGHT="65"></String>
          </TextLine>

          
          
          <TextLine ID="eSc_line_fda58298"
                    TAGREFS="LT482"
                    BASELINE="328 1220 915 1202" 
                    HPOS="326"
                    VPOS="1164"
                    WIDTH="589"
                    HEIGHT="81">
            <Shape><Polygon POINTS="328 1220 328 1245 915 1227 915 1202 909 1164 326 1173 328 1220"/></Shape>
	    <String CONTENT="y encontré á poca distancia"
                    HPOS="326"
                    VPOS="1164"
                    WIDTH="589"
                    HEIGHT="81"></String>
          </TextLine>

          
          
          <TextLine ID="eSc_line_9b8f82e6"
                    TAGREFS="LT482"
                    BASELINE="326 1269 897 1251" 
                    HPOS="323"
                    VPOS="1207"
                    WIDTH="574"
                    HEIGHT="87">
            <Shape><Polygon POINTS="326 1269 326 1294 897 1276 897 1251 891 1207 323 1225 326 1269"/></Shape>
	    <String CONTENT="aquella, que al Sol le hace"
                    HPOS="323"
                    VPOS="1207"
                    WIDTH="574"
                    HEIGHT="87"></String>
          </TextLine>

          
          
          <TextLine ID="eSc_line_22e3968a"
                    TAGREFS="LT482"
                    BASELINE="326 1316 982 1301" 
                    HPOS="323"
                    VPOS="1251"
                    WIDTH="659"
                    HEIGHT="92">
            <Shape><Polygon POINTS="346 1269 332 1269 323 1276 326 1316 326 1332 384 1343 386 1343 513 1332 614 1325 980 1332 982 1301 976 1251 594 1276 422 1278 366 1278 350 1269 346 1269"/></Shape>
	    <String CONTENT="flechas con sus manos blancas."
                    HPOS="323"
                    VPOS="1251"
                    WIDTH="659"
                    HEIGHT="92"></String>
          </TextLine>

          
          
          <TextLine ID="eSc_line_42692f8d"
                    TAGREFS="LT482"
                    BASELINE="326 1370 857 1354" 
                    HPOS="323"
                    VPOS="1312"
                    WIDTH="534"
                    HEIGHT="80">
            <Shape><Polygon POINTS="326 1370 326 1392 857 1372 857 1354 851 1312 323 1318 326 1370"/></Shape>
	    <String CONTENT="Luego que ví tal belleza"
                    HPOS="323"
                    VPOS="1312"
                    WIDTH="534"
                    HEIGHT="80"></String>
          </TextLine>

          
          
          <TextLine ID="eSc_line_e870b388"
                    TAGREFS="LT482"
                    BASELINE="326 1419 900 1405" 
                    HPOS="323"
                    VPOS="1368"
                    WIDTH="577"
                    HEIGHT="71">
            <Shape><Polygon POINTS="326 1419 326 1439 810 1423 897 1432 900 1405 893 1368 323 1376 326 1419"/></Shape>
	    <String CONTENT="se quedó suspensa el alma,"
                    HPOS="323"
                    VPOS="1368"
                    WIDTH="577"
                    HEIGHT="71"></String>
          </TextLine>

          
          
          <TextLine ID="eSc_line_6e1a2dec"
                    TAGREFS="LT482"
                    BASELINE="332 1468 844 1457" 
                    HPOS="330"
                    VPOS="1414"
                    WIDTH="514"
                    HEIGHT="78">
            <Shape><Polygon POINTS="332 1468 332 1492 844 1477 844 1457 837 1414 330 1426 332 1468"/></Shape>
	    <String CONTENT="y conociendo mi riesgo,"
                    HPOS="330"
                    VPOS="1414"
                    WIDTH="514"
                    HEIGHT="78"></String>
          </TextLine>

          
          
          <TextLine ID="eSc_line_8a930874"
                    TAGREFS="LT482"
                    BASELINE="323 1517 942 1504" 
                    HPOS="321"
                    VPOS="1459"
                    WIDTH="621"
                    HEIGHT="76">
            <Shape><Polygon POINTS="323 1517 323 1535 942 1528 942 1504 935 1459 321 1470 323 1517"/></Shape>
	    <String CONTENT="hecho onza, rompí el habla,"
                    HPOS="321"
                    VPOS="1459"
                    WIDTH="621"
                    HEIGHT="76"></String>
          </TextLine>

          
          
          <TextLine ID="eSc_line_7eb9d186"
                    TAGREFS="LT482"
                    BASELINE="330 1571 830 1555" 
                    HPOS="328"
                    VPOS="1508"
                    WIDTH="502"
                    HEIGHT="85">
            <Shape><Polygon POINTS="330 1571 330 1593 830 1571 830 1555 824 1508 328 1521 330 1571"/></Shape>
	    <String CONTENT="y la dije: Qué desdicha"
                    HPOS="328"
                    VPOS="1508"
                    WIDTH="502"
                    HEIGHT="85"></String>
          </TextLine>

          
          
          <TextLine ID="eSc_line_ea74a1c8"
                    TAGREFS="LT482"
                    BASELINE="330 1617 893 1604" 
                    HPOS="328"
                    VPOS="1555"
                    WIDTH="565"
                    HEIGHT="87">
            <Shape><Polygon POINTS="330 1617 330 1631 419 1642 422 1642 504 1631 531 1629 891 1629 893 1604 886 1555 328 1580 330 1617"/></Shape>
	    <String CONTENT="te puso tu luna en calma?"
                    HPOS="328"
                    VPOS="1555"
                    WIDTH="565"
                    HEIGHT="87"></String>
          </TextLine>

          
          
          <TextLine ID="eSc_line_d2253078"
                    TAGREFS="LT482"
                    BASELINE="330 1671 804 1653" 
                    HPOS="328"
                    VPOS="1615"
                    WIDTH="476"
                    HEIGHT="72">
            <Shape><Polygon POINTS="330 1671 330 1687 804 1678 804 1653 797 1615 328 1620 330 1671"/></Shape>
	    <String CONTENT="Ella quedó sin aliento"
                    HPOS="328"
                    VPOS="1615"
                    WIDTH="476"
                    HEIGHT="72"></String>
          </TextLine>

          
          
          <TextLine ID="eSc_line_1f29cf24"
                    TAGREFS="LT482"
                    BASELINE="326 1720 951 1704" 
                    HPOS="323"
                    VPOS="1649"
                    WIDTH="628"
                    HEIGHT="89">
            <Shape><Polygon POINTS="614 1662 591 1662 589 1662 582 1664 553 1675 323 1675 326 1720 326 1738 951 1729 951 1704 944 1649 750 1669 656 1662 634 1660 614 1662"/></Shape>
	    <String CONTENT="luego que vió mi arrogancia,"
                    HPOS="323"
                    VPOS="1649"
                    WIDTH="628"
                    HEIGHT="89"></String>
          </TextLine>

          
          
          <TextLine ID="eSc_line_33897a1a"
                    TAGREFS="LT482"
                    BASELINE="335 1769 900 1754" 
                    HPOS="332"
                    VPOS="1716"
                    WIDTH="568"
                    HEIGHT="64">
            <Shape><Polygon POINTS="335 1769 335 1780 900 1765 900 1754 893 1716 332 1720 335 1769"/></Shape>
	    <String CONTENT="y con un ay me responde:"
                    HPOS="332"
                    VPOS="1716"
                    WIDTH="568"
                    HEIGHT="64"></String>
          </TextLine>

          
          
          <TextLine ID="eSc_line_40f2adf8"
                    TAGREFS="LT482"
                    BASELINE="330 1821 935 1803" 
                    HPOS="326"
                    VPOS="1760"
                    WIDTH="609"
                    HEIGHT="78">
            <Shape><Polygon POINTS="484 1767 473 1767 406 1767 395 1769 373 1769 350 1769 348 1767 326 1767 330 1821 330 1838 933 1829 935 1803 929 1760 484 1765 484 1767"/></Shape>
	    <String CONTENT="Un gran peligro te aguarda,"
                    HPOS="326"
                    VPOS="1760"
                    WIDTH="609"
                    HEIGHT="78"></String>
          </TextLine>

          
          
          <TextLine ID="eSc_line_6aadb4bd"
                    TAGREFS="LT482"
                    BASELINE="330 1867 859 1854" 
                    HPOS="328"
                    VPOS="1818"
                    WIDTH="531"
                    HEIGHT="74">
            <Shape><Polygon POINTS="330 1867 330 1881 399 1892 402 1892 859 1872 859 1854 853 1818 328 1827 330 1867"/></Shape>
	    <String CONTENT="vete por Dios Caballero,"
                    HPOS="328"
                    VPOS="1818"
                    WIDTH="531"
                    HEIGHT="74"></String>
          </TextLine>

          
          
          <TextLine ID="eSc_line_7d8b013e"
                    TAGREFS="LT482"
                    BASELINE="332 1921 987 1905" 
                    HPOS="330"
                    VPOS="1861"
                    WIDTH="657"
                    HEIGHT="82">
            <Shape><Polygon POINTS="332 1921 332 1943 891 1921 985 1930 987 1905 980 1861 330 1879 332 1921"/></Shape>
	    <String CONTENT="que un Leon, hijo de Albania,"
                    HPOS="330"
                    VPOS="1861"
                    WIDTH="657"
                    HEIGHT="82"></String>
          </TextLine>

          
          
          <TextLine ID="eSc_line_4e54c1d5"
                    TAGREFS="LT482"
                    BASELINE="330 1970 895 1952" 
                    HPOS="328"
                    VPOS="1908"
                    WIDTH="567"
                    HEIGHT="82">
            <Shape><Polygon POINTS="886 1910 864 1910 842 1910 830 1910 810 1910 797 1912 775 1912 328 1928 330 1970 330 1988 609 1990 612 1990 687 1977 696 1977 703 1977 748 1986 750 1986 752 1986 775 1975 777 1975 779 1975 821 1983 824 1983 893 1970 895 1952 888 1908 886 1910"/></Shape>
	    <String CONTENT="es el dueño que aqui tiene"
                    HPOS="328"
                    VPOS="1908"
                    WIDTH="567"
                    HEIGHT="82"></String>
          </TextLine>

          
          
          <TextLine ID="eSc_line_5437848b"
                    TAGREFS="LT482"
                    BASELINE="335 2024 835 2008" 
                    HPOS="332"
                    VPOS="1968"
                    WIDTH="503"
                    HEIGHT="78">
            <Shape><Polygon POINTS="335 2024 335 2046 833 2028 835 2008 828 1968 332 1970 335 2024"/></Shape>
	    <String CONTENT="jurisdiccion á esta casa,"
                    HPOS="332"
                    VPOS="1968"
                    WIDTH="503"
                    HEIGHT="78"></String>
          </TextLine>

          
          
          <TextLine ID="eSc_line_1d912f53"
                    TAGREFS="LT482"
                    BASELINE="337 2070 813 2062" 
                    HPOS="335"
                    VPOS="2012"
                    WIDTH="478"
                    HEIGHT="81">
            <Shape><Polygon POINTS="714 2012 699 2012 687 2021 625 2015 625 2015 603 2017 580 2017 558 2017 536 2019 513 2019 500 2019 469 2019 469 2021 466 2021 335 2028 337 2070 337 2093 810 2077 813 2062 808 2021 728 2012 714 2012"/></Shape>
	    <String CONTENT="y temo que si te coge,"
                    HPOS="335"
                    VPOS="2012"
                    WIDTH="478"
                    HEIGHT="81"></String>
          </TextLine>

          
          
          <TextLine ID="eSc_line_9fc04813"
                    TAGREFS="LT482"
                    BASELINE="330 2120 969 2111" 
                    HPOS="328"
                    VPOS="2068"
                    WIDTH="641"
                    HEIGHT="72">
            <Shape><Polygon POINTS="330 2120 330 2140 969 2126 969 2111 962 2068 328 2075 330 2120"/></Shape>
	    <String CONTENT="átomos te hará en sus garras;"
                    HPOS="328"
                    VPOS="2068"
                    WIDTH="641"
                    HEIGHT="72"></String>
          </TextLine>

          
          
          <TextLine ID="eSc_line_55e0c6cb"
                    TAGREFS="LT482"
                    BASELINE="343 2178 437 2166 866 2160" 
                    HPOS="341"
                    VPOS="2115"
                    WIDTH="525"
                    HEIGHT="78">
            <Shape><Polygon POINTS="654 2115 632 2117 609 2117 587 2117 565 2117 542 2117 520 2117 502 2117 341 2129 343 2178 343 2193 866 2178 866 2160 862 2120 661 2115 654 2115"/></Shape>
	    <String CONTENT="y yo viendo este peligro,"
                    HPOS="341"
                    VPOS="2115"
                    WIDTH="525"
                    HEIGHT="78"></String>
          </TextLine>

          
          
          <TextLine ID="eSc_line_cb8958d8"
                    TAGREFS="LT482"
                    BASELINE="343 2222 996 2202" 
                    HPOS="341"
                    VPOS="2153"
                    WIDTH="655"
                    HEIGHT="92">
            <Shape><Polygon POINTS="991 2182 991 2164 924 2153 922 2153 920 2153 918 2153 897 2164 806 2162 788 2162 766 2162 743 2162 721 2164 703 2164 699 2171 658 2164 654 2164 632 2164 612 2164 341 2182 343 2222 343 2245 993 2227 996 2202 993 2184 991 2182"/></Shape>
	    <String CONTENT="puse el pie en luchosa marcha."
                    HPOS="341"
                    VPOS="2153"
                    WIDTH="655"
                    HEIGHT="92"></String>
          </TextLine>

          
          
          <TextLine ID="eSc_line_473cddf6"
                    TAGREFS="LT482"
                    BASELINE="337 2274 763 2258 884 2262" 
                    HPOS="335"
                    VPOS="2216"
                    WIDTH="549"
                    HEIGHT="73">
            <Shape><Polygon POINTS="337 2274 337 2289 884 2278 884 2262 880 2216 335 2231 337 2274"/></Shape>
	    <String CONTENT="Luego que fuera me vide,"
                    HPOS="335"
                    VPOS="2216"
                    WIDTH="549"
                    HEIGHT="73"></String>
          </TextLine>

          
          
          <TextLine ID="eSc_line_4b21ecd4"
                    TAGREFS="LT482"
                    BASELINE="337 2325 877 2314" 
                    HPOS="335"
                    VPOS="2260"
                    WIDTH="542"
                    HEIGHT="150">
            <Shape><Polygon POINTS="766 2260 763 2260 761 2260 761 2262 752 2271 750 2274 379 2274 357 2274 335 2274 337 2325 339 2410 366 2399 410 2407 431 2410 433 2410 435 2410 437 2410 442 2405 489 2370 589 2370 616 2387 618 2387 620 2387 623 2387 625 2387 661 2372 690 2394 699 2403 701 2403 703 2403 705 2405 761 2405 761 2403 763 2403 766 2403 781 2390 806 2374 817 2383 817 2385 819 2385 821 2385 824 2387 877 2387 877 2314 873 2271 768 2260 766 2260"/></Shape>
	    <String CONTENT="mi cuidado me anhelaba,"
                    HPOS="335"
                    VPOS="2260"
                    WIDTH="542"
                    HEIGHT="150"></String>
          </TextLine>

          
        </TextBlock>
        
        <TextBlock HPOS="1066"
                   VPOS="205"
                   WIDTH="747"
                   HEIGHT="2146"
                   ID="block_1"
                   TAGREFS="BT1296">
          <Shape><Polygon POINTS="1813 205 1813 2277 1087 2351 1066 205"/></Shape>
          
          
          <TextLine ID="eSc_line_74c9c742"
                    TAGREFS="LT482"
                    BASELINE="1085 249 1724 236" 
                    HPOS="1083"
                    VPOS="187"
                    WIDTH="641"
                    HEIGHT="76">
            <Shape><Polygon POINTS="1708 203 1686 200 1664 198 1641 196 1619 194 1592 194 1576 187 1574 187 1552 187 1541 194 1530 187 1530 187 1507 187 1505 187 1496 196 1485 187 1485 187 1463 187 1460 187 1387 198 1326 189 1306 191 1299 191 1288 200 1210 191 1208 191 1083 205 1085 249 1085 263 1724 258 1724 236 1717 203 1708 203"/></Shape>
	    <String CONTENT="cuando por entre unos ramos"
                    HPOS="1083"
                    VPOS="187"
                    WIDTH="641"
                    HEIGHT="76"></String>
          </TextLine>

          
          
          <TextLine ID="eSc_line_94ba1cd4"
                    TAGREFS="LT482"
                    BASELINE="1090 301 1574 287" 
                    HPOS="1087"
                    VPOS="245"
                    WIDTH="487"
                    HEIGHT="71">
            <Shape><Polygon POINTS="1090 301 1090 316 1572 307 1574 287 1568 245 1087 258 1090 301"/></Shape>
	    <String CONTENT="oygo rugir: aquí basta"
                    HPOS="1087"
                    VPOS="245"
                    WIDTH="487"
                    HEIGHT="71"></String>
          </TextLine>

          
          
          <TextLine ID="eSc_line_202f24d5"
                    TAGREFS="LT482"
                    BASELINE="1094 350 1697 336" 
                    HPOS="1092"
                    VPOS="294"
                    WIDTH="605"
                    HEIGHT="74">
            <Shape><Polygon POINTS="1203 299 1192 299 1181 310 1179 312 1092 312 1094 350 1094 368 1697 359 1697 336 1690 294 1291 307 1279 307 1217 299 1203 299"/></Shape>
	    <String CONTENT="con decir, que era un Leon"
                    HPOS="1092"
                    VPOS="294"
                    WIDTH="605"
                    HEIGHT="74"></String>
          </TextLine>

          
          
          <TextLine ID="eSc_line_af64efcd"
                    TAGREFS="LT482"
                    BASELINE="1092 401 1621 390" 
                    HPOS="1090"
                    VPOS="350"
                    WIDTH="531"
                    HEIGHT="65">
            <Shape><Polygon POINTS="1092 401 1092 415 1621 412 1621 390 1614 350 1090 357 1092 401"/></Shape>
	    <String CONTENT="con la guedeja herizada,"
                    HPOS="1090"
                    VPOS="350"
                    WIDTH="531"
                    HEIGHT="65"></String>
          </TextLine>

          
          
          <TextLine ID="eSc_line_8b9d0677"
                    TAGREFS="LT482"
                    BASELINE="1092 450 1605 439" 
                    HPOS="1090"
                    VPOS="401"
                    WIDTH="515"
                    HEIGHT="69">
            <Shape><Polygon POINTS="1092 450 1092 470 1605 461 1605 439 1599 401 1090 401 1092 450"/></Shape>
	    <String CONTENT="con los alfanjes en línea"
                    HPOS="1090"
                    VPOS="401"
                    WIDTH="515"
                    HEIGHT="69"></String>
          </TextLine>

          
          
          <TextLine ID="eSc_line_0f4b71fd"
                    TAGREFS="LT482"
                    BASELINE="1090 499 1621 490" 
                    HPOS="1087"
                    VPOS="450"
                    WIDTH="534"
                    HEIGHT="65">
            <Shape><Polygon POINTS="1090 499 1090 515 1619 508 1621 490 1614 450 1087 457 1090 499"/></Shape>
	    <String CONTENT="despedazando las ramas,"
                    HPOS="1087"
                    VPOS="450"
                    WIDTH="534"
                    HEIGHT="65"></String>
          </TextLine>

          
          
          <TextLine ID="eSc_line_08a1fe3a"
                    TAGREFS="LT482"
                    BASELINE="1090 551 1661 535" 
                    HPOS="1087"
                    VPOS="488"
                    WIDTH="574"
                    HEIGHT="85">
            <Shape><Polygon POINTS="1601 493 1579 493 1556 493 1534 493 1512 493 1478 493 1467 495 1445 495 1440 495 1087 504 1090 551 1090 573 1661 548 1661 535 1655 488 1601 488 1601 493"/></Shape>
	    <String CONTENT="hecho Rey de su sobervia:"
                    HPOS="1087"
                    VPOS="488"
                    WIDTH="574"
                    HEIGHT="85"></String>
          </TextLine>

          
          
          <TextLine ID="eSc_line_1378e4f5"
                    TAGREFS="LT482"
                    BASELINE="1092 602 1617 591" 
                    HPOS="1090"
                    VPOS="546"
                    WIDTH="527"
                    HEIGHT="74">
            <Shape><Polygon POINTS="1092 602 1092 620 1614 613 1617 591 1610 546 1090 560 1092 602"/></Shape>
	    <String CONTENT="en mí la vista inclinaba,"
                    HPOS="1090"
                    VPOS="546"
                    WIDTH="527"
                    HEIGHT="74"></String>
          </TextLine>

          
          
          <TextLine ID="eSc_line_2a36b388"
                    TAGREFS="LT482"
                    BASELINE="1085 653 1523 640" 
                    HPOS="1083"
                    VPOS="598"
                    WIDTH="440"
                    HEIGHT="73">
            <Shape><Polygon POINTS="1286 598 1277 609 1275 609 1264 609 1161 602 1159 602 1083 613 1085 653 1085 671 1523 651 1523 640 1518 602 1304 598 1286 598"/></Shape>
	    <String CONTENT="duplicando su furor"
                    HPOS="1083"
                    VPOS="598"
                    WIDTH="440"
                    HEIGHT="73"></String>
          </TextLine>

          
          
          <TextLine ID="eSc_line_a457877a"
                    TAGREFS="LT482"
                    BASELINE="1092 700 1585 689" 
                    HPOS="1090"
                    VPOS="644"
                    WIDTH="495"
                    HEIGHT="74">
            <Shape><Polygon POINTS="1384 644 1369 644 1358 647 1351 647 1090 662 1092 700 1092 718 1585 707 1585 689 1581 653 1387 644 1384 644"/></Shape>
	    <String CONTENT="era un uracán sin alas:"
                    HPOS="1090"
                    VPOS="644"
                    WIDTH="495"
                    HEIGHT="74"></String>
          </TextLine>

          
          
          <TextLine ID="eSc_line_f35a5993"
                    TAGREFS="LT482"
                    BASELINE="1098 749 1619 738" 
                    HPOS="1096"
                    VPOS="694"
                    WIDTH="523"
                    HEIGHT="78">
            <Shape><Polygon POINTS="1098 749 1098 772 1619 752 1619 738 1612 694 1096 709 1098 749"/></Shape>
	    <String CONTENT="ya me consideré muerto"
                    HPOS="1096"
                    VPOS="694"
                    WIDTH="523"
                    HEIGHT="78"></String>
          </TextLine>

          
          
          <TextLine ID="eSc_line_5637a1fb"
                    TAGREFS="LT482"
                    BASELINE="1096 803 1628 787" 
                    HPOS="1094"
                    VPOS="749"
                    WIDTH="534"
                    HEIGHT="65">
            <Shape><Polygon POINTS="1096 803 1096 814 1628 801 1628 787 1621 749 1094 763 1096 803"/></Shape>
	    <String CONTENT="cadaver, pero con alma."
                    HPOS="1094"
                    VPOS="749"
                    WIDTH="534"
                    HEIGHT="65"></String>
          </TextLine>

          
          
          <TextLine ID="eSc_line_d617e85f"
                    TAGREFS="LT482"
                    BASELINE="1092 852 1702 841" 
                    HPOS="1090"
                    VPOS="792"
                    WIDTH="612"
                    HEIGHT="73">
            <Shape><Polygon POINTS="1246 801 1224 801 1206 801 1172 801 1157 803 1134 803 1112 803 1110 801 1090 801 1092 852 1092 865 1702 861 1702 841 1695 792 1253 798 1246 801"/></Shape>
	    <String CONTENT="Puse la escopeta al hombro,"
                    HPOS="1090"
                    VPOS="792"
                    WIDTH="612"
                    HEIGHT="73"></String>
          </TextLine>

          
          
          <TextLine ID="eSc_line_ade1bfc8"
                    TAGREFS="LT482"
                    BASELINE="1094 903 1628 888" 
                    HPOS="1092"
                    VPOS="848"
                    WIDTH="536"
                    HEIGHT="75">
            <Shape><Polygon POINTS="1094 903 1094 923 1628 908 1628 888 1621 848 1092 852 1094 903"/></Shape>
	    <String CONTENT="y el ojo en la mira cala,"
                    HPOS="1092"
                    VPOS="848"
                    WIDTH="536"
                    HEIGHT="75"></String>
          </TextLine>

          
          
          <TextLine ID="eSc_line_4ec98e4c"
                    TAGREFS="LT482"
                    BASELINE="1096 950 1744 937" 
                    HPOS="1094"
                    VPOS="883"
                    WIDTH="650"
                    HEIGHT="85">
            <Shape><Polygon POINTS="1608 890 1585 890 1563 890 1541 892 1518 892 1501 892 1492 892 1474 894 1451 894 1442 894 1094 906 1096 950 1096 968 1744 952 1744 937 1737 883 1608 888 1608 890"/></Shape>
	    <String CONTENT="y el dedo pronto en el muelle,"
                    HPOS="1094"
                    VPOS="883"
                    WIDTH="650"
                    HEIGHT="85"></String>
          </TextLine>

          
          
          <TextLine ID="eSc_line_60038f36"
                    TAGREFS="LT482"
                    BASELINE="1094 999 1666 988" 
                    HPOS="1092"
                    VPOS="948"
                    WIDTH="574"
                    HEIGHT="62">
            <Shape><Polygon POINTS="1094 999 1094 1010 1666 1004 1666 988 1659 948 1092 957 1094 999"/></Shape>
	    <String CONTENT="dió el pedernal su batalla,"
                    HPOS="1092"
                    VPOS="948"
                    WIDTH="574"
                    HEIGHT="62"></String>
          </TextLine>

          
          
          <TextLine ID="eSc_line_e22d1b4c"
                    TAGREFS="LT482"
                    BASELINE="1094 1051 1478 1037" 
                    HPOS="1092"
                    VPOS="997"
                    WIDTH="386"
                    HEIGHT="78">
            <Shape><Polygon POINTS="1094 1051 1094 1075 1478 1053 1478 1037 1471 997 1092 999 1094 1051"/></Shape>
	    <String CONTENT="y la cazoleta hizo"
                    HPOS="1092"
                    VPOS="997"
                    WIDTH="386"
                    HEIGHT="78"></String>
          </TextLine>

          
          
          <TextLine ID="eSc_line_63355751"
                    TAGREFS="LT482"
                    BASELINE="1096 1102 1509 1086 1726 1091" 
                    HPOS="1094"
                    VPOS="1039"
                    WIDTH="632"
                    HEIGHT="85">
            <Shape><Polygon POINTS="1407 1042 1384 1042 1362 1042 1340 1044 1317 1044 1311 1044 1181 1055 1145 1048 1139 1051 1116 1051 1107 1051 1094 1055 1096 1102 1096 1124 1320 1124 1320 1122 1337 1120 1384 1109 1427 1118 1445 1120 1447 1120 1449 1120 1451 1120 1454 1118 1467 1106 1512 1115 1525 1118 1527 1118 1530 1118 1532 1118 1534 1115 1547 1104 1722 1111 1726 1091 1724 1042 1425 1039 1407 1042"/></Shape>
	    <String CONTENT="lugar que el fuego le entrára,"
                    HPOS="1094"
                    VPOS="1039"
                    WIDTH="632"
                    HEIGHT="85"></String>
          </TextLine>

          
          
          <TextLine ID="eSc_line_7b4a4048"
                    TAGREFS="LT482"
                    BASELINE="1101 1151 1659 1135" 
                    HPOS="1098"
                    VPOS="1093"
                    WIDTH="561"
                    HEIGHT="80">
            <Shape><Polygon POINTS="1101 1151 1101 1173 1659 1153 1659 1135 1652 1093 1098 1111 1101 1151"/></Shape>
	    <String CONTENT="y la polvora fué incendio,"
                    HPOS="1098"
                    VPOS="1093"
                    WIDTH="561"
                    HEIGHT="80"></String>
          </TextLine>

          
          
          <TextLine ID="eSc_line_39c1b2c9"
                    TAGREFS="LT482"
                    BASELINE="1098 1202 1686 1187" 
                    HPOS="1096"
                    VPOS="1147"
                    WIDTH="590"
                    HEIGHT="69">
            <Shape><Polygon POINTS="1297 1147 1275 1147 1253 1149 1235 1149 1096 1160 1098 1202 1098 1216 1686 1198 1686 1187 1681 1147 1320 1147 1297 1147"/></Shape>
	    <String CONTENT="que al frio plomo alentaba,"
                    HPOS="1096"
                    VPOS="1147"
                    WIDTH="590"
                    HEIGHT="69"></String>
          </TextLine>

          
          
          <TextLine ID="eSc_line_18339d53"
                    TAGREFS="LT482"
                    BASELINE="1101 1249 1675 1240" 
                    HPOS="1098"
                    VPOS="1200"
                    WIDTH="577"
                    HEIGHT="63">
            <Shape><Polygon POINTS="1101 1249 1101 1263 1673 1260 1675 1240 1668 1200 1098 1207 1101 1249"/></Shape>
	    <String CONTENT="y rebuelto en humo denso,"
                    HPOS="1098"
                    VPOS="1200"
                    WIDTH="577"
                    HEIGHT="63"></String>
          </TextLine>

          
          
          <TextLine ID="eSc_line_c4f7eb8b"
                    TAGREFS="LT482"
                    BASELINE="1094 1301 1608 1289" 
                    HPOS="1092"
                    VPOS="1247"
                    WIDTH="516"
                    HEIGHT="78">
            <Shape><Polygon POINTS="1360 1247 1337 1247 1315 1247 1293 1247 1270 1247 1248 1247 1226 1249 1203 1249 1181 1249 1159 1249 1136 1249 1114 1249 1112 1247 1092 1247 1094 1301 1094 1325 1503 1305 1603 1314 1608 1289 1603 1247 1382 1247 1360 1247"/></Shape>
	    <String CONTENT="fué mi fortuna tan rara,"
                    HPOS="1092"
                    VPOS="1247"
                    WIDTH="516"
                    HEIGHT="78"></String>
          </TextLine>

          
          
          <TextLine ID="eSc_line_2214a1fe"
                    TAGREFS="LT482"
                    BASELINE="1098 1352 1597 1336" 
                    HPOS="1096"
                    VPOS="1296"
                    WIDTH="501"
                    HEIGHT="78">
            <Shape><Polygon POINTS="1098 1352 1098 1374 1594 1359 1597 1336 1590 1296 1096 1312 1098 1352"/></Shape>
	    <String CONTENT="que por la boca le hice"
                    HPOS="1096"
                    VPOS="1296"
                    WIDTH="501"
                    HEIGHT="78"></String>
          </TextLine>

          
          
          <TextLine ID="eSc_line_5831a6b0"
                    TAGREFS="LT482"
                    BASELINE="1096 1399 1594 1385" 
                    HPOS="1094"
                    VPOS="1345"
                    WIDTH="500"
                    HEIGHT="67">
            <Shape><Polygon POINTS="1096 1399 1096 1412 1594 1399 1594 1385 1588 1345 1094 1359 1096 1399"/></Shape>
	    <String CONTENT="el corazon mil migajas."
                    HPOS="1094"
                    VPOS="1345"
                    WIDTH="500"
                    HEIGHT="67"></String>
          </TextLine>

          
          
          <TextLine ID="eSc_line_940c365c"
                    TAGREFS="LT482"
                    BASELINE="1098 1450 1715 1439" 
                    HPOS="1096"
                    VPOS="1390"
                    WIDTH="619"
                    HEIGHT="73">
            <Shape><Polygon POINTS="1409 1392 1387 1392 1364 1392 1342 1394 1320 1394 1297 1394 1288 1394 1096 1405 1098 1450 1098 1463 1713 1463 1715 1439 1710 1397 1418 1390 1409 1392"/></Shape>
	    <String CONTENT="Cayó aquel bruto á mis pies,"
                    HPOS="1096"
                    VPOS="1390"
                    WIDTH="619"
                    HEIGHT="73"></String>
          </TextLine>

          
          
          <TextLine ID="eSc_line_b6a49777"
                    TAGREFS="LT482"
                    BASELINE="1094 1499 1583 1488" 
                    HPOS="1092"
                    VPOS="1443"
                    WIDTH="491"
                    HEIGHT="76">
            <Shape><Polygon POINTS="1561 1443 1538 1443 1516 1443 1505 1443 1454 1443 1449 1446 1436 1446 1092 1455 1094 1499 1094 1519 1583 1508 1583 1488 1576 1443 1561 1443"/></Shape>
	    <String CONTENT="su braveza aniquilada,"
                    HPOS="1092"
                    VPOS="1443"
                    WIDTH="491"
                    HEIGHT="76"></String>
          </TextLine>

          
          
          <TextLine ID="eSc_line_7e442c09"
                    TAGREFS="LT482"
                    BASELINE="1103 1553 1670 1533" 
                    HPOS="1101"
                    VPOS="1481"
                    WIDTH="569"
                    HEIGHT="92">
            <Shape><Polygon POINTS="1570 1490 1547 1490 1525 1490 1503 1490 1480 1492 1458 1492 1445 1492 1101 1508 1103 1553 1103 1573 1670 1548 1670 1533 1664 1481 1570 1486 1570 1490"/></Shape>
	    <String CONTENT="y alcé la vista á los Cielos,"
                    HPOS="1101"
                    VPOS="1481"
                    WIDTH="569"
                    HEIGHT="92"></String>
          </TextLine>

          
          
          <TextLine ID="eSc_line_0e7558da"
                    TAGREFS="LT482"
                    BASELINE="1105 1602 1740 1584" 
                    HPOS="1103"
                    VPOS="1533"
                    WIDTH="637"
                    HEIGHT="91">
            <Shape><Polygon POINTS="1661 1535 1655 1535 1646 1544 1431 1542 1416 1544 1393 1544 1371 1544 1349 1546 1337 1546 1331 1553 1299 1546 1282 1548 1277 1548 1266 1555 1264 1555 1255 1555 1217 1548 1215 1551 1192 1551 1170 1551 1148 1553 1143 1553 1103 1557 1105 1602 1105 1624 1740 1609 1740 1584 1735 1544 1666 1533 1664 1533 1661 1533 1661 1535"/></Shape>
	    <String CONTENT="y á Dios le dí muchas gracias."
                    HPOS="1103"
                    VPOS="1533"
                    WIDTH="637"
                    HEIGHT="91"></String>
          </TextLine>

          
          
          <TextLine ID="eSc_line_4ebc46ba"
                    TAGREFS="LT482"
                    BASELINE="1101 1649 1527 1638" 
                    HPOS="1098"
                    VPOS="1595"
                    WIDTH="429"
                    HEIGHT="65">
            <Shape><Polygon POINTS="1101 1649 1101 1660 1527 1651 1527 1638 1521 1595 1098 1604 1101 1649"/></Shape>
	    <String CONTENT="Con el deseo de ver"
                    HPOS="1098"
                    VPOS="1595"
                    WIDTH="429"
                    HEIGHT="65"></String>
          </TextLine>

          
          
          <TextLine ID="eSc_line_6d805ed2"
                    TAGREFS="LT482"
                    BASELINE="1101 1700 1646 1682" 
                    HPOS="1098"
                    VPOS="1638"
                    WIDTH="548"
                    HEIGHT="87">
            <Shape><Polygon POINTS="1101 1700 1101 1713 1145 1725 1148 1725 1150 1725 1152 1725 1170 1713 1172 1711 1646 1707 1646 1682 1639 1638 1098 1655 1101 1700"/></Shape>
	    <String CONTENT="á el Angel de Fenix Alva"
                    HPOS="1098"
                    VPOS="1638"
                    WIDTH="548"
                    HEIGHT="87"></String>
          </TextLine>

          
          
          <TextLine ID="eSc_line_aaac32ee"
                    TAGREFS="LT482"
                    BASELINE="1101 1747 1621 1740" 
                    HPOS="1098"
                    VPOS="1691"
                    WIDTH="523"
                    HEIGHT="74">
            <Shape><Polygon POINTS="1101 1747 1101 1758 1599 1765 1601 1765 1603 1765 1605 1765 1621 1754 1621 1740 1617 1702 1480 1691 1478 1691 1098 1707 1101 1747"/></Shape>
	    <String CONTENT="entré con planta ligera,"
                    HPOS="1098"
                    VPOS="1691"
                    WIDTH="523"
                    HEIGHT="74"></String>
          </TextLine>

          
          
          <TextLine ID="eSc_line_0916fe00"
                    TAGREFS="LT482"
                    BASELINE="1105 1800 1505 1787" 
                    HPOS="1103"
                    VPOS="1749"
                    WIDTH="402"
                    HEIGHT="74">
            <Shape><Polygon POINTS="1105 1800 1105 1823 1505 1809 1505 1787 1498 1749 1103 1758 1105 1800"/></Shape>
	    <String CONTENT="y la vide reclinada"
                    HPOS="1103"
                    VPOS="1749"
                    WIDTH="402"
                    HEIGHT="74"></String>
          </TextLine>

          
          
          <TextLine ID="eSc_line_3188ab9c"
                    TAGREFS="LT482"
                    BASELINE="1101 1850 1648 1834" 
                    HPOS="1098"
                    VPOS="1783"
                    WIDTH="550"
                    HEIGHT="78">
            <Shape><Polygon POINTS="1101 1850 1101 1861 1648 1854 1648 1834 1641 1783 1098 1807 1101 1850"/></Shape>
	    <String CONTENT="sobre un tapete de anéas,"
                    HPOS="1098"
                    VPOS="1783"
                    WIDTH="550"
                    HEIGHT="78"></String>
          </TextLine>

          
          
          <TextLine ID="eSc_line_761bf6e0"
                    TAGREFS="LT482"
                    BASELINE="1098 1899 1791 1883" 
                    HPOS="1096"
                    VPOS="1829"
                    WIDTH="695"
                    HEIGHT="85">
            <Shape><Polygon POINTS="1632 1836 1610 1836 1572 1836 1565 1838 1552 1838 1096 1854 1098 1899 1098 1914 1791 1905 1791 1883 1784 1829 1632 1834 1632 1836"/></Shape>
	    <String CONTENT="alfombra que al campo esmalta,"
                    HPOS="1096"
                    VPOS="1829"
                    WIDTH="695"
                    HEIGHT="85"></String>
          </TextLine>

          
          
          <TextLine ID="eSc_line_9233e765"
                    TAGREFS="LT482"
                    BASELINE="1105 1952 1659 1937" 
                    HPOS="1103"
                    VPOS="1896"
                    WIDTH="556"
                    HEIGHT="76">
            <Shape><Polygon POINTS="1105 1952 1105 1972 1657 1954 1659 1937 1652 1896 1103 1901 1105 1952"/></Shape>
	    <String CONTENT="y con un sudor tan yerta,"
                    HPOS="1103"
                    VPOS="1896"
                    WIDTH="556"
                    HEIGHT="76"></String>
          </TextLine>

          
          
          <TextLine ID="eSc_line_ae5c91f1"
                    TAGREFS="LT482"
                    BASELINE="1103 1997 1641 1986" 
                    HPOS="1101"
                    VPOS="1943"
                    WIDTH="540"
                    HEIGHT="72">
            <Shape><Polygon POINTS="1413 1946 1391 1946 1369 1946 1346 1946 1324 1948 1302 1948 1279 1948 1257 1950 1239 1950 1101 1959 1103 1997 1103 2015 1641 2004 1641 1986 1637 1950 1416 1943 1413 1946"/></Shape>
	    <String CONTENT="que un apenas respiraba."
                    HPOS="1101"
                    VPOS="1943"
                    WIDTH="540"
                    HEIGHT="72"></String>
          </TextLine>

          
          
          <TextLine ID="eSc_line_ef834f7a"
                    TAGREFS="LT482"
                    BASELINE="1103 2050 1735 2037" 
                    HPOS="1101"
                    VPOS="1992"
                    WIDTH="634"
                    HEIGHT="74">
            <Shape><Polygon POINTS="1103 2050 1103 2066 1735 2057 1735 2037 1728 1992 1101 2008 1103 2050"/></Shape>
	    <String CONTENT="Con mi tacto toqué el pulso,"
                    HPOS="1101"
                    VPOS="1992"
                    WIDTH="634"
                    HEIGHT="74"></String>
          </TextLine>

          
          
          <TextLine ID="eSc_line_e048bc32"
                    TAGREFS="LT482"
                    BASELINE="1110 2102 1630 2084" 
                    HPOS="1107"
                    VPOS="2041"
                    WIDTH="523"
                    HEIGHT="81">
            <Shape><Polygon POINTS="1599 2041 1576 2041 1554 2041 1532 2041 1509 2044 1489 2044 1449 2048 1411 2050 1398 2048 1389 2046 1375 2046 1358 2046 1355 2048 1351 2053 1107 2053 1110 2102 1110 2122 1630 2099 1630 2084 1626 2046 1603 2041 1599 2041"/></Shape>
	    <String CONTENT="y conocí, que fué causa"
                    HPOS="1107"
                    VPOS="2041"
                    WIDTH="523"
                    HEIGHT="81"></String>
          </TextLine>

          
          
          <TextLine ID="eSc_line_fc042e8f"
                    TAGREFS="LT482"
                    BASELINE="1101 2149 1635 2135" 
                    HPOS="1098"
                    VPOS="2084"
                    WIDTH="537"
                    HEIGHT="78">
            <Shape><Polygon POINTS="1545 2088 1523 2088 1503 2088 1496 2088 1478 2091 1458 2091 1451 2091 1434 2093 1411 2093 1098 2106 1101 2149 1101 2162 1635 2151 1635 2135 1623 2084 1605 2095 1563 2086 1545 2088"/></Shape>
	    <String CONTENT="el asombro del traquido,"
                    HPOS="1098"
                    VPOS="2084"
                    WIDTH="537"
                    HEIGHT="78"></String>
          </TextLine>

          
          
          <TextLine ID="eSc_line_56b596f0"
                    TAGREFS="LT482"
                    BASELINE="1101 2200 1655 2184" 
                    HPOS="1098"
                    VPOS="2137"
                    WIDTH="557"
                    HEIGHT="74">
            <Shape><Polygon POINTS="1590 2137 1588 2137 1572 2146 1568 2149 1098 2149 1101 2200 1101 2211 1655 2200 1655 2184 1650 2146 1605 2137 1590 2137"/></Shape>
	    <String CONTENT="ó del Leon la arrogancia."
                    HPOS="1098"
                    VPOS="2137"
                    WIDTH="557"
                    HEIGHT="74"></String>
          </TextLine>

          
          
          <TextLine ID="eSc_line_02ecb913"
                    TAGREFS="LT482"
                    BASELINE="1110 2249 1681 2236" 
                    HPOS="1107"
                    VPOS="2187"
                    WIDTH="574"
                    HEIGHT="87">
            <Shape><Polygon POINTS="1603 2187 1561 2187 1554 2189 1541 2189 1492 2189 1487 2191 1478 2191 1107 2202 1110 2249 1110 2274 1681 2260 1681 2236 1677 2198 1605 2187 1603 2187"/></Shape>
	    <String CONTENT="Ya del desmayo se alienta,"
                    HPOS="1107"
                    VPOS="2187"
                    WIDTH="574"
                    HEIGHT="87"></String>
          </TextLine>

          
          
          <TextLine ID="eSc_line_35d9de04"
                    TAGREFS="LT482"
                    BASELINE="1107 2307 1581 2294" 
                    HPOS="1105"
                    VPOS="2247"
                    WIDTH="476"
                    HEIGHT="125">
            <Shape><Polygon POINTS="1107 2307 1107 2367 1326 2372 1329 2372 1331 2372 1373 2352 1391 2341 1402 2349 1407 2354 1409 2354 1411 2354 1413 2354 1416 2354 1418 2354 1418 2352 1422 2347 1434 2334 1512 2334 1521 2341 1534 2352 1536 2352 1538 2352 1541 2352 1543 2352 1581 2336 1581 2294 1574 2247 1105 2253 1107 2307"/></Shape>
	    <String CONTENT="y sentóse, y asustada,"
                    HPOS="1105"
                    VPOS="2247"
                    WIDTH="476"
                    HEIGHT="125"></String>
          </TextLine>

          
          
          <TextLine ID="eSc_line_91908534"
                    TAGREFS="LT482"
                    BASELINE="1710 2336 1786 2332" 
                    HPOS="1704"
                    VPOS="2247"
                    WIDTH="82"
                    HEIGHT="136">
            <Shape><Polygon POINTS="1713 2378 1786 2383 1786 2332 1777 2247 1704 2253 1710 2336"/></Shape>
	    <String CONTENT="los"
                    HPOS="1704"
                    VPOS="2247"
                    WIDTH="82"
                    HEIGHT="136"></String>
          </TextLine>

          
        </TextBlock>
        
        <TextBlock HPOS="1685"
                   VPOS="2288"
                   WIDTH="141"
                   HEIGHT="80"
                   ID="eSc_textblock_b8869183"
                   TAGREFS="BT1302">
          <Shape><Polygon POINTS="1826 2368 1826 2288 1685 2288 1685 2368"/></Shape>
          
        </TextBlock>
        

        
      </PrintSpace>
    </Page>
  </Layout>
</alto>
