1920 2591
425 233 553 101 Que el satisfacer servicios,

375 282 568 102 es la paga lo que importa:

364 336 480 87 solo tengo que dezirte

367 392 553 85 quatro palabras, y à solas.

416 436 491 95 A las doze de la noche,

362 481 488 89 por ser sossegada hora,

360 539 551 78 en este balcon te aguardo

354 578 667 99 donde importa hablarte à solas.

401 630 598 104 Se fué Don Pedro à su casa,

354 682 514 88 vanagloriando sus cosas,

347 729 525 87 à donde estuvo aquel dia

345 777 544 93 sin comer, ni beber gota.

401 829 540 92 Y apenas se cubrió el Sol,

341 880 505 82 por la mas nevada roca,

345 932 473 82 se puso media de seda,

336 973 597 93 con un zapato que abrocha;

386 1027 577 89 Y un calzon de grana fina,

332 1070 475 89 ajustado à su persona;

332 1131 583 95 y una armadura encarnada,

326 1183 470 77 encíma una rica cota;

377 1226 538 88 Y un coleto de ante fino,

319 1267 531 95 abrochado con colonias;

319 1325 503 82 y una montera Italiana,

304 1373 698 101 con brochas de oro al encontra;

364 1425 502 88 Un broquel Barcelonés,

315 1466 462 90 y una Toledana hoja:

308 1528 478 76 viendose desta manera

304 1565 676 101 parecele que el mundo es poco.

362 1621 571 95 Tanto es el primor, y gala

302 1662 564 99 que Don Pedro se adorna,

304 1720 497 85 en su talle, y gentileza

300 1770 613 80 que de si mismo se enamora.

347 1818 573 90 Llegado que fué al balcon,

291 1865 497 82 luego por señas le toca

291 1915 454 86 un silvatillo de plata,

293 1967 467 75 que le dió una señora.

334 2012 534 82 Salió el Sol à la ventana,

272 2062 676 97 siendo el desterrar las sombras,

282 2107 603 177 indicios con que Don Pedro

1105 252 596 106 conociesse à Doña Antonia.

1164 319 548 91 Y sin turbarse le ha dicho,

1103 371 562 82 que cabeza, ò que corona

1101 418 620 95 es la que quereys que trayga,

1103 468 592 89 y en tus manos te la ponga?

1153 518 490 88 Yo no estimo valentias,

1092 570 529 79 sino saber en que forma,

1092 619 547 82 es el amor que me tienes,

1090 662 622 100 pues que tanto me enamoras.

1138 714 520 91 Si ha de ser para la vida,

1088 766 540 82 y que vivamos con honra;

1082 818 529 78 mas si pretendes burlarte

1079 863 547 84 de mi no alcanzarás cosa.

1127 915 490 80 Juro la Cruz Soberana,

1075 962 618 89 y otra que mi pecho adorna,

1073 1012 492 82 que no olvidaré jamás,

1071 1055 449 82 à prenda tan deseosa.

1118 1109 542 91 Con esta razon que dizes,

1064 1155 547 88 basta para que se rompan

1064 1206 516 85 de mi pecho las aldabas,

1058 1263 658 73 aunque huviera mas que hojas.

1103 1306 639 95 Desde oy te entrego mi alma,

1053 1362 543 80 para que della dispongas,

1047 1407 536 80 y herido con esta flecha,

1049 1459 557 74 dixo Don Pedro de Rojas.

1103 1502 588 89 Abre essos brassos de amor,

1053 1552 463 82 y reconocerás señora,

1043 1602 594 86 una alma que anda perdida,

1043 1649 540 80 y oy se halla tan dichosa.

1092 1701 583 91 Desde las doze Don Pedro,

1038 1746 568 91 estuvo con Doña Antonia,

1034 1796 551 88 hasta que tocaron al Alva

1032 1843 510 82 las campanas de Lisboa.

1084 1893 557 86 Fuesse de alli Don Pedro,

1028 1941 488 88 dexandola muy gozosa

1030 1999 479 82 recreando los sentidos,

1019 2044 523 84 acordada de sus glorias;

1066 2096 473 82 Mas el falso Cavallero

1006 2146 503 147 con intencion alevosa,

1589 2172 73 140 por
