1533 1973
72 19 479 66 que en Valladolid murió,

55 70 492 66 y al cardenal de Toledo,

64 120 419 70 y al otro predicador;

65 167 619 66 sin otras treinta y tres muertes,

70 217 592 67 que he hecho y consentido yo.

69 269 514 64 Estas muertes yo confieso,

70 314 461 62 mas la de la Reyna no,

82 363 571 72 que pecados que no ha hecho

74 422 477 58 no confiesa un pecador:

74 468 445 56 de la Reyna mi señora

75 516 507 61 nada sé á fé de quien soy.

248 626 350 49 Tercero romance.

85 706 543 74 Otorgóle el Rey la súplica,

83 762 561 68 responde y dá por respuesta,

83 815 596 61 que le nombren jueces nuevos,

85 863 449 64 que si es justa y recta,

82 907 536 72 que no quiere del sin culpa

82 958 524 63 lleguen al Cielo las quejas.

92 1011 506 64 Visto y revisto el proceso,

88 1058 583 63 vieron que en justa conciencia

82 1106 426 63 merecia cruel muerte,

87 1155 521 68 segun las leyes lo ordenan.

92 1206 541 63 Va el secretario al Marqués,

85 1256 426 56 dícele la triste nueva,

83 1303 486 64 allí demostró el Marqués

92 1351 521 71 gran humildad y paciencia.

92 1402 488 64 Vueltos sus ojos dos rios,

88 1453 497 62 responde de esta manera:

87 1501 538 65 No miren que soy marqués,

87 1552 488 65 ni señor de siete Iglesias,

93 1598 520 74 gran capitan de la guardia,

90 1650 531 66 conde de Oliva y su tierra,

97 1705 478 60 y comendador de Ocaña,

74 1747 478 69 y regidor de Placencia:

90 1793 531 76 Mas fuí del Rey secretario,

93 1849 561 82 á quien Dios en gloria tenga,

796 18 380 55 y fuí de Valladolid

797 64 454 60 alguacil mayor, yo era

797 113 393 56 conde de Villalonga,

801 159 618 71 que me dió el duque de Lerma,

797 212 510 62 con otros muchos ditados,

797 256 592 67 con mas de dos mil grandezas.

824 310 559 63 las ser de un Rey secretario,

801 361 526 64 es el que España gobierna,

802 412 484 64 entre todas las que tube,

804 458 502 66 esta es mayor escelencia:

802 506 536 66 Son trescientos mil ducados

805 559 446 69 los que tenia de renta.

807 608 448 61 Por escalones de vidrio

802 657 513 64 he subido á la alta esfera,

814 710 549 66 pero al fin como eran flacos

805 756 509 61 he venido á dar en tierra.

807 803 446 63 A don Alvaro de Luna

809 851 528 74 representa hoy mi tragedia,

815 907 550 67 que él fué page y yo lo fuí,

810 960 538 64 mirad que dicha la nuestra.

814 1002 510 71 O quien fuera pastorcillo,

819 1052 483 74 que guardára sus ovejas!

819 1104 473 65 que pudiera ser que alli

814 1157 462 56 tubiera menos sobervia.

824 1208 506 54 Y á los veinte de Octubre

812 1254 599 62 del mes presente que cuentan,

814 1298 478 61 comulgaron al Marqués,

815 1351 553 59 que llaman de siete Iglesias.

824 1399 570 59 Y entrando Cristo en su casa,

815 1446 466 61 le dice de esta manera:

814 1497 500 64 Seais bien venido, Señor,

815 1548 500 63 á mi casa en hora buena,

827 1599 541 66 que hoy venis Vos á la mia,

820 1647 540 59 yo mañana iré á la vuestra.

819 1696 394 63 Misericordia, Señor,

819 1747 421 61 recoged aquesta oveja

825 1793 564 69 que huyó de vuestro rebaño,

824 1844 679 82 por las culpas que en mi encierra.

1319 1908 74 60 Quar-
