1888 2577
169 177 531 84 Y luego con diligencia

180 236 637 74 llegóse à mi, y con halagos

179 290 522 63 templada yá su braveza

181 339 529 63 lamiendome mis heridas

183 389 569 63 me cura y luego me lleva

181 436 665 66 a su albergue donde he estado

184 489 578 62 tres años segun mi cuenta,

181 532 562 66 donde me he alimentado

180 585 562 56 con la carne de las fieras,

179 628 657 69 que este animal me ha traído:

181 684 579 56 Esta es, Señor; la certeza,

181 728 535 70 y aora, Señor te suplico

179 781 591 63 que te ausentes de la selva,

177 826 552 61 porque sí viene el Leon,

181 877 581 65 temo, que con su braveza

177 927 638 69 atomos te haga en sus garras.

181 979 598 64 Y viendo en peligro puesta

176 1023 505 65 mi vida, dixe atrevido,

177 1078 484 58 valeroso nunca fuera,

180 1120 539 68 si à la furia de un Leon,

173 1178 533 56 oy mi valor se rindiera;

173 1215 667 70 pues aunq hubiera mas Leones

171 1272 615 59 que arboles hay en la selva,

174 1319 480 61 para mi valor heroico

167 1364 652 73 todo es nada en tu presencia:

174 1417 480 61 y asi si quieres salir

164 1464 563 62 de aquesta selva sobervia,

167 1510 579 69 levanta, no tengas miedo,

167 1564 489 63 sigamos pues la ribera

166 1612 538 63 de este tan hermoso Rio,

159 1660 497 66 que si saliesse la fiera,

150 1707 488 66 t e promete mi valor,

154 1758 512 58 de castigar su soberbia,

154 1799 490 72 y sacarte del peligro,

153 1852 584 67 aunque mil vidas perdiera.

156 1901 528 71 Y asiendola de la mano,

147 1955 602 60 nos entramos por la senda,

143 2000 663 94 y entre unos muy verdes ramos

872 176 554 77 oygo rugir con fiereza

880 237 570 60 de aquella furia inhumana

879 280 572 73 la sobervia, y gentileza:

885 333 569 72 yo conociendo el peligro,

879 385 549 67 preparando mi escopeta,

880 438 571 64 y esperando à que llegára,

880 482 502 64 para tirarle mas cerca.

880 528 586 64 Ciego en sus iras se arroja,

878 584 636 65 y haciendo el padernal fuerza

872 629 543 59 de la polvora el incendio

878 678 543 67 disparó con gran fiereza,

876 727 490 60 cinco saetas de plomo

870 774 515 73 en el pecho de la fiera,

879 826 468 65 sin respetar su valor

878 874 627 65 con cinco heridas perversas,

878 923 620 69 cayó el bruto, y al bramido

876 976 585 60 se estremecieron las selvas.

878 1019 494 71 Conseguida la victoria,

875 1072 611 69 buelvo à mi querida prenda,

873 1128 565 57 que se hallava desmayada

872 1172 523 56 considerando que fuera,

872 1216 493 68 lo postrero de mi vida

869 1275 609 55 aquella tan ardua empressa;

870 1314 571 66 me dixo: Gallardo Joven

869 1367 587 66 con que pagaré tal fineza?

868 1417 553 63 Llevame donde quisieres,

869 1466 520 65 y si quieres, que yo sea

868 1516 467 60 tu Esposa, te serviré

865 1561 647 63 como humilde esclava vuestra

868 1609 591 66 Yo le dixe: hermosa Dama,

872 1660 540 62 vivo encanto de mi idea,

870 1712 472 61 como podré yo pagar

866 1756 509 66 tan sublimadas finezas,

866 1811 503 58 como tu favor me hace

858 1852 547 69 sin yo poder merecerlas;

855 1901 513 71 pero ya que agradecida

848 1954 631 74 tu hermosura se me muestra,

848 2002 511 93 he de pagarte, ó morir

1409 2044 60 119 el
