1876 2468
508 721 777 124 JÁCARA NUEVA

213 800 1325 102 EN QUE SE REFIERE UN LASTIMOSO CASO, QUE SUCEDIÓ

203 874 1352 84 á una doncella de la ciudad de Trujillo, á la cual un amante suyo la

263 925 1197 80 sacó de su casa, engañada con palabra de casamiento, deján-

316 968 1113 89 dola despues en Sierra Morena: Y el ejemplar castigo que

357 1020 1029 88 en él y á un primo suyo se ejecutó; como lo verá

705 1083 337 83 el curioso Lector.

205 1174 605 70 Sobre una alfombra de flores

203 1221 588 78 cercada de hermosas plantas,

207 1268 428 68 en donde las avecillas

207 1320 517 74 tienden sus pintadas alas,

263 1367 454 68 Y con su música alegre

205 1421 564 76 al Rey del cielo dan gracias.

205 1466 512 78 En la gran Sierra Morena

201 1519 467 74 de tantos delitos causa,

255 1565 590 82 Amparo de aquel que ofende,

201 1616 525 72 defensa del que mal anda,

199 1663 615 85 me puse asentado un día,

199 1719 607 76 cansado de andar á caza.

248 1770 548 74 Arrimado á un duro tronco,

195 1816 605 76 discurriendo en cosas varias,

193 1875 426 60 oí una voz temerosa,

199 1914 529 76 que sonaba en la montaña.

248 1964 478 78 Estuve atento por ver

201 2007 533 80 si era de persona humana;

193 2066 438 74 atencion que así decia

195 2124 492 107 estas siguientes palabras:

962 1176 576 86 Tirano amor, pues tu has sido

896 1229 496 79 la causa de mi desgracia,

900 1283 482 68 dispara tus duras flechas

898 1336 589 74 contra el que así me maltrata.

944 1380 454 76 Amante falso y traidor,

890 1437 517 74 ¿como me dejas sin causa

890 1484 453 70 en tan terrible miseria,

892 1536 488 68 y de la muerte cercana?

935 1579 506 76 Sacra Vírgen del Rosario,

886 1630 461 79 mi princesa y abogada,

886 1680 494 76 alcanzadme que confiese,

890 1729 519 78 porque no peligre el alma.

935 1774 560 89 Puse el rostro á la escopeta,

886 1822 479 90 bien prevenida de balas,

896 1885 401 70 por el eco de la voz

886 1925 555 84 llegué á parar donde estaba.

942 1976 485 84 Ví una temprana belleza

884 2027 549 81 á un duro tronco amarrada,

884 2077 459 84 desmelenado el cabello,

884 2128 440 101 y de ropas despojada.
