1328 2110
131 77 398 49 Lo Cocodrillo traydor;

91 112 355 62 plorar ab la cautela,

86 152 439 67 ab que cantan dolsament

89 207 412 53 las enganyosas Sirenas.

133 240 459 67 Y que per mes hermosura

84 291 426 50 disposá á la mare terra,

87 332 556 63 despres de produhir las plantas,

89 386 454 51 també sustentás las Feras.

128 420 420 63 Que al ferós Lleó donás

89 462 385 58 valor, forças y feresa,

87 508 363 54 temerós animo y vil

86 548 383 55 á la cobarda Pantera.

131 596 398 65 Al geperut Dromedari

93 636 403 65 grandissima llaugeresa,

91 682 355 67 y forças als Elefants

87 720 437 69 per sa molta corpulencia.

131 764 312 65 Una de estas elegí

84 812 334 65 la sabia naturalesa,

87 859 556 72 que en servey dels homens tots,

87 903 458 60 mes que totas fos potenta.

130 947 455 62 Dotantla de grans virtuts,

86 989 478 67 de gracias y de excelencias,

86 1028 364 69 de forças y habilitat,

87 1079 358 62 solicitut y paciencia.

130 1114 445 64 Es molt amiga del home,

86 1169 471 63 te pau ab totas las bestias,

89 1207 399 59 profitosa en las ciutats,

89 1246 435 63 y estimada en las aldeas.

130 1288 344 55 Al fi si voleu saber

89 1329 461 63 qui pot ser aqueixa bestia,

91 1383 361 55 Ase en catalá se diu,

89 1417 424 61 Asno se diu en Castella.

131 1468 438 61 En França se diu L'ane,

91 1505 364 70 Aanes en Inglaterra,

86 1550 397 62 en Alemanya Ennesel,

86 1589 461 70 Jamentum llatina llengua.

135 1637 445 59 Y com son igual cada hu

87 1686 493 54 té, igual seu es la Jumenta:

87 1726 380 56 estos pretench alabar,

87 1770 498 58 si un poch atenció me tenen.

131 1816 454 58 Ya despres de haber criat

86 1856 383 58 la Divina Providencia

86 1900 485 60 al home á la sua semblansa,

89 1946 505 63 y lo Cel per la sua herencia;

128 1992 397 58 Luego que del Paradis

84 2034 401 63 llança la desobediencia

726 77 401 54 á nostre primitiu pare,

729 116 431 65 y á nostra mare primera

768 158 461 61 D'est Animal se ajudaren,

729 203 393 58 com Eliodoro referma,

729 247 419 58 per passar tot lo treball

728 298 445 50 del desterro y penitencia.

772 341 390 52 Los majors apotentats,

728 376 450 61 que seguiren la lley vella

724 422 403 59 ab Asens se passejaban

728 464 427 63 posats ab ricas cubertas.

770 506 438 63 Al segon llibre dels reys

726 550 492 53 se troba, que Abraham era

724 596 412 54 dels famosos Patriarcas

729 638 570 60 molt rich de honor y de hisienda

772 689 541 65 Aquest quant de son fill unich

726 717 508 67 fer volgué oblació sangrenta,

726 768 454 54 Ase portá, y tingué ditxa

728 824 401 53 de veurer sa fe perfeta.

768 838 465 85 També la santa Escriptura

726 894 454 69 nota, quant Abigail bella

726 942 390 62 aná á casar ab David,

726 988 415 61 ab Burra aná caballera.

772 1026 348 62 Y la rica Sunamitis,

726 1062 545 80 que un temps allotjá al Profeta

724 1116 406 65 Eliseo, tingut per sant

726 1164 457 65 en las terras mes desertas,

766 1206 387 52 En Ase cercant anaba

724 1243 512 63 al Sant, que á sa filla tendra

726 1288 433 57 desdel regne de la mort,

724 1331 387 61 al de la vida primera

768 1375 440 59 Li tornás; y lo rey Saul,

728 1418 487 64 que rey ungit de Israel era,

726 1464 443 60 antes quel poble lo ungís,

724 1512 442 47 de son pare las Jumentas

768 1550 500 57 Aná á cercar, que herbejant

726 1598 431 54 estaban per las florestas,

729 1644 451 59 y sos fills, essent ell Rey,

724 1686 493 58 sempre per las majors festas

765 1730 406 56 En Asens galans exian,

722 1777 414 51 com Mifisobet referma,

724 1816 368 56 del mateix Mifiboset,

726 1853 514 65 que era fill del rey de Judea.

765 1906 427 58 En aquella real historia,

726 1946 441 60 notan las sagradas lletras,

722 1988 477 60 que quant ab lo rey David

722 2034 460 68 aná á ajustar certa guerra,
