1872 2648
313 44 424 53 y una ilustre Compañía

313 79 503 62 de Soldados de importancía.

309 123 505 62 Llegó afligida en el suplicio,

309 176 487 60 y á un Religioso le encarga

302 214 494 57 que le llamen á Don Carlos,

302 255 525 60 Capitan de aquella Esquadra;

298 297 578 71 le ha dicho: Señor Don Carlos,

298 344 494 59 vuestra nobleza me ampara

293 381 389 60 todas aquellas finezas

302 428 457 59 que en Zaragoza pasavan.

293 470 508 59 Respondióles Hermano mio

293 511 587 69 mire en el puesto que se halla:

300 558 419 57 repare que va à morir.

298 600 534 66 Pues Señor, vos sois la causa,

300 646 527 60 respondióle, de que suerte?

298 688 490 57 Señor yo lo digo, y basta:

298 732 465 62 no os acordais los favores,

295 776 488 64 las penas, fatigas, y ansias

295 818 548 64 que por mi haveis padecido?

298 869 487 57 Quien os dió essa esmeralda

295 906 462 58 que llevais en este dedo?

293 948 545 64 Con quien tan dulzes palabras,

293 993 583 81 con quien tan tiernos requiebros,

295 1039 473 57 con quien quedó efectuada

293 1079 477 61 palabra de ser tu Esposa,

291 1120 408 60 aqui está la desdichada

291 1173 426 56 de Doña Juana Merino,

286 1211 453 64 en quien vos idolatravais:

286 1257 424 60 si quiera por ser muger

286 1299 508 55 oy vuestro auxilio me valga,

284 1337 468 59 que ya conoceis el tronco,

284 1387 490 58 mi nobleza, sangre, y casa:

286 1429 517 62 que si no os basta en razones,

282 1471 453 102 aqui me teneis postrada:

1048 52 457 73 vertiendo mares de perlas

1044 90 390 57 sus ojos manifestavan.

1050 132 384 64 Arrojóse, y abrazóla,

1048 172 422 59 y à la Compañia manda

1041 218 477 68 que pusiessen bala en boca,

1037 251 517 91 y en un Convento la entrava,

1039 308 384 53 ofreciendo su cab za

1044 344 446 64 por librar aquella Dama.

1046 388 439 75 Escrivieron à sus padres,

1044 434 410 58 y con testigos declaran

1044 476 503 80 de las razones que ha dicho:

1044 516 399 75 y al huesped de la casa

1044 564 461 69 le embargan quanto tenia,

1039 606 482 75 las prendas, joyas, y casa.

1046 646 422 66 Vino su padre, y su tio

1037 686 444 70 para llevarla à su patria;

1035 739 428 64 mas ella firme responde,

1033 778 501 71 que su intento es ser casada

1030 823 484 75 con el Capitan Don Carlos,

1033 869 454 60 pues que tanto le costava.

1039 911 440 64 Gustoso el Señor Obispo

1035 953 470 68 mandó que los desposáran:

1030 997 468 64 con fiestas, y con torneos

1030 1037 413 66 las bodas se celebravan.

1033 1083 492 60 Nuestro Rey que supo esto,

1030 1127 404 57 à Don Carlos adelanta

1028 1173 444 58 para Maestre de Campo,

1028 1215 486 58 porque le estimó la hazaña.

1019 1246 475 73 Escarmienten las mugeres,

1017 1301 433 62 reparen en Doña Juana,

1024 1339 552 71 que anduvo rondando el mundo

1022 1385 428 66 con su honra acrisolada,

1019 1427 488 64 hasta que la dexò en manos

1017 1478 426 86 de quien tanto deseava.

852 1599 326 144 FIN.

461 1944 1099 103 Barcelona: Por JUAN JOLIS Impressor, en la calle

781 2003 444 91 de los Algodoneros.
