1859 2580
268 88 442 73 Lo treball de nostre ofici

266 146 469 69 no fatiga, puig no es fort,

271 197 486 65 que regularment las feynas

264 240 480 65 se fan ab molt gran repós.

264 283 454 73 Feu ara sobre estas cosas

264 333 295 69 madura reflexîó,

266 389 347 62 y vejeu si trobaréu

262 434 355 62 un ofici mes honrós

268 477 470 66 y que tinga circunstancias

262 526 435 63 tan apreciables com son

260 569 450 71 las del nostre: considero

264 629 340 59 que fora dificultós.

277 672 566 67 ¡Válgam lo beneyt sant March!

258 720 501 64 sant Crispí! sant Salvador!

258 769 443 60 digué mirantse lo sastre

260 817 376 60 son camarada Clicot.

273 864 559 64 ¿De ahont traus tanta materia?

262 900 435 80 Te aturdias de estos dos,

266 956 519 73 y xarras mes que una garsa,

258 1010 462 58 mes que trenta gafarrons.

262 1051 555 73 Tinch vist que tant lo Borruga,

256 1105 456 66 com tu y com lo Cendrós,

256 1152 505 67 tots vos demostrau gustosos,

256 1201 400 65 aquell de ser teixidor,

256 1249 466 62 aquest de portar capsana,

271 1296 389 62 y tu de ser sastrinyol.

253 1335 495 71 Donchs advertiu que també

258 1393 402 66 jo gusto de ser pegot:

253 1440 532 65 no m' sab mal rosegar cuyro,

256 1485 471 71 ni estirar lo pel de porch,

258 1535 368 64 ni portar lo devantal

256 1582 376 69 tan untat y safarrós;

258 1634 557 66 que encara que malas llenguas

253 1681 448 69 diuhen que es ofici llort,

258 1726 445 69 jo sé que es honrat ofici,

258 1778 357 62 que es ofici profitós,

260 1818 452 74 y que en ell ho passan bè

253 1870 465 65 tots los bons treballadors:

258 1915 464 73 jo deixo dir lo que vullan,

253 1969 512 62 com me deixen fer mon joch.

256 2010 469 73 Estich en casa de un amo,

251 2059 502 67 que es home de bon humor,

256 2117 350 63 de natural apacible

262 2162 329 63 y amable condició.

253 2199 441 73 Corretgeix benignament,

258 2259 548 67 y ensenya ab molt gran amor:

974 111 437 67 es compassiu, es afable,

976 159 362 62 es lliberal y garbós.

972 206 544 75 La mestressa es de altre geni,

974 255 448 58 que no m' satisfá del tot:

974 296 474 71 es tan estreta ab nosaltres,

974 350 461 69 que en ella no troba lloch

972 389 370 75 lo que es lliberalitat.

974 438 407 71 Al dematí quatre nous

970 488 424 71 me dòna per esmorsar,

981 535 426 73 y de pa un petit crostó:

966 580 419 75 ó una cua de arengada

972 629 424 74 y un parell de rosegons

966 683 449 69 ab quatre gotetas de oli;

976 728 454 69 y diu que n' hi posa poch

976 780 487 67 perque no m' danye lo pit:

970 827 368 67 jo li estimo lo favor,

972 879 336 60 peró mes estimaria

972 924 428 62 que son cor fos generós.

966 946 647 92 No obstant, com ja me he fet compte

970 1016 404 67 que sols pot durar axó

963 1066 454 69 mentres del aprenentatge

966 1111 456 71 me subjecten los grillons,

966 1156 479 71 me alimento de esperansas

970 1206 450 66 de que arrivant al ditxós

966 1249 451 77 libre estat del fadrinatge,

968 1300 400 69 me atiparé de matons,

968 1348 432 73 de pa de ral, y sisenas

968 1393 363 66 de botifarras y ous:

963 1440 424 75 beuré vi com un inglés,

974 1494 482 71 y ayguardent com un saxô.

968 1535 426 68 Si després puch arrivar

961 1591 433 68 á véncer lo major gorp,

970 1634 518 77 vull dir, á passarme mestre,

968 1683 381 71 ja no envejaré la sort

963 1735 506 62 al rey de la Gran Bretanya,

966 1780 529 73 ni al Sofí, ni al Gran Mogol.

963 1825 420 69 Ja que de nostres oficis

961 1876 512 63 contents nos demostram tots,

968 1926 512 67 (digué lo Climent); importa

963 1978 517 64 que, ajudant Nostre Senyor,

961 2025 446 60 nos esmerem en cumplir

961 2066 355 64 la nostra obligació.

966 2113 368 69 En axó se dividiren,

987 2167 383 62 y jo quedí molt gustós

961 2214 478 67 de haver ohit los discursos

957 2263 439 63 de aquestas conclusions.

363 2309 1136 83 Barcelona: Estampa dels Hereus de la V. Pla, carrer dels Cotoners.
