2148 3034
1636 255 66 73 3

311 295 597 79 que me saque de este empeño

318 361 446 66 libre de toda afliccion.

313 417 496 60 Si son tres los enemigos,

313 465 476 68 que me dan acusacion;

313 510 658 74 que es mundo, demonio y carne,

308 568 562 66 pero estos clavos tres son:

311 621 513 61 tres son para mi defensa,

313 672 501 61 por esto me valdré yo

313 720 516 61 de aquellas siete palabras

311 763 528 63 que en la cruz pronunció

313 816 380 68 esa boca soberana,

308 862 542 70 y al Padre diré con fervor:

311 915 539 68 Commendo spiritum meum

311 965 526 66 en vuestras manos, Señor.

311 1016 518 71 Y á vos, poderosa Vírgen,

308 1069 473 73 escogida en perfeccion;

311 1117 435 68 Maria llena de gracia,

311 1173 513 70 Madre del Verbo criador,

1012 318 508 68 á vuestra pura limpieza

1017 366 480 68 apela un gran pecador,

1017 417 630 73 que entre en vuestro rogatorio,

1024 472 425 64 sirviendo de relator;

1012 528 506 58 para que mi pleito vaya

1019 573 529 64 siempre de bueno á mejor.

1019 619 483 61 Con esto cerró los ojos,

1022 675 410 58 falto de respiracion;

1022 720 485 71 á diez y siete setiembre,

1017 771 480 68 á Dios su alma entregó.

1017 816 460 68 Lágrimas da Zaragoza,

1022 877 366 61 Rogativas Aragon,

1022 932 521 61 perdon le promete España,

1024 983 494 61 y el gran reino de Leon.

1019 1023 562 74 Dios le haya dado su gloria,

1022 1079 506 66 y tambien conceda á nos

1017 1130 551 60 paz y concordia en la tierra

1017 1180 470 68 y en el cielo salvacion.

662 1279 711 106 SEGUNDA PARTE

306 1365 1368 106 DEL TESTAMENTO DEL SERENÍSIMO

301 1443 1371 101 Señor Don Juan de Austria. Refiérese la católica

303 1524 1366 94 y última despedida que antes de espirar hizo del

303 1585 1361 114 Rey su hermano, de todo el reino y de los Gran-

412 1658 1171 101 des. Y tambien las mandas que legó á las

635 1731 710 112 imágenes de su devocion.

313 1833 585 101 Viendo ya el gran Zelador,

308 1921 638 63 que á su mal no halla remedio,

301 1972 458 60 trató de pulir la joya,

308 2017 557 66 para que luzca en el cielo.

301 2070 516 68 Incorporado en la cama,

298 2121 438 66 á todas partes atento,

303 2174 501 68 vió en los que le asistian

298 2222 549 66 de su enfermedad el peso.

298 2265 665 73 Vió á muchos, y algunos Grandes,

296 2326 660 68 que en sus rostros se está viendo

306 2376 447 119 el sentimiento y dolor

996 1876 496 68 de verle ya casi muerto.

996 1934 433 63 Díjole á su confesor:

1004 1982 574 68 Oh, que postrado me siento!

1001 2030 496 71 y ya tan lleno de llagas,

1006 2080 572 71 que un san Lázaro parezco:

1009 2136 443 63 sea por amor de Dios,

1006 2181 643 69 que esto y mucho mas merezco:

1004 2229 450 74 mejor era Job que yo,

1004 2285 572 66 y en un muladar fué puesto.

996 2333 473 63 No podré yo encarecer

1006 2384 555 116 el gran consuelo que tengo,
