1860 2629
157.0 177.0 1415.0 230.0 El Reinado de las Suegras

122.0 411.0 492.0 88.0 cMúsade «Por algo será»

1359.0 438.0 279.0 87.0 Letra de F. B.

449.0 602.0 51.0 50.0 I

122.0 602.0 623.0 110.0 De las plagas que hay en el mundo

87.0 674.0 647.0 79.0 para el hombre es, para el hombre es,

83.0 720.0 533.0 55.0 una suegra con genio de fiera

83.0 751.0 557.0 57.0 y dé puntapiés, y dé puntapiés.

116.0 790.0 563.0 55.0 ES la casa donde haya un bicho

78.0 817.0 597.0 74.0 de tal condición, de tal condición,

81 860 563 79 es seguro que se arma a diario...

254.0 902.0 241.0 51.0 la revolución.

83.0 924.0 612.0 72.0 Ya pueden saber, ya pueden saber,

78.0 970.0 637.0 79.0 que una suegra con genio y furiosa...

261.0 1003.0 324.0 79.0 ¡les puede morder!

432.0 1073.0 43.0 88.0 II

107.0 1123.0 586.0 86.0 A una suegra cuando le conviene

76.0 1185.0 575.0 59.0 ¡y qué buena es, y qué buena es!

70.0 1222.0 476.0 55.0 sobre todo si tiene una hija

70.0 1250.0 487.0 68.0 para merecer, para merecer.

111.0 1288.0 542.0 65.0 Y el pollo que cae en la trampa

70.0 1310.0 739.0 100.0 con buena intención, con buena intención,

70.0 1358.0 577.0 81.0 de contado ya pueden dar parte...

243.0 1408.0 296.0 51.0 de su defunción.

72.0 1421.0 634.0 77.0 Hay que adivinar, hay que adivinar,

72.0 1470.0 713.0 111.0 de que un hombre casado y con suegra...

252.0 1505.0 274.0 85.0 ¡la puede diñar!

416.0 1583.0 59.0 62.0 III

96.0 1621.0 586.0 87.0 Una suegra en su casa es la reina

63.0 1680.0 608.0 72.0 y hay que callar, y hay que callar,

61.0 1719.0 467.0 62.0 y con mimos y zalamerias

59.0 1754.0 618.0 68.0 tienes que tratar, tienes que tratar.

100.0 1787.0 564.0 75.0 Y si el hombre es corto de genio

57.0 1827.0 506.0 61.0 suele suceder, suele suceder,

57.0 1855.0 572.0 66.0 que en tu casa hasta la comida...

232.0 1901.0 349.0 59.0 te tienes que hacer.

54.0 1921.0 577.0 77.0 Qué gracioso es, qué gracioso es,

59.0 1971.0 541.0 75.0 ver a un pollo recién casadito...

239.0 2006.0 261.0 86.0 ¡la casa barrer!

407.0 2081.0 55.0 55.0 IV

85.0 2109.0 544.0 99.0 Si la vida en el mundo dichoso

50.0 2173.0 618.0 92.0 quieres disfrutar, quieres disfrutar,

48.0 2221.0 458.0 53.0 solterito y solo en tu casa

48.0 2256.0 504.0 59.0 mejor estarás, mejor estarás.

85.0 2289.0 557.0 68.0 Si una joven te gusta y te casas

48.0 2317.0 583.0 130.0 como es natural, como es natural,

881.0 556.0 485.0 110.0 además de bonita, procura...

1057.0 639.0 311.0 59.0 tenga un capital.

883.0 648.0 637.0 92.0 Pero has de saber, pero has de saber,

888.0 707.0 614.0 79.0 que si entra una suegra en tu casa...

1070.0 749.0 338.0 87.0 ¡tendrás que correr!

1245.0 832.0 46.0 64.0 V.

910.0 878.0 610.0 88.0 Si el que vive casado y con suegra

877.0 928.0 577.0 68.0 tiene educación, tiene educación,

879.0 968.0 535.0 59.0 va la suegra y dice que parece

875.0 1003.0 487.0 59.0 un bobalicón, un bobalicón.

908.0 1040.0 550.0 61.0 Si es adusto y con mal carácter

872.0 1082.0 608.0 61.0 y viste muy mal, y viste muy mal,

875.0 1117.0 572.0 59.0 al contrario de lo que era antes...

1048.0 1154.0 281.0 55.0 le dice ¡animal!

872.0 1172.0 485.0 74.0 Qué felicidad, qué felicidad

870.0 1215.0 575.0 95.0 el que puede vivir sin la suegra...

1048.0 1264.0 272.0 63.0 ¡una eternidad!

1232.0 1340.0 37.0 77.0 VI

899.0 1406.0 495.0 68.0 Si algún día te vas de paseo

866.0 1441.0 500.0 64.0 o bien al café, o bien al café,

864.0 1485.0 577.0 55.0 has de ir con la esposa a tu lado,

866.0 1509.0 662.0 77.0 la suegra también, la suegra también.

903.0 1551.0 478.0 63.0 Y se pone terrible y furiosa

862.0 1581.0 611.0 81.0 si le haces andar, si le haces andar,

864.0 1629.0 541.0 57.0 y la tienes que llevar en auto...

1037.0 1667.0 246.0 52.0 o en side-car.

890.0 1691.0 469.0 63.0 Qué día será, qué día será,

859.0 1724.0 617.0 76.0 aquel en que a la suegra «querida»

1044.0 1778.0 372.0 77.0 ¡no vuelva a ver más!

1201.0 1838.0 62.0 68.0 VII

890.0 1886.0 616.0 90.0 El que tenga la suegra muy buena

857.0 1941.0 638.0 72.0 la puede guardar, la puede guardar,

857.0 1984.0 551.0 53.0 y arreglarla de modo que valga

859.0 2026.0 478.0 55.0 para confitar, para confitar.

892.0 2055.0 617.0 63.0 Y a una suegra con mucha dulzura

853.0 2092.0 592.0 59.0 se puede llamar, se puede llamar,

853.0 2122.0 664.0 81.0 no «la suegra», pues hace ordinario...

1022.0 2168.0 267.0 55.0 sino mi mamá.

848.0 2193.0 474.0 61.0 Milagro sérá, milagro será,

851.0 2234.0 500.0 70.0 sí al pasar unos dias no diga

1033.0 2274.0 276.0 68.0 ¡ni mama ni ná!

1166.0 2320.0 77.0 140.0 FIN
