1942 2781
396 222 564 95 Pero yo por ella honrado,

348 275 612 86 me busque, y me dé su lado

341 333 524 81 el que jamas me lo dió;

343 384 605 100 puñaladas; eso no, no, no.

392 477 591 86 Que vaya á ver á mi Madre

336 526 476 81 á la casa de mi Padre,

345 586 525 74 y que se esté quieta allí;

338 632 446 81 bueno; eso si, si, si.

382 711 601 107 Mas que salga con meneos,

329 776 496 79 sin saber en sus paseos

329 836 492 77 si con alguien platicó;

329 880 552 102 latigazo; eso no, no, no.

385 957 545 104 Y que estando á la mesa,

322 1028 476 79 sea amiga, ó corteza,

324 1086 488 72 coma lo que yo comí;

324 1130 645 105 buen provecho; eso si, si, si.

368 1214 599 104 Mas que todo el año quiera

320 1286 561 76 comer cabrito, y ternera,

324 1337 585 78 y que tenga el nombre yo;

315 1388 550 74 cuerno; esto no, no, no,

359 1460 552 104 Que la calze el Zapatero,

313 1531 508 65 y que se lleve el dinero

310 1582 483 75 que para el caso le dí;

310 1633 460 88 bueno; eso si, si, si.

1155 243 550 102 Pero que guarde la pella,

1106 303 487 79 y que se trate con ella,

1113 359 497 74 porque el diablo sopló;

1104 410 561 92 lasnazos; eso no, no, no.

1143 479 624 111 Que las mas Pascuas del año,

1097 549 647 99 aunque á mi bolsa haga daño,

1099 609 476 83 quiera cazuela mongí;

1097 651 450 99 bueno; eso si, si, si.

1141 725 536 116 Mas que se haga zorrita,

1095 806 596 86 y con lo que á mi me quita,

1095 862 529 74 trague mas que gano yo,

1092 913 548 85 valadre; eso no, no, no.

1139 977 656 137 Que pruebe el Sastre el justillo

1090 1061 510 76 por defuera del tontillo,

1090 1107 418 77 sin tocar al puleví;

1085 1149 455 107 bueno; eso si, si, si.

1129 1237 601 97 Mas que venga por ventura

1083 1314 504 74 el Sastron, y su figura,

1085 1360 541 79 y me haga un que sé yo;

1078 1406 601 95 trabucazo; eso no, no, no.

1118 1499 469 81 Mira bien la satirilla,

1069 1559 518 77 no dejen tener calzones,

1064 1601 571 86 darles buenos coscorrones,

1064 1659 504 76 quebrarles una costilla.

426 1860 1230 137 Barcelona: En la Imprenta de los Herederos de Juan Jolis,

793 1939 510 88 en la calle de Cotoners.
