1912 2754
589 911 661 172 FOLIAS

195 1039 1450 124 PARA CANTAR Á LAS DAMAS, DANDOLES

307 1117 1203 122 noticia de los amores sus Enamorados, con todo lo

537 1191 759 94 demas que verá el curioso Letor.

172 1326 624 126 EScuchad Deydad querida,

284 1397 478 76 si acaso no te molesto,

167 1448 471 71 oirás del corazon mio

165 1487 592 87 las ansias, y los tormentos.

220 1574 530 103 Aqui he venido à cantar,

165 1631 507 87 y á explicarte mi dolor,

172 1693 500 78 porque te duelas de mi,

165 1741 399 76 y cese tanto rigor.

215 1826 579 101 Desde aquella vez primera,

158 1884 569 89 que en tu presencia me ví,

160 1936 546 83 el corazon, vida, y alma

156 1980 482 87 à tu obediencia rendí.

211 2076 440 88 Pero si yo me rendí,

153 2129 514 85 no es fuerza mi lealtad;

160 2189 595 80 pues solo con tu hermosura

156 2239 470 156 arrastras mi voluntad.

950 1358 700 90 Mas no es mucho que me arrastre

931 1420 544 71 lo hermoso de tu beldad,

929 1466 535 69 si de Cupido has tomado

927 1510 489 75 las flechas para matar.

970 1606 512 90 Esto no puedo negarlo,

925 1661 470 78 testigo es mi corazon,

922 1721 544 64 que aqui lo tienes herido

902 1760 509 87 con saetas de tu amor.

968 1856 581 90 Tu amor me tiene rendido,

922 1911 432 71 y no puedo sosegar,

915 1959 524 81 el suspirar me da alivio,

920 2012 503 87 mas no puedo suspirar.

968 2102 553 85 Suspiros, porque quereys

915 2155 503 84 salir del corazon triste,

915 2214 579 81 si sabeis que à donde vays,

918 2269 498 145 para jamas os reciben?

1469 2320 121 170 Due-
