877 1240
815.0 32.0 37.0 58.0 39.

115.0 55.0 352.0 40.0 « Celebre ya mi lira esa hermosura:

97.0 83.0 292.0 28.0 « Celebre de bondad ese tesoro:

91.0 104.0 376.0 37.0 « Mas nunca, ay! apesar de mi amargura

97.0 132.0 370.0 45.0 « Mis trobas la revelen que la adoro !»

86.0 159.0 371.0 46.0 . . . . . . . . . . . .

481.0 55.0 276.0 35.0 . . . . . . . . . . . .

476.0 73.0 273.0 43.0 Asi dijo frenético el amante

476.0 105.0 376.0 38.0 Y un arpejio se oyó de su instrumento

476.0 132.0 388.0 39.0 Al que nuicra despues de un corto instante

475.0 156.0 346.0 45.0 El joven Trovador su ronco acento.

460.0 193.0 24.0 51.0 II.

410.0 244.0 119.0 49.0 (CANCION.)

99.0 277.0 373.0 46.0 —« Niña hermosa que duermes tranquila

94.0 316.0 361.0 37.0 «Ay! dispierta un momento y atiende

93.0 341.0 329.0 31.0 «A la voz del mortal que pretende,

92.0 360.0 325.0 35.0 « Que le admitas por tu Trovador.

114.0 383.0 315.0 39.0 «No desoigas mi súplica humilde;

88.0 407.0 382.0 45.0 ¿Que aunque el pecho no libre respira,

89.0 437.0 307.0 32.0 «Solo anhelo cantar con mi lira

86.0 458.0 322.0 43.0 «Tu hermosura, virtud y candor.

107.0 494.0 328.0 50.0 «En buenhora ambicionen serviles

87.0 531.0 328.0 37.0 «El favor obtener de un magnate:

89.0 553.0 283.0 34.0 «Yo tan solo, demócrata vate

86.0 582.0 297.0 54.0 «Ambiciono á una bella cantar.

475.0 277.0 386.0 50.0 «Y dó an Pueblo hay que impávido luche

474.0 321.0 340.0 33.0 «Con las hordas del vil despotismo,

478.0 342.0 320.0 35.0 «Yo ambiciono cantar asi mismo,

479.0 368.0 305.0 38.0 «A ese Pueblo y á su Libertad!

494.0 412.0 347.0 42.0 «Largo tiempo hermosisima ELISA

480.0 441.0 341.0 34.0 «A los dos la amistad nos hermana:

477.0 460.0 313.0 40.0 « De mi afecto pues solo dimana

474.0 489.0 297.0 35.0 « Que pretenda cantar para tí :

491.0 516.0 364.0 33.0 « Ali! no, hermosa ¡la gloria me niegues

473.0 541.0 368.0 34.0 «Eu tu loor de entonar mis canciones:

473.0 564.0 337.0 34.0 «Goce el alma en dulces emociones

473.0 583.0 331.0 53.0 «Escuchando de ti, un dulce SÍ!»

449.0 633.0 43.0 44.0 III.

118.0 662.0 297.0 46.0 — Aquí exhalando un suspiro

114.0 692.0 220.0 36.0 Cesaron del Trovador,

113.0 711.0 226.0 39.0 Los arpejios de su lira

113.0 737.0 223.0 39.0 Y el sonido de su voz:

113.0 760.0 200.0 35.0 Del eco fiel repetido

112.0 786.0 239.0 35.0 Un dulce SÍ ! se escuchó

111.0 810.0 302.0 46.0 Que entre los pliegues del aura

114.0 837.0 242.0 39.0 Rápido azás se estinguió!

111.0 866.0 281.0 34.0 . . . . . . . . . . .

136.0 888.0 214.0 34.0 En la ventana elevada

113.0 905.0 229.0 41.0 Fija su vista el Cantor,

115.0 936.0 234.0 34.0 Y en el jirar de sus ojos

111.0 956.0 240.0 41.0 Nótase el tormento atroz

110.0 981.0 212.0 49.0 De la duda y el deseo

507.0 664.0 236.0 43.0 Que abriga su corazon;

509.0 697.0 271.0 35.0 Cuando en ella con sorpresa

508.0 721.0 190.0 34.0 ELISA se presentó,

507.0 745.0 259.0 32.0 En blanco cendal envuelta

507.0 772.0 225.0 30.0 Cual celeste aparicion :

536.0 790.0 274.0 39.0 Mas hermosa es que la Luna

508.0 820.0 225.0 34.0 Pues eclipsan su fulgor

505.0 841.0 250.0 36.0 Los hechizos de su rostro

507.0 865.0 266.0 36.0 Que imájen viva es del Sol.

529.0 888.0 235.0 43.0 Al salir entre el silencio

505.0 912.0 217.0 37.0 Su dulce voz resonó...

505.0 942.0 246.0 31.0 Esa voz grata y sublime

505.0 967.0 245.0 42.0 Que embriaga el corazon !

411.0 1015.0 110.0 61.0 (CANTO.)

74.0 1062.0 366.0 46.0 —«Porque ajitado asi, Cantor, tu pecho

72.0 1097.0 352.0 41.0 «De mi cariño duda y cruel suspira,

76.0 1123.0 331.0 42.0 «Sabiendo que me place de tu lira

75.0 1144.0 305.0 53.0 «Escuchar el armónico rumer?

450.0 1067.0 400.0 50.0 «Calma ..calma ese afan, que el blando lecho

455.0 1102.0 328.0 37.0 «Yo dejaré gozosa en un momento,

452.0 1129.0 339.0 33.0 «Al oir de tu voz el gralo acento,

454.0 1149.0 374.0 56.0 «Que es digno de un sublime Trovador!»
