1753 2480
1538.0 16.0 74.0 141.0 107

177.0 1209.0 1139.0 148.0 83. LO PINXO DE PLATXA.

467.0 1366.0 64.0 84.0 I.

241.0 1438.0 341.0 68.0 Una vida regalada

206.0 1485.0 519.0 73.0 Com la que passo, fills meus,

206.0 1531.0 469.0 64.0 No la tenen los marquesos,

210.0 1574.0 608.0 69.0 Ni'ls mes richs, ni 'ls bons hereus:

204.0 1614.0 476.0 64.0 Aixó si, ni tingut broncas,

206.0 1653.0 465.0 64.0 No m' han surtit totas bé,

204.0 1692.0 525.0 79.0 Poro he picat mes mandongus

208.0 1740.0 354.0 68.0 Que soles un sabaté.

279.0 1775.0 401.0 58.0 Desgraciat es l' homa

283.0 1816.0 407.0 62.0 Que ab mi se embolica.

281.0 1853.0 339.0 58.0 No se n' ha adonat

274.0 1895.0 408.0 66.0 Que aquet poll li pica;

279.0 1932.0 363.0 60.0 De pinxo mes terne

281.0 1971.0 425.0 72.0 No n' ha agut ni haurá,

283.0 2012.0 395.0 83.0 Puch di que 'l beseju

283.0 2052.0 287.0 95.0 Al que me la fá:

1242.0 1390.0 60.0 75.0 II.

1027.0 1452.0 531.0 98.0 Vaitx quedá sens pare y mare,

990.0 1498.0 374.0 66.0 Lo meu negosi ba sé

983.0 1543.0 507.0 64.0 Majordom de traurer barcas

988.0 1587.0 442.0 62.0 Yescribent del bon papé.

981.0 1622.0 528.0 68.0 Y fenme ab las millós plomas

983.0 1667.0 466.0 56.0 Que corren per aquet plá,

983.0 1707.0 468.0 55.0 Crech jo que de aquet ofici

979.0 1744.0 480.0 70.0 Cap mes com jo an surtirá.

1056.0 1787.0 345.0 60.0 Jo soch una ploma

1056.0 1826.0 260.0 62.0 De pavo reyal,

1056.0 1864.0 339.0 64.0 Pero tinch un geni

1054.0 1901.0 399.0 68.0 Que á ningù faix mal;

1058.0 1946.0 401.0 56.0 Pero si algú m' busca

1054.0 1986.0 312.0 60.0 Y m' rihi enfadá,

1052.0 2019.0 378.0 70.0 Li ensenyo la estella

1052.0 2077.0 392.0 90.0 Y may mes menja pá.
