<?xml version="1.0" encoding="UTF-8"?>
<alto xmlns:xsi="http://www.w3.org/2001/XMLSchema-instance"
      xmlns="http://www.loc.gov/standards/alto/ns-v4#"
      xsi:schemaLocation="http://www.loc.gov/standards/alto/ns-v4# http://www.loc.gov/standards/alto/v4/alto-4-2.xsd">
  <Description>
    <MeasurementUnit>pixel</MeasurementUnit>
    <sourceImageInformation>
      <fileName>Varios_233_1.jpg</fileName>
      
    </sourceImageInformation>
  </Description>
  
  <Tags>
    <OtherTag ID="BT221" LABEL="CustomZone:impresorNum" DESCRIPTION="block type CustomZone:impresorNum"/><OtherTag ID="BT222" LABEL="CustomZone:numero_pliego" DESCRIPTION="block type CustomZone:numero_pliego"/><OtherTag ID="BT223" LABEL="CustomZone:title" DESCRIPTION="block type CustomZone:title"/><OtherTag ID="BT224" LABEL="GraphicZone:illustration" DESCRIPTION="block type GraphicZone:illustration"/><OtherTag ID="BT225" LABEL="GraphicZone:ornamentation" DESCRIPTION="block type GraphicZone:ornamentation"/><OtherTag ID="BT226" LABEL="MainZone" DESCRIPTION="block type MainZone"/><OtherTag ID="BT227" LABEL="MainZone:columns" DESCRIPTION="block type MainZone:columns"/><OtherTag ID="BT228" LABEL="MarginTextZone:colophon" DESCRIPTION="block type MarginTextZone:colophon"/><OtherTag ID="BT229" LABEL="MarginTextZone:note" DESCRIPTION="block type MarginTextZone:note"/><OtherTag ID="BT230" LABEL="MusicZone" DESCRIPTION="block type MusicZone"/><OtherTag ID="BT231" LABEL="NumberingZone:page" DESCRIPTION="block type NumberingZone:page"/><OtherTag ID="BT232" LABEL="QuireMarksZone:catchwords" DESCRIPTION="block type QuireMarksZone:catchwords"/><OtherTag ID="BT233" LABEL="QuireMarksZone:signature" DESCRIPTION="block type QuireMarksZone:signature"/><OtherTag ID="BT234" LABEL="RunningTitleZone" DESCRIPTION="block type RunningTitleZone"/>
    <OtherTag ID="LT81" LABEL="CustomLine:propriedad" DESCRIPTION="line type CustomLine:propriedad"/><OtherTag ID="LT82" LABEL="CustomLine:trailer" DESCRIPTION="line type CustomLine:trailer"/><OtherTag ID="LT83" LABEL="DefaultLine" DESCRIPTION="line type DefaultLine"/><OtherTag ID="LT84" LABEL="HeadingLine" DESCRIPTION="line type HeadingLine"/>
  </Tags>
  
  <Layout>
    <Page WIDTH="1860"
          HEIGHT="2629"
          PHYSICAL_IMG_NR="90"
          ID="eSc_dummypage_">
      <PrintSpace HPOS="0"
                  VPOS="0"
                  WIDTH="1860"
                  HEIGHT="2629">
        
        <TextBlock HPOS="153.0"
                   VPOS="866.0"
                   WIDTH="1435.0"
                   HEIGHT="382.0"
                   ID="block_0"
                   TAGREFS="BT223">
          <Shape><Polygon POINTS="1588 866 1588 1248 153 1248 153 866"/></Shape>
          
          
          <TextLine ID="eSc_line_709e480e"
                    TAGREFS="LT84"
                    BASELINE="197 1101 1083 1108 1191 1110 1546 1106" 
                    HPOS="193.0"
                    VPOS="880.0"
                    WIDTH="1351.0"
                    HEIGHT="274.0">
            <Shape><Polygon POINTS="195 1099 193 1143 326 1147 329 1147 331 1147 333 1147 333 1145 337 1143 346 1132 438 1121 548 1121 565 1139 574 1145 574 1147 576 1147 579 1147 647 1150 649 1152 754 1152 754 1150 756 1150 785 1137 804 1128 837 1137 870 1143 872 1143 875 1143 877 1143 890 1134 901 1128 1160 1126 1166 1132 1184 1145 1184 1147 1186 1147 1188 1147 1191 1147 1294 1130 1298 1130 1340 1152 1342 1152 1344 1154 1458 1154 1458 1152 1460 1152 1462 1152 1493 1128 1541 1128 1544 1104 1539 920 1462 920 1460 917 1405 893 1403 893 1401 893 1399 893 1397 893 1381 904 1351 885 1348 885 1346 885 1344 885 1223 900 1149 885 1147 885 1144 885 1142 885 1107 911 1105 913 1101 911 1037 882 1035 882 1033 882 934 893 932 893 930 893 910 907 905 911 901 907 875 893 872 893 870 893 820 896 818 896 815 896 815 898 807 907 796 915 732 904 594 880 592 880 462 900 425 904 320 898 289 896 287 896 285 896 282 896 282 898 267 911 195 896 195 1099"/></Shape>
	    <String CONTENT="LA GRAN-VIA."
                    HPOS="193.0"
                    VPOS="880.0"
                    WIDTH="1351.0"
                    HEIGHT="274.0"></String>
          </TextLine>

          
          
          <TextLine ID="eSc_line_908af15c"
                    TAGREFS="LT84"
                    BASELINE="668 1226 1071 1229" 
                    HPOS="668.0"
                    VPOS="1156.0"
                    WIDTH="397.0"
                    HEIGHT="99.0">
            <Shape><Polygon POINTS="668 1255 1065 1244 1065 1226 1063 1169 842 1174 826 1169 796 1156 794 1156 730 1156 728 1156 726 1156 723 1156 710 1169 701 1174 668 1169 668 1226"/></Shape>
	    <String CONTENT="AMERICANA"
                    HPOS="668.0"
                    VPOS="1156.0"
                    WIDTH="397.0"
                    HEIGHT="99.0"></String>
          </TextLine>

          
        </TextBlock>
        
        <TextBlock HPOS="57.0"
                   VPOS="1258.0"
                   WIDTH="776.0"
                   HEIGHT="1308.0"
                   ID="block_2"
                   TAGREFS="BT227">
          <Shape><Polygon POINTS="833 1258 833 2566 57 2566 57 1258"/></Shape>
          
          
          <TextLine ID="eSc_line_1fe8e70a"
                    TAGREFS="LT83"
                    BASELINE="447 1314 482 1310" 
                    HPOS="443.0"
                    VPOS="1281.0"
                    WIDTH="39.0"
                    HEIGHT="42.0">
            <Shape><Polygon POINTS="464 1290 443 1281 447 1314 447 1323 482 1323 482 1310 478 1292 464 1290"/></Shape>
	    <String CONTENT="I."
                    HPOS="443.0"
                    VPOS="1281.0"
                    WIDTH="39.0"
                    HEIGHT="42.0"></String>
          </TextLine>

          
          
          <TextLine ID="eSc_line_70b21b1c"
                    TAGREFS="LT83"
                    BASELINE="125 1349 780 1345" 
                    HPOS="122.0"
                    VPOS="1310.0"
                    WIDTH="658.0"
                    HEIGHT="68.0">
            <Shape><Polygon POINTS="758 1321 736 1321 715 1318 693 1318 671 1318 649 1316 627 1316 605 1316 583 1314 561 1314 539 1314 526 1310 475 1310 473 1312 451 1314 447 1310 350 1310 342 1314 320 1314 298 1314 276 1316 254 1316 232 1316 210 1318 188 1318 166 1318 144 1318 122 1321 125 1349 125 1362 160 1375 162 1375 164 1378 432 1378 432 1375 434 1375 471 1362 763 1373 765 1373 767 1373 769 1373 769 1371 780 1358 780 1345 767 1325 758 1321"/></Shape>
	    <String CONTENT="Pobre chica la que tiene que servir"
                    HPOS="122.0"
                    VPOS="1310.0"
                    WIDTH="658.0"
                    HEIGHT="68.0"></String>
          </TextLine>

          
          
          <TextLine ID="eSc_line_a6fa6f14"
                    TAGREFS="LT83"
                    BASELINE="83 1391 728 1386" 
                    HPOS="81.0"
                    VPOS="1356.0"
                    WIDTH="647.0"
                    HEIGHT="65.0">
            <Shape><Polygon POINTS="83 1391 83 1404 219 1417 221 1417 307 1408 322 1419 324 1419 326 1419 329 1419 410 1404 414 1404 421 1404 682 1421 684 1421 686 1421 728 1402 728 1386 721 1356 81 1356 83 1391"/></Shape>
	    <String CONTENT="Más valiera que se llegase á morir"
                    HPOS="81.0"
                    VPOS="1356.0"
                    WIDTH="647.0"
                    HEIGHT="65.0"></String>
          </TextLine>

          
          
          <TextLine ID="eSc_line_880f624d"
                    TAGREFS="LT83"
                    BASELINE="85 1430 552 1426" 
                    HPOS="83.0"
                    VPOS="1391.0"
                    WIDTH="469.0"
                    HEIGHT="54.0">
            <Shape><Polygon POINTS="85 1430 85 1445 550 1441 552 1426 546 1391 83 1393 85 1430"/></Shape>
	    <String CONTENT="Porque si es que no sabe"
                    HPOS="83.0"
                    VPOS="1391.0"
                    WIDTH="469.0"
                    HEIGHT="54.0"></String>
          </TextLine>

          
          
          <TextLine ID="eSc_line_2e872041"
                    TAGREFS="LT83"
                    BASELINE="85 1472 590 1467" 
                    HPOS="83.0"
                    VPOS="1426.0"
                    WIDTH="507.0"
                    HEIGHT="61.0">
            <Shape><Polygon POINTS="543 1428 522 1428 500 1428 478 1428 456 1428 434 1428 412 1428 390 1428 368 1428 346 1428 331 1428 322 1428 302 1430 280 1430 258 1430 236 1430 214 1430 193 1430 171 1430 149 1430 127 1430 105 1430 83 1430 85 1472 85 1487 587 1487 590 1467 583 1426 543 1426 543 1428"/></Shape>
	    <String CONTENT="Por las mañanas brujulear"
                    HPOS="83.0"
                    VPOS="1426.0"
                    WIDTH="507.0"
                    HEIGHT="61.0"></String>
          </TextLine>

          
          
          <TextLine ID="eSc_line_ea82f88b"
                    TAGREFS="LT83"
                    BASELINE="85 1511 502 1511" 
                    HPOS="85.0"
                    VPOS="1472.0"
                    WIDTH="417.0"
                    HEIGHT="55.0">
            <Shape><Polygon POINTS="85 1511 85 1527 502 1527 502 1511 502 1481 85 1472 85 1511"/></Shape>
	    <String CONTENT="Aunque mil años viva"
                    HPOS="85.0"
                    VPOS="1472.0"
                    WIDTH="417.0"
                    HEIGHT="55.0"></String>
          </TextLine>

          
          
          <TextLine ID="eSc_line_10b7669b"
                    TAGREFS="LT83"
                    BASELINE="81 1553 594 1548" 
                    HPOS="78.0"
                    VPOS="1505.0"
                    WIDTH="516.0"
                    HEIGHT="85.0">
            <Shape><Polygon POINTS="495 1513 473 1513 451 1513 429 1513 407 1513 386 1513 364 1513 342 1513 320 1513 298 1513 276 1513 254 1513 245 1513 78 1516 81 1553 81 1568 175 1579 177 1579 223 1575 285 1568 346 1579 392 1588 394 1588 397 1588 399 1588 399 1586 403 1581 421 1566 456 1566 486 1586 489 1588 491 1588 493 1588 495 1590 592 1590 594 1548 587 1505 497 1507 495 1513"/></Shape>
	    <String CONTENT="Su paradero es el Hespital."
                    HPOS="78.0"
                    VPOS="1505.0"
                    WIDTH="516.0"
                    HEIGHT="85.0"></String>
          </TextLine>

          
          
          <TextLine ID="eSc_line_d1825317"
                    TAGREFS="LT83"
                    BASELINE="438 1594 486 1594" 
                    HPOS="438.0"
                    VPOS="1553.0"
                    WIDTH="48.0"
                    HEIGHT="57.0">
            <Shape><Polygon POINTS="438 1594 438 1610 486 1605 486 1594 486 1553 438 1553 438 1594"/></Shape>
	    <String CONTENT="II."
                    HPOS="438.0"
                    VPOS="1553.0"
                    WIDTH="48.0"
                    HEIGHT="57.0"></String>
          </TextLine>

          
          
          <TextLine ID="eSc_line_bd410f47"
                    TAGREFS="LT83"
                    BASELINE="118 1629 506 1625" 
                    HPOS="116.0"
                    VPOS="1579.0"
                    WIDTH="390.0"
                    HEIGHT="68.0">
            <Shape><Polygon POINTS="467 1597 445 1597 443 1590 443 1592 410 1586 370 1579 368 1579 287 1592 267 1594 265 1592 254 1583 254 1581 252 1581 250 1581 197 1581 195 1581 193 1581 162 1594 140 1583 138 1583 135 1583 133 1583 131 1583 116 1592 118 1629 118 1647 504 1645 506 1625 500 1583 469 1588 467 1597"/></Shape>
	    <String CONTENT="Cuando yo vine aquí"
                    HPOS="116.0"
                    VPOS="1579.0"
                    WIDTH="390.0"
                    HEIGHT="68.0"></String>
          </TextLine>

          
          
          <TextLine ID="eSc_line_d8323637"
                    TAGREFS="LT83"
                    BASELINE="83 1671 671 1671" 
                    HPOS="83.0"
                    VPOS="1627.0"
                    WIDTH="588.0"
                    HEIGHT="81.0">
            <Shape><Polygon POINTS="664 1627 587 1638 421 1627 418 1627 416 1627 414 1627 348 1638 326 1627 324 1627 315 1627 304 1640 120 1640 85 1627 83 1671 83 1689 160 1704 162 1704 164 1704 166 1704 166 1702 177 1693 179 1689 291 1689 307 1697 315 1702 318 1702 320 1702 322 1702 324 1702 337 1697 370 1686 434 1697 436 1697 519 1686 537 1704 539 1704 539 1706 541 1706 543 1706 546 1708 671 1708 671 1671 668 1627 664 1627"/></Shape>
	    <String CONTENT="Lo primero que al pelo aprendí"
                    HPOS="83.0"
                    VPOS="1627.0"
                    WIDTH="588.0"
                    HEIGHT="81.0"></String>
          </TextLine>

          
          
          <TextLine ID="eSc_line_12fd9c0b"
                    TAGREFS="LT83"
                    BASELINE="83 1715 511 1711" 
                    HPOS="81.0"
                    VPOS="1678.0"
                    WIDTH="430.0"
                    HEIGHT="54.0">
            <Shape><Polygon POINTS="83 1715 83 1728 506 1732 511 1711 504 1678 81 1678 83 1715"/></Shape>
	    <String CONTENT="Fué á fregar, á barrer,"
                    HPOS="81.0"
                    VPOS="1678.0"
                    WIDTH="430.0"
                    HEIGHT="54.0"></String>
          </TextLine>

          
          
          <TextLine ID="eSc_line_522012d5"
                    TAGREFS="LT83"
                    BASELINE="83 1754 686 1748" 
                    HPOS="81.0"
                    VPOS="1715.0"
                    WIDTH="605.0"
                    HEIGHT="55.0">
            <Shape><Polygon POINTS="83 1754 83 1770 686 1770 686 1748 679 1715 81 1719 83 1754"/></Shape>
	    <String CONTENT="A guisar, á planchar, y á coser;"
                    HPOS="81.0"
                    VPOS="1715.0"
                    WIDTH="605.0"
                    HEIGHT="55.0"></String>
          </TextLine>

          
          
          <TextLine ID="eSc_line_af81af25"
                    TAGREFS="LT83"
                    BASELINE="83 1794 614 1794" 
                    HPOS="83.0"
                    VPOS="1759.0"
                    WIDTH="531.0"
                    HEIGHT="65.0">
            <Shape><Polygon POINTS="83 1794 83 1807 142 1818 144 1818 146 1818 166 1811 182 1805 311 1805 326 1816 331 1820 333 1820 335 1820 337 1820 339 1820 353 1816 388 1805 423 1818 425 1818 427 1818 429 1818 434 1818 502 1805 532 1820 535 1822 537 1822 539 1824 614 1824 614 1794 614 1761 83 1759 83 1794"/></Shape>
	    <String CONTENT="Pero viendo que estas cosas"
                    HPOS="83.0"
                    VPOS="1759.0"
                    WIDTH="531.0"
                    HEIGHT="65.0"></String>
          </TextLine>

          
          
          <TextLine ID="eSc_line_47c56252"
                    TAGREFS="LT83"
                    BASELINE="83 1835 543 1831" 
                    HPOS="81.0"
                    VPOS="1798.0"
                    WIDTH="462.0"
                    HEIGHT="51.0">
            <Shape><Polygon POINTS="83 1835 83 1849 541 1844 543 1831 539 1798 81 1798 83 1835"/></Shape>
	    <String CONTENT="No me hacian prosperar,"
                    HPOS="81.0"
                    VPOS="1798.0"
                    WIDTH="462.0"
                    HEIGHT="51.0"></String>
          </TextLine>

          
          
          <TextLine ID="eSc_line_1da38627"
                    TAGREFS="LT83"
                    BASELINE="81 1875 587 1866" 
                    HPOS="78.0"
                    VPOS="1824.0"
                    WIDTH="509.0"
                    HEIGHT="66.0">
            <Shape><Polygon POINTS="539 1833 517 1833 495 1833 473 1833 451 1833 429 1833 407 1833 386 1833 364 1833 342 1833 320 1833 298 1835 276 1835 254 1835 232 1835 219 1835 78 1838 81 1875 81 1890 585 1881 587 1866 581 1824 543 1824 539 1833"/></Shape>
	    <String CONTENT="Consulté con mi conciencia"
                    HPOS="78.0"
                    VPOS="1824.0"
                    WIDTH="509.0"
                    HEIGHT="66.0"></String>
          </TextLine>

          
          
          <TextLine ID="eSc_line_57e0fbfe"
                    TAGREFS="LT83"
                    BASELINE="83 1919 758 1912" 
                    HPOS="81.0"
                    VPOS="1873.0"
                    WIDTH="677.0"
                    HEIGHT="85.0">
            <Shape><Polygon POINTS="747 1873 193 1873 190 1875 168 1875 146 1875 125 1875 103 1875 81 1875 83 1919 83 1932 298 1947 300 1947 302 1947 304 1947 304 1945 307 1945 311 1941 318 1932 372 1932 403 1943 416 1947 418 1947 421 1947 423 1947 425 1947 425 1945 429 1943 440 1932 471 1932 484 1945 489 1949 500 1949 504 1958 758 1952 758 1912 752 1875 747 1873"/></Shape>
	    <String CONTENT="Y al punto me dijo, aprende á sisar."
                    HPOS="81.0"
                    VPOS="1873.0"
                    WIDTH="677.0"
                    HEIGHT="85.0"></String>
          </TextLine>

          
          
          <TextLine ID="eSc_line_e141628f"
                    TAGREFS="LT83"
                    BASELINE="432 1956 504 1952" 
                    HPOS="427.0"
                    VPOS="1916.0"
                    WIDTH="77.0"
                    HEIGHT="51.0">
            <Shape><Polygon POINTS="493 1916 471 1916 449 1916 427 1916 432 1956 432 1967 502 1962 504 1952 497 1916 493 1916"/></Shape>
	    <String CONTENT="III."
                    HPOS="427.0"
                    VPOS="1916.0"
                    WIDTH="77.0"
                    HEIGHT="51.0"></String>
          </TextLine>

          
          
          <TextLine ID="eSc_line_5980d006"
                    TAGREFS="LT83"
                    BASELINE="116 1993 833 1998" 
                    HPOS="111.0"
                    VPOS="1936.0"
                    WIDTH="720.0"
                    HEIGHT="81.0">
            <Shape><Polygon POINTS="486 1952 465 1954 443 1954 436 1945 412 1941 388 1938 386 1938 383 1938 381 1938 379 1941 366 1952 173 1952 116 1936 114 1991 111 2006 280 2015 282 2015 337 2011 418 2004 432 2013 434 2015 436 2015 438 2015 440 2015 460 2013 502 2006 576 2015 607 2017 609 2017 629 2015 693 2006 826 2017 831 1995 831 1952 741 1941 739 1941 642 1947 557 1952 543 1945 535 1941 532 1941 530 1941 513 1943 486 1947 486 1952"/></Shape>
	    <String CONTENT="Sali tan mañosa que al cabo de un año"
                    HPOS="111.0"
                    VPOS="1936.0"
                    WIDTH="720.0"
                    HEIGHT="81.0"></String>
          </TextLine>

          
          
          <TextLine ID="eSc_line_7a44df8a"
                    TAGREFS="LT83"
                    BASELINE="81 2033 699 2033" 
                    HPOS="81.0"
                    VPOS="2000.0"
                    WIDTH="618.0"
                    HEIGHT="50.0">
            <Shape><Polygon POINTS="81 2033 81 2046 697 2050 699 2033 699 2000 81 2000 81 2033"/></Shape>
	    <String CONTENT="Tenia seis trajes de seda y saten;"
                    HPOS="81.0"
                    VPOS="2000.0"
                    WIDTH="618.0"
                    HEIGHT="50.0"></String>
          </TextLine>

          
          
          <TextLine ID="eSc_line_38a587ba"
                    TAGREFS="LT83"
                    BASELINE="81 2076 811 2070" 
                    HPOS="78.0"
                    VPOS="2030.0"
                    WIDTH="733.0"
                    HEIGHT="75.0">
            <Shape><Polygon POINTS="693 2035 671 2035 649 2035 627 2035 605 2035 583 2035 561 2035 539 2035 517 2035 513 2035 78 2039 81 2076 81 2085 243 2101 245 2101 247 2101 285 2092 304 2087 638 2087 671 2101 682 2105 684 2105 686 2105 811 2103 811 2070 804 2030 693 2030 693 2035"/></Shape>
	    <String CONTENT="A nada que ustedes, discurran un poco,"
                    HPOS="78.0"
                    VPOS="2030.0"
                    WIDTH="733.0"
                    HEIGHT="75.0"></String>
          </TextLine>

          
          
          <TextLine ID="eSc_line_101f042d"
                    TAGREFS="LT83"
                    BASELINE="85 2111 693 2114" 
                    HPOS="83.0"
                    VPOS="2074.0"
                    WIDTH="610.0"
                    HEIGHT="57.0">
            <Shape><Polygon POINTS="524 2074 502 2074 480 2074 458 2074 436 2074 414 2074 392 2074 370 2074 348 2074 326 2074 304 2076 282 2076 261 2076 239 2076 217 2076 195 2076 173 2076 151 2076 129 2076 107 2076 85 2076 85 2111 83 2125 688 2131 693 2114 690 2074 546 2074 524 2074"/></Shape>
	    <String CONTENT="Ya han adivinao ó se han figurao"
                    HPOS="83.0"
                    VPOS="2074.0"
                    WIDTH="610.0"
                    HEIGHT="57.0"></String>
          </TextLine>

          
          
          <TextLine ID="eSc_line_12c3ba33"
                    TAGREFS="LT83"
                    BASELINE="76 2157 750 2153" 
                    HPOS="74.0"
                    VPOS="2111.0"
                    WIDTH="676.0"
                    HEIGHT="88.0">
            <Shape><Polygon POINTS="688 2114 666 2114 644 2114 622 2114 600 2114 579 2114 574 2114 74 2118 76 2157 76 2171 221 2171 230 2177 239 2184 239 2186 241 2186 243 2186 245 2186 247 2186 250 2186 258 2179 269 2173 326 2173 353 2182 394 2199 397 2199 399 2199 401 2199 403 2199 403 2197 416 2186 432 2168 497 2168 537 2190 548 2197 550 2197 552 2197 554 2199 747 2199 750 2153 743 2111 688 2111 688 2114"/></Shape>
	    <String CONTENT="De donde saldria para ello el parné."
                    HPOS="74.0"
                    VPOS="2111.0"
                    WIDTH="676.0"
                    HEIGHT="88.0"></String>
          </TextLine>

          
          
          <TextLine ID="eSc_line_f6c6c518"
                    TAGREFS="LT83"
                    BASELINE="434 2197 502 2197" 
                    HPOS="434.0"
                    VPOS="2155.0"
                    WIDTH="68.0"
                    HEIGHT="55.0">
            <Shape><Polygon POINTS="500 2155 478 2155 456 2155 434 2155 434 2197 434 2210 502 2208 502 2197 500 2155 500 2155"/></Shape>
	    <String CONTENT="IV."
                    HPOS="434.0"
                    VPOS="2155.0"
                    WIDTH="68.0"
                    HEIGHT="55.0"></String>
          </TextLine>

          
          
          <TextLine ID="eSc_line_69b6d978"
                    TAGREFS="LT83"
                    BASELINE="120 2234 818 2234" 
                    HPOS="120.0"
                    VPOS="2186.0"
                    WIDTH="698.0"
                    HEIGHT="81.0">
            <Shape><Polygon POINTS="493 2199 471 2199 449 2199 443 2188 120 2186 120 2234 120 2252 653 2252 815 2267 818 2234 818 2193 497 2188 493 2199"/></Shape>
	    <String CONTENT="Yo iba sola por la mañana á comprar"
                    HPOS="120.0"
                    VPOS="2186.0"
                    WIDTH="698.0"
                    HEIGHT="81.0"></String>
          </TextLine>

          
          
          <TextLine ID="eSc_line_9f5ecb91"
                    TAGREFS="LT83"
                    BASELINE="76 2276 721 2276" 
                    HPOS="76.0"
                    VPOS="2239.0"
                    WIDTH="645.0"
                    HEIGHT="59.0">
            <Shape><Polygon POINTS="76 2276 76 2298 721 2293 721 2276 719 2239 76 2239 76 2276"/></Shape>
	    <String CONTENT="y me daban tres duros para pagar;"
                    HPOS="76.0"
                    VPOS="2239.0"
                    WIDTH="645.0"
                    HEIGHT="59.0"></String>
          </TextLine>

          
          
          <TextLine ID="eSc_line_c4bcdb8e"
                    TAGREFS="LT83"
                    BASELINE="78 2317 734 2317" 
                    HPOS="78.0"
                    VPOS="2285.0"
                    WIDTH="656.0"
                    HEIGHT="54.0">
            <Shape><Polygon POINTS="78 2317 78 2339 734 2339 734 2317 734 2285 78 2285 78 2317"/></Shape>
	    <String CONTENT="y de sesenta reales gastaba treinta,"
                    HPOS="78.0"
                    VPOS="2285.0"
                    WIDTH="656.0"
                    HEIGHT="54.0"></String>
          </TextLine>

          
          
          <TextLine ID="eSc_line_535ae857"
                    TAGREFS="LT83"
                    BASELINE="78 2359 719 2355" 
                    HPOS="76.0"
                    VPOS="2320.0"
                    WIDTH="643.0"
                    HEIGHT="70.0">
            <Shape><Polygon POINTS="78 2359 78 2379 318 2370 329 2379 329 2381 331 2381 333 2381 335 2381 337 2381 339 2381 353 2370 418 2383 421 2383 554 2366 609 2388 616 2390 618 2390 620 2390 719 2388 719 2355 712 2320 76 2322 78 2359"/></Shape>
	    <String CONTENT="poquito mas, y lo que me sobraba"
                    HPOS="76.0"
                    VPOS="2320.0"
                    WIDTH="643.0"
                    HEIGHT="70.0"></String>
          </TextLine>

          
          
          <TextLine ID="eSc_line_7d921ecc"
                    TAGREFS="LT83"
                    BASELINE="78 2398 579 2394" 
                    HPOS="76.0"
                    VPOS="2361.0"
                    WIDTH="503.0"
                    HEIGHT="73.0">
            <Shape><Polygon POINTS="78 2398 78 2420 324 2434 326 2434 379 2429 469 2418 574 2431 579 2394 572 2361 76 2363 78 2398"/></Shape>
	    <String CONTENT="me lo guardaba un melitar."
                    HPOS="76.0"
                    VPOS="2361.0"
                    WIDTH="503.0"
                    HEIGHT="73.0"></String>
          </TextLine>

          
          
          <TextLine ID="eSc_line_dc15616a"
                    TAGREFS="LT83"
                    BASELINE="443 2438 482 2438" 
                    HPOS="443.0"
                    VPOS="2396.0"
                    WIDTH="39.0"
                    HEIGHT="57.0">
            <Shape><Polygon POINTS="443 2396 443 2438 443 2453 482 2453 482 2438 482 2401 456 2396 443 2396"/></Shape>
	    <String CONTENT="V."
                    HPOS="443.0"
                    VPOS="2396.0"
                    WIDTH="39.0"
                    HEIGHT="57.0"></String>
          </TextLine>

          
          
          <TextLine ID="eSc_line_1261856a"
                    TAGREFS="LT83"
                    BASELINE="120 2473 480 2477" 
                    HPOS="118.0"
                    VPOS="2418.0"
                    WIDTH="362.0"
                    HEIGHT="72.0">
            <Shape><Polygon POINTS="471 2440 449 2440 438 2420 438 2420 436 2420 388 2420 386 2420 383 2420 381 2420 361 2436 353 2436 289 2425 287 2425 210 2431 193 2434 190 2431 177 2420 177 2418 175 2418 173 2418 171 2418 120 2429 120 2473 118 2490 478 2490 480 2477 480 2440 471 2440"/></Shape>
	    <String CONTENT="Yo no sé como fué"
                    HPOS="118.0"
                    VPOS="2418.0"
                    WIDTH="362.0"
                    HEIGHT="72.0"></String>
          </TextLine>

          
          
          <TextLine ID="eSc_line_20bed031"
                    TAGREFS="LT83"
                    BASELINE="76 2519 739 2519" 
                    HPOS="76.0"
                    VPOS="2471.0"
                    WIDTH="663.0"
                    HEIGHT="116.0">
            <Shape><Polygon POINTS="734 2501 730 2482 491 2471 489 2471 471 2471 471 2477 449 2477 427 2477 405 2477 326 2482 309 2475 296 2475 280 2475 274 2484 149 2484 76 2471 76 2519 76 2552 329 2554 355 2567 399 2585 401 2585 403 2585 405 2585 432 2574 447 2585 449 2585 451 2585 454 2587 576 2587 576 2585 605 2578 642 2572 736 2585 739 2519 736 2510 734 2501"/></Shape>
	    <String CONTENT="que un domingo despues de comer,"
                    HPOS="76.0"
                    VPOS="2471.0"
                    WIDTH="663.0"
                    HEIGHT="116.0"></String>
          </TextLine>

          
        </TextBlock>
        
        <TextBlock HPOS="833.0"
                   VPOS="1278.0"
                   WIDTH="754.0"
                   HEIGHT="1267.0"
                   ID="block_1"
                   TAGREFS="BT227">
          <Shape><Polygon POINTS="1587 1278 1587 2545 833 2545 833 1278"/></Shape>
          
          
          <TextLine ID="eSc_line_0b18a472"
                    TAGREFS="LT83"
                    BASELINE="875 1310 1232 1305" 
                    HPOS="872.0"
                    VPOS="1279.0"
                    WIDTH="360.0"
                    HEIGHT="53.0">
            <Shape><Polygon POINTS="1223 1279 1201 1279 1180 1279 1158 1279 1136 1279 1114 1279 1092 1279 1070 1279 1048 1279 1026 1279 1004 1279 982 1279 960 1279 938 1279 916 1279 894 1279 872 1279 875 1310 875 1327 1191 1332 1193 1332 1195 1332 1232 1318 1232 1305 1226 1279 1223 1279"/></Shape>
	    <String CONTENT="yo no sé que pasó"
                    HPOS="872.0"
                    VPOS="1279.0"
                    WIDTH="360.0"
                    HEIGHT="53.0"></String>
          </TextLine>

          
          
          <TextLine ID="eSc_line_397c3282"
                    TAGREFS="LT83"
                    BASELINE="879 1351 1449 1347" 
                    HPOS="877.0"
                    VPOS="1316.0"
                    WIDTH="572.0"
                    HEIGHT="51.0">
            <Shape><Polygon POINTS="1425 1323 1403 1316 877 1318 879 1351 879 1367 1449 1364 1449 1347 1445 1340 1425 1323"/></Shape>
	    <String CONTENT="que mi ama á la calle me echó;"
                    HPOS="877.0"
                    VPOS="1316.0"
                    WIDTH="572.0"
                    HEIGHT="51.0"></String>
          </TextLine>

          
          
          <TextLine ID="eSc_line_4e5c0df9"
                    TAGREFS="LT83"
                    BASELINE="879 1386 1351 1393" 
                    HPOS="877.0"
                    VPOS="1351.0"
                    WIDTH="474.0"
                    HEIGHT="55.0">
            <Shape><Polygon POINTS="879 1386 877 1406 1348 1406 1351 1393 1348 1360 879 1351 879 1386"/></Shape>
	    <String CONTENT="pero al darme el señorito"
                    HPOS="877.0"
                    VPOS="1351.0"
                    WIDTH="474.0"
                    HEIGHT="55.0"></String>
          </TextLine>

          
          
          <TextLine ID="eSc_line_9192de55"
                    TAGREFS="LT83"
                    BASELINE="877 1428 1272 1432" 
                    HPOS="875.0"
                    VPOS="1391.0"
                    WIDTH="397.0"
                    HEIGHT="54.0">
            <Shape><Polygon POINTS="1250 1393 1228 1393 1206 1393 1184 1391 1162 1391 1140 1391 1118 1391 1096 1391 1074 1391 1052 1391 877 1391 877 1428 875 1445 1269 1445 1272 1432 1269 1393 1250 1393"/></Shape>
	    <String CONTENT="la cartilla y el parné,"
                    HPOS="875.0"
                    VPOS="1391.0"
                    WIDTH="397.0"
                    HEIGHT="54.0"></String>
          </TextLine>

          
          
          <TextLine ID="eSc_line_660991c3"
                    TAGREFS="LT83"
                    BASELINE="875 1472 1357 1467" 
                    HPOS="872.0"
                    VPOS="1428.0"
                    WIDTH="485.0"
                    HEIGHT="68.0">
            <Shape><Polygon POINTS="1114 1432 1092 1432 1083 1430 1004 1430 1004 1430 982 1430 960 1430 938 1430 916 1430 894 1430 892 1428 890 1428 888 1428 886 1428 883 1428 872 1434 875 1472 875 1496 1357 1489 1357 1467 1353 1437 1120 1432 1114 1432"/></Shape>
	    <String CONTENT="fué y me dijo, por lo bajo:"
                    HPOS="872.0"
                    VPOS="1428.0"
                    WIDTH="485.0"
                    HEIGHT="68.0"></String>
          </TextLine>

          
          
          <TextLine ID="eSc_line_b24d8674"
                    TAGREFS="LT83"
                    BASELINE="875 1509 1248 1513" 
                    HPOS="872.0"
                    VPOS="1476.0"
                    WIDTH="376.0"
                    HEIGHT="53.0">
            <Shape><Polygon POINTS="875 1509 872 1522 1243 1529 1248 1513 1245 1481 875 1476 875 1509"/></Shape>
	    <String CONTENT="te espero en Eslaba"
                    HPOS="872.0"
                    VPOS="1476.0"
                    WIDTH="376.0"
                    HEIGHT="53.0"></String>
          </TextLine>

          
          
          <TextLine ID="eSc_line_33a6c279"
                    TAGREFS="LT83"
                    BASELINE="875 1551 1142 1555" 
                    HPOS="872.0"
                    VPOS="1518.0"
                    WIDTH="270.0"
                    HEIGHT="76.0">
            <Shape><Polygon POINTS="875 1551 872 1562 921 1577 923 1577 925 1577 969 1575 1044 1568 1065 1586 1074 1592 1076 1592 1079 1592 1081 1594 1140 1594 1142 1555 1140 1522 875 1518 875 1551"/></Shape>
	    <String CONTENT="tomando café."
                    HPOS="872.0"
                    VPOS="1518.0"
                    WIDTH="270.0"
                    HEIGHT="76.0"></String>
          </TextLine>

          
          
          <TextLine ID="eSc_line_66bce9bc"
                    TAGREFS="LT83"
                    BASELINE="1234 1590 1294 1590" 
                    HPOS="1234.0"
                    VPOS="1544.0"
                    WIDTH="60.0"
                    HEIGHT="61.0">
            <Shape><Polygon POINTS="1234 1590 1234 1603 1291 1605 1294 1590 1294 1551 1234 1544 1234 1590"/></Shape>
	    <String CONTENT="VI."
                    HPOS="1234.0"
                    VPOS="1544.0"
                    WIDTH="60.0"
                    HEIGHT="61.0"></String>
          </TextLine>

          
          
          <TextLine ID="eSc_line_76b9174c"
                    TAGREFS="LT83"
                    BASELINE="914 1632 1329 1632" 
                    HPOS="914.0"
                    VPOS="1586.0"
                    WIDTH="415.0"
                    HEIGHT="63.0">
            <Shape><Polygon POINTS="914 1632 914 1649 1329 1649 1329 1632 1324 1586 1280 1597 1201 1590 1155 1586 1153 1586 1151 1586 1149 1586 1149 1588 1144 1592 1138 1599 978 1599 971 1599 929 1586 927 1586 925 1586 923 1586 921 1586 921 1588 914 1594 914 1632"/></Shape>
	    <String CONTENT="Despues de este lance"
                    HPOS="914.0"
                    VPOS="1586.0"
                    WIDTH="415.0"
                    HEIGHT="63.0"></String>
          </TextLine>

          
          
          <TextLine ID="eSc_line_eb5a1b4c"
                    TAGREFS="LT83"
                    BASELINE="875 1673 1245 1669" 
                    HPOS="872.0"
                    VPOS="1636.0"
                    WIDTH="373.0"
                    HEIGHT="53.0">
            <Shape><Polygon POINTS="875 1673 875 1689 1243 1684 1245 1669 1239 1636 872 1640 875 1673"/></Shape>
	    <String CONTENT="serví á un boticario"
                    HPOS="872.0"
                    VPOS="1636.0"
                    WIDTH="373.0"
                    HEIGHT="53.0"></String>
          </TextLine>

          
          
          <TextLine ID="eSc_line_b3bf6dfe"
                    TAGREFS="LT83"
                    BASELINE="877 1711 1230 1713" 
                    HPOS="875.0"
                    VPOS="1675.0"
                    WIDTH="355.0"
                    HEIGHT="53.0">
            <Shape><Polygon POINTS="877 1711 875 1728 1228 1726 1230 1713 1226 1675 877 1675 877 1711"/></Shape>
	    <String CONTENT="servi á una señora"
                    HPOS="875.0"
                    VPOS="1675.0"
                    WIDTH="355.0"
                    HEIGHT="53.0"></String>
          </TextLine>

          
          
          <TextLine ID="eSc_line_9d860fee"
                    TAGREFS="LT83"
                    BASELINE="877 1754 1276 1754" 
                    HPOS="877.0"
                    VPOS="1713.0"
                    WIDTH="399.0"
                    HEIGHT="57.0">
            <Shape><Polygon POINTS="877 1754 877 1768 1274 1770 1276 1754 1274 1713 877 1719 877 1754"/></Shape>
	    <String CONTENT="que andaba muy mal."
                    HPOS="877.0"
                    VPOS="1713.0"
                    WIDTH="399.0"
                    HEIGHT="57.0"></String>
          </TextLine>

          
          
          <TextLine ID="eSc_line_d857f617"
                    TAGREFS="LT83"
                    BASELINE="914 1792 1272 1796" 
                    HPOS="912.0"
                    VPOS="1757.0"
                    WIDTH="360.0"
                    HEIGHT="50.0">
            <Shape><Polygon POINTS="1265 1757 1243 1757 1221 1757 1199 1757 1177 1757 1155 1757 1133 1757 1112 1757 1090 1757 1068 1757 1046 1757 1024 1757 1002 1757 980 1757 958 1757 936 1757 914 1757 914 1792 912 1803 1267 1807 1272 1796 1269 1757 1265 1757"/></Shape>
	    <String CONTENT="Me vine á esa casa"
                    HPOS="912.0"
                    VPOS="1757.0"
                    WIDTH="360.0"
                    HEIGHT="50.0"></String>
          </TextLine>

          
          
          <TextLine ID="eSc_line_b15c6972"
                    TAGREFS="LT83"
                    BASELINE="879 1831 1226 1835" 
                    HPOS="877.0"
                    VPOS="1792.0"
                    WIDTH="349.0"
                    HEIGHT="57.0">
            <Shape><Polygon POINTS="1098 1796 1094 1794 993 1794 989 1794 967 1794 945 1794 923 1794 921 1792 879 1792 879 1831 877 1849 1223 1846 1226 1835 1223 1798 1107 1796 1098 1796"/></Shape>
	    <String CONTENT="y allí estoy al pelo"
                    HPOS="877.0"
                    VPOS="1792.0"
                    WIDTH="349.0"
                    HEIGHT="57.0"></String>
          </TextLine>

          
          
          <TextLine ID="eSc_line_5e2d20d5"
                    TAGREFS="LT83"
                    BASELINE="877 1877 1302 1873" 
                    HPOS="875.0"
                    VPOS="1831.0"
                    WIDTH="427.0"
                    HEIGHT="61.0">
            <Shape><Polygon POINTS="1226 1835 1204 1835 1182 1835 1160 1835 1153 1835 875 1842 877 1877 877 1892 1302 1884 1302 1873 1296 1831 1226 1831 1226 1835"/></Shape>
	    <String CONTENT="pues sirvo á un abuelo"
                    HPOS="875.0"
                    VPOS="1831.0"
                    WIDTH="427.0"
                    HEIGHT="61.0"></String>
          </TextLine>

          
          
          <TextLine ID="eSc_line_3f39bbde"
                    TAGREFS="LT83"
                    BASELINE="875 1912 1283 1916" 
                    HPOS="872.0"
                    VPOS="1877.0"
                    WIDTH="411.0"
                    HEIGHT="53.0">
            <Shape><Polygon POINTS="875 1912 872 1923 1278 1930 1283 1916 1280 1881 875 1877 875 1912"/></Shape>
	    <String CONTENT="que el pobre está lelo."
                    HPOS="872.0"
                    VPOS="1877.0"
                    WIDTH="411.0"
                    HEIGHT="53.0"></String>
          </TextLine>

          
          
          <TextLine ID="eSc_line_29ae5f3b"
                    TAGREFS="LT83"
                    BASELINE="921 1956 1217 1956" 
                    HPOS="921.0"
                    VPOS="1916.0"
                    WIDTH="296.0"
                    HEIGHT="73.0">
            <Shape><Polygon POINTS="1206 1916 1184 1916 1162 1916 1140 1916 1118 1916 1096 1916 921 1916 921 1956 921 1976 1127 1971 1215 1989 1217 1956 1217 1916 1206 1916"/></Shape>
	    <String CONTENT="Y yo soy el ama"
                    HPOS="921.0"
                    VPOS="1916.0"
                    WIDTH="296.0"
                    HEIGHT="73.0"></String>
          </TextLine>

          
          
          <TextLine ID="eSc_line_fcafafec"
                    TAGREFS="LT83"
                    BASELINE="881 1998 1186 2000" 
                    HPOS="877.0"
                    VPOS="1952.0"
                    WIDTH="307.0"
                    HEIGHT="78.0">
            <Shape><Polygon POINTS="1142 1956 1120 1956 1118 1956 936 1962 879 1952 879 1995 877 2017 890 2026 892 2026 894 2026 897 2026 995 2017 997 2017 1035 2030 1037 2030 1039 2030 1041 2030 1068 2019 1074 2017 1083 2019 1127 2030 1129 2030 1131 2030 1182 2022 1184 1998 1180 1956 1164 1956"/></Shape>
	    <String CONTENT="y punto final....."
                    HPOS="877.0"
                    VPOS="1952.0"
                    WIDTH="307.0"
                    HEIGHT="78.0"></String>
          </TextLine>

          
          
          <TextLine ID="eSc_line_6a484cb7"
                    TAGREFS="LT83"
                    BASELINE="1199 2039 1278 2035" 
                    HPOS="1195.0"
                    VPOS="1989.0"
                    WIDTH="83.0"
                    HEIGHT="68.0">
            <Shape><Polygon POINTS="1199 2039 1199 2046 1230 2057 1232 2057 1234 2057 1237 2057 1278 2044 1278 2035 1274 1991 1195 1989 1199 2039"/></Shape>
	    <String CONTENT="VII."
                    HPOS="1195.0"
                    VPOS="1989.0"
                    WIDTH="83.0"
                    HEIGHT="68.0"></String>
          </TextLine>

          
          
          <TextLine ID="eSc_line_3916ad4b"
                    TAGREFS="LT83"
                    BASELINE="908 2072 1559 2076" 
                    HPOS="905.0"
                    VPOS="2019.0"
                    WIDTH="654.0"
                    HEIGHT="71.0">
            <Shape><Polygon POINTS="1544 2037 1522 2035 1259 2035 1259 2037 1237 2039 1215 2039 1210 2028 1204 2026 1186 2022 1184 2022 1182 2022 1118 2024 949 2030 910 2019 908 2072 905 2085 1555 2090 1559 2076 1559 2039 1544 2037"/></Shape>
	    <String CONTENT="Pobre niña la que tiene que servir"
                    HPOS="905.0"
                    VPOS="2019.0"
                    WIDTH="654.0"
                    HEIGHT="71.0"></String>
          </TextLine>

          
          
          <TextLine ID="eSc_line_2d4cb2d6"
                    TAGREFS="LT83"
                    BASELINE="872 2116 1583 2116" 
                    HPOS="872.0"
                    VPOS="2083.0"
                    WIDTH="711.0"
                    HEIGHT="57.0">
            <Shape><Polygon POINTS="1581 2083 872 2083 872 2116 872 2131 1581 2140 1583 2116 1583 2087 1581 2083"/></Shape>
	    <String CONTENT="si no encuentra una buena proporcion"
                    HPOS="872.0"
                    VPOS="2083.0"
                    WIDTH="711.0"
                    HEIGHT="57.0"></String>
          </TextLine>

          
          
          <TextLine ID="eSc_line_d1a0c120"
                    TAGREFS="LT83"
                    BASELINE="870 2155 1511 2160" 
                    HPOS="868.0"
                    VPOS="2116.0"
                    WIDTH="643.0"
                    HEIGHT="72.0">
            <Shape><Polygon POINTS="1177 2118 1155 2118 1133 2118 1112 2118 1090 2118 1068 2118 1046 2118 1024 2118 1002 2118 980 2118 958 2118 936 2118 914 2118 892 2118 870 2116 870 2155 868 2171 881 2184 881 2186 883 2186 886 2186 888 2186 1037 2171 1052 2171 1068 2173 1118 2182 1120 2182 1223 2179 1392 2173 1506 2188 1511 2160 1509 2125 1188 2118 1177 2118"/></Shape>
	    <String CONTENT="más valdria que tuviera que morir"
                    HPOS="868.0"
                    VPOS="2116.0"
                    WIDTH="643.0"
                    HEIGHT="72.0"></String>
          </TextLine>

          
          
          <TextLine ID="eSc_line_becaa21d"
                    TAGREFS="LT83"
                    BASELINE="954 2193 1454 2201" 
                    HPOS="951.0"
                    VPOS="2157.0"
                    WIDTH="503.0"
                    HEIGHT="79.0">
            <Shape><Polygon POINTS="1436 2160 1414 2160 1392 2160 1370 2160 1348 2160 1327 2160 1305 2160 1283 2160 1261 2160 1239 2160 1217 2160 1195 2160 1182 2157 954 2157 954 2193 951 2206 1013 2221 1015 2221 1017 2221 1048 2212 1065 2208 1199 2210 1212 2221 1212 2223 1215 2223 1217 2223 1219 2223 1228 2223 1280 2212 1296 2225 1296 2228 1298 2228 1300 2228 1302 2228 1305 2228 1307 2228 1327 2212 1353 2230 1357 2234 1359 2234 1362 2234 1368 2234 1368 2236 1452 2236 1454 2201 1452 2160 1436 2160"/></Shape>
	    <String CONTENT="son los amos quisquillosos"
                    HPOS="951.0"
                    VPOS="2157.0"
                    WIDTH="503.0"
                    HEIGHT="79.0"></String>
          </TextLine>

          
          
          <TextLine ID="eSc_line_7f6d063d"
                    TAGREFS="LT83"
                    BASELINE="956 2241 1368 2236" 
                    HPOS="954.0"
                    VPOS="2201.0"
                    WIDTH="414.0"
                    HEIGHT="70.0">
            <Shape><Polygon POINTS="956 2241 956 2271 1024 2271 1024 2269 1026 2269 1028 2269 1028 2267 1030 2267 1044 2254 1239 2254 1243 2254 1276 2267 1278 2267 1280 2269 1280 2267 1283 2267 1318 2254 1346 2267 1348 2267 1351 2267 1353 2267 1355 2267 1355 2265 1368 2252 1368 2236 1362 2201 954 2206 956 2241"/></Shape>
	    <String CONTENT="y las hartan de sufrir."
                    HPOS="954.0"
                    VPOS="2201.0"
                    WIDTH="414.0"
                    HEIGHT="70.0"></String>
          </TextLine>

          
          
          <TextLine ID="eSc_line_a318efd3"
                    TAGREFS="LT83"
                    BASELINE="1035 2278 1445 2278" 
                    HPOS="1035.0"
                    VPOS="2239.0"
                    WIDTH="410.0"
                    HEIGHT="61.0">
            <Shape><Polygon POINTS="1144 2241 1123 2241 1101 2241 1079 2241 1057 2241 1035 2241 1035 2278 1035 2293 1443 2300 1445 2278 1445 2247 1155 2239 1144 2241"/></Shape>
	    <String CONTENT="Nunca está nada bien"
                    HPOS="1035.0"
                    VPOS="2239.0"
                    WIDTH="410.0"
                    HEIGHT="61.0"></String>
          </TextLine>

          
          
          <TextLine ID="eSc_line_e5b94d62"
                    TAGREFS="LT83"
                    BASELINE="1035 2317 1394 2317" 
                    HPOS="1035.0"
                    VPOS="2280.0"
                    WIDTH="359.0"
                    HEIGHT="53.0">
            <Shape><Polygon POINTS="1035 2317 1035 2333 1394 2333 1394 2317 1394 2287 1035 2280 1035 2317"/></Shape>
	    <String CONTENT="todo va con desdén"
                    HPOS="1035.0"
                    VPOS="2280.0"
                    WIDTH="359.0"
                    HEIGHT="53.0"></String>
          </TextLine>

          
          
          <TextLine ID="eSc_line_de2477bc"
                    TAGREFS="LT83"
                    BASELINE="1035 2357 1487 2361" 
                    HPOS="1033.0"
                    VPOS="2311.0"
                    WIDTH="454.0"
                    HEIGHT="83.0">
            <Shape><Polygon POINTS="1386 2320 1364 2320 1342 2320 1320 2320 1298 2320 1276 2320 1254 2320 1232 2320 1210 2320 1188 2320 1166 2320 1144 2320 1123 2320 1101 2320 1079 2320 1057 2320 1035 2320 1035 2357 1033 2366 1118 2383 1120 2383 1162 2374 1184 2370 1210 2377 1232 2383 1234 2383 1237 2383 1280 2381 1390 2374 1408 2388 1410 2390 1410 2392 1412 2392 1414 2392 1416 2394 1484 2394 1487 2361 1487 2313 1388 2311 1386 2320"/></Shape>
	    <String CONTENT="siempre al pié del fogon"
                    HPOS="1033.0"
                    VPOS="2311.0"
                    WIDTH="454.0"
                    HEIGHT="83.0"></String>
          </TextLine>

          
          
          <TextLine ID="eSc_line_f619432b"
                    TAGREFS="LT83"
                    BASELINE="1035 2401 1423 2401" 
                    HPOS="1035.0"
                    VPOS="2359.0"
                    WIDTH="388.0"
                    HEIGHT="57.0">
            <Shape><Polygon POINTS="1123 2359 1101 2359 1079 2359 1057 2359 1035 2359 1035 2401 1035 2416 1423 2416 1423 2401 1423 2366 1131 2359 1123 2359"/></Shape>
	    <String CONTENT="negra asi cual tizon."
                    HPOS="1035.0"
                    VPOS="2359.0"
                    WIDTH="388.0"
                    HEIGHT="57.0"></String>
          </TextLine>

          
          
          <TextLine ID="eSc_line_0e49c6f1"
                    TAGREFS="LT83"
                    BASELINE="875 2438 1294 2442" 
                    HPOS="872.0"
                    VPOS="2390.0"
                    WIDTH="422.0"
                    HEIGHT="68.0">
            <Shape><Polygon POINTS="1291 2403 1269 2403 1248 2403 1226 2403 1204 2403 1182 2403 1160 2403 1138 2403 1116 2403 1094 2403 1072 2403 1050 2403 1048 2401 919 2403 877 2390 875 2438 872 2449 1289 2458 1294 2442 1291 2403 1291 2403"/></Shape>
	    <String CONTENT="Y si su cara es bonita"
                    HPOS="872.0"
                    VPOS="2390.0"
                    WIDTH="422.0"
                    HEIGHT="68.0"></String>
          </TextLine>

          
          
          <TextLine ID="eSc_line_66f1e07d"
                    TAGREFS="LT83"
                    BASELINE="875 2482 1234 2477" 
                    HPOS="872.0"
                    VPOS="2442.0"
                    WIDTH="362.0"
                    HEIGHT="59.0">
            <Shape><Polygon POINTS="875 2482 875 2501 1232 2493 1234 2477 1228 2442 872 2447 875 2482"/></Shape>
	    <String CONTENT="y calavera el señor"
                    HPOS="872.0"
                    VPOS="2442.0"
                    WIDTH="362.0"
                    HEIGHT="59.0"></String>
          </TextLine>

          
          
          <TextLine ID="eSc_line_f41928ca"
                    TAGREFS="LT83"
                    BASELINE="831 2523 1401 2519" 
                    HPOS="829.0"
                    VPOS="2475.0"
                    WIDTH="572.0"
                    HEIGHT="112.0">
            <Shape><Polygon POINTS="1223 2480 1201 2480 1180 2480 1158 2480 1136 2480 1114 2480 1092 2480 1070 2480 1048 2482 1026 2482 1004 2482 982 2482 960 2482 938 2482 916 2482 894 2482 872 2482 870 2477 829 2477 831 2523 833 2580 848 2572 864 2580 868 2585 870 2585 872 2585 875 2585 877 2585 879 2585 879 2582 881 2580 914 2550 1065 2550 1090 2569 1090 2572 1092 2572 1094 2572 1096 2572 1147 2572 1162 2582 1162 2585 1164 2585 1166 2585 1169 2587 1243 2587 1243 2585 1245 2585 1248 2585 1283 2569 1397 2585 1401 2519 1394 2475 1223 2475 1223 2480"/></Shape>
	    <String CONTENT="se arma la de Dios es Cristo"
                    HPOS="829.0"
                    VPOS="2475.0"
                    WIDTH="572.0"
                    HEIGHT="112.0"></String>
          </TextLine>

          
        </TextBlock>
        
        <TextBlock HPOS="304.0"
                   VPOS="157.0"
                   WIDTH="524.0"
                   HEIGHT="663.0"
                   ID="eSc_textblock_5fcb8e71"
                   TAGREFS="BT224">
          <Shape><Polygon POINTS="304 157 304 820 828 820 828 157"/></Shape>
          
        </TextBlock>
        
        <TextBlock HPOS="917.0"
                   VPOS="157.0"
                   WIDTH="525.0"
                   HEIGHT="650.0"
                   ID="eSc_textblock_07299210"
                   TAGREFS="BT224">
          <Shape><Polygon POINTS="917 157 917 807 1442 807 1442 157"/></Shape>
          
        </TextBlock>
        

        
      </PrintSpace>
    </Page>
  </Layout>
</alto>
