1753 2480
196.0 33.0 41.0 57.0 2

144.0 84.0 463.0 64.0 Este es poco inconveniente

144.0 132.0 467.0 60.0 respondió el Mir sonriendo,

144.0 179.0 360.0 60.0 tu hija se hará mora,

142.0 223.0 494.0 64.0 ó yo cristiano , es lo mesmo:

142.0 270.0 393.0 50.0 si tu te tornas cristiano

140.0 312.0 420.0 62.0 lo demás es chico pleito ;

140.0 355.0 440.0 56.0 pero ¡ mi hjia ser mora !

138.0 403.0 455.0 59.0 no quiero perder el cielo

140.0 446.0 447.0 56.0 por un puñado de pajas

138.0 483.0 535.0 66.0 que es todo lo de este suelo.

138.0 529.0 409.0 66.0 Pues yo me bautizaré

138.0 574.0 407.0 60.0 por eso no reñirémos.

138.0 624.0 426.0 58.0 Con que quedamos así ;

134.0 669.0 411.0 58.0 ahora voy á mi reino,

134.0 708.0 562.0 69.0 por que estas cosas en grande

130.0 752.0 521.0 60.0 se deben mirar con tiempo ;

132.0 797.0 599.0 83.0 con que á Dios , hasta la vuelta,

136.0 843.0 401.0 62.0 y ya nos escribirémos.

132.0 880.0 529.0 72.0 El Conde quedó en su casa,

128.0 932.0 444.0 68.0 muy alegre y satisfecho,

130.0 975.0 506.0 60.0 é hizo un viaje con su hijo

130.0 1023.0 467.0 62.0 á ver los estados nuevos.

128.0 1058.0 523.0 72.0 A su tiempo escribió el Mir

128.0 1107.0 417.0 66.0 que ya tenia dispuesto

126.0 1153.0 394.0 64.0 su viaje á Barcelona,

132.0 1202.0 479.0 52.0 y que vendria muy presto.

128.0 1233.0 411.0 69.0 El Conde se apercibia

126.0 1285.0 397.0 68.0 para su recibimiento ;

128.0 1324.0 473.0 71.0 cuando ya llegaba el Mir,

128.0 1374.0 463.0 60.0 Cabildos y Ayuntamientos

128.0 1421.0 353.0 62.0 salieron á recibirle,

126.0 1461.0 471.0 66.0 corporaciones y el pueblo,

128.0 1504.0 390.0 70.0 dando vivas y señales

126.0 1547.0 448.0 69.0 de su alegría y contento.

126.0 1591.0 444.0 66.0 No pasaron muchos dias

128.0 1647.0 541.0 53.0 que algunos viejos del pueblo

126.0 1682.0 343.0 72.0 empezaron á decir

128.0 1727.0 488.0 58.0 si nos contarán un cuento

126.0 1775.0 537.0 62.0 estos moros... no me gustan,

130.0 1810.0 533.0 78.0 y en palacio al mismo tiempo

126.0 1866.0 492.0 62.0 corria el mismo rum rum ;

126.0 1909.0 469.0 58.0 pero ya un dia comiendo

124.0 1950.0 510.0 62.0 preguntó el Mir á la novia

126.0 2002.0 450.0 54.0 ¿ qué dia nos casarémos ?

121.0 2031.0 428.0 70.0 Mi padre responderá...

124.0 2081.0 531.0 64.0 y el Conde respondió atento:

121.0 2124.0 501.0 74.0 Eso el Mir lo ha de decir,

119.0 2176.0 534.0 84.0 pero el bautismo es primero :

870.0 99.0 508.0 56.0 ¿ cuando quieres bautizarte ?

870.0 142.0 601.0 72.0 Primero nos casarémos, dijo el Mir ;

868.0 190.0 347.0 60.0 por que el bautizo

868.0 237.0 529.0 58.0 tiene que ser en mi pueblo ;

868.0 283.0 506.0 58.0 por que se han de bautizar

866.0 324.0 475.0 64.0 mas de dos mil caballeros

868.0 367.0 386.0 62.0 el mismo dia que yo

870.0 413.0 502.0 58.0 y mucha gente del pueblo.

870.0 448.0 434.0 72.0 Vosotros sereis padrinos,

866.0 491.0 556.0 67.0 por que sabréis que yo quiero

866.0 543.0 496.0 54.0 que abracen el cristianismo

866.0 593.0 496.0 58.0 todos en mis cuatro reinos.

864.0 632.0 386.0 54.0 No se casará mi hija

864.0 679.0 467.0 50.0 si no es cristiano primero

864.0 713.0 545.0 72.0 el que haya de ser su esposo.

862.0 762.0 510.0 72.0 Pues yo así tengo dispuesto,

857.0 808.0 430.0 64.0 dijo el Mir amostazado,

859.0 861.0 433.0 50.0 y una mirada de fuego

855.0 901.0 478.0 64.0 el Conde le arrojó y dijo :

857.0 938.0 587.0 76.0 Es chasco , salir ahora con esto

855.0 992.0 476.0 55.0 despues de la campanada ;

857.0 1033.0 383.0 64.0 y levantandose luego

855.0 1072.0 463.0 68.0 los demas , incomodados,

857.0 1122.0 474.0 56.0 todos le fueron siguiendo.

859.0 1169.0 410.0 56.0 A otro dia de mañana

857.0 1213.0 441.0 55.0 vióse atado un escudero

857.0 1250.0 375.0 64.0 que le iban á matar

855.0 1297.0 478.0 54.0 por haber sido algo lerdo

853.0 1337.0 470.0 68.0 en el servicio de su amo,

857.0 1392.0 540.0 56.0 y el Conde dijo : en mi reino

851.0 1436.0 459.0 56.0 no se asesina á ninguno,

855.0 1473.0 490.0 70.0 la ley castiga, y no quiero

851.0 1521.0 372.0 64.0 semejantes demasías,

851.0 1568.0 602.0 68.0 soltad á ese hombre al momento.

853.0 1609.0 430.0 60.0 El moro dijo : soy Rey

853.0 1653.0 463.0 66.0 y con mis vasallos puedo

849.0 1692.0 492.0 72.0 hacer cuanto me dé gana,

849.0 1744.0 414.0 56.0 sépaslo, cristiano viejo.

853.0 1777.0 428.0 66.0 Vive Dios, que no será

849.0 1824.0 494.0 62.0 mientras estés en mi reino.

849.0 1872.0 525.0 70.0 Dijo el moro : He de vengar

847.0 1919.0 473.0 60.0 esta injuria con mi acero.

847.0 1967.0 442.0 66.0 Arrogante , moro , estás,

845.0 2012.0 492.0 62.0 en el campo nos verémos,

845.0 2048.0 544.0 80.0 que yo tambien tengo espada,

851.0 2095.0 434.0 62.0 y tambien soy caballero.

845.0 2134.0 422.0 73.0 Ya puedes apercibirte ;

851.0 2196.0 482.0 81.0 y de alli á poco se vieron
