1860 2629
329.0 1402.0 392.0 52.0 Trataron de descansar

324.0 1437.0 434.0 65.0 y rehacerse algun tanto ;

320.0 1489.0 401.0 57.0 pero ya los somatenes

324.0 1533.0 529.0 57.0 en grandes masas se echaron

322.0 1570.0 520.0 68.0 matando á diestra y siniestra

324.0 1614.0 456.0 61.0 y á ninguno perdonando.

324.0 1660.0 382.0 61.0 Alli era el ver correr

324.0 1706.0 474.0 62.0 los moros y los cristianos:

322.0 1754.0 414.0 55.0 uno alli cae en el rio,

322.0 1796.0 445.0 59.0 el otro una cuesta abajo

324.0 1842.0 410.0 59.0 y todos iban muriendo

322.0 1884.0 467.0 57.0 sin escapar de sus manos.

322.0 1930.0 386.0 54.0 Luego los aragoneses

324.0 1980.0 470.0 50.0 salieron por sus hermanos

320.0 2015.0 474.0 59.0 deteniendo á los dispersos

322.0 2063.0 421.0 57.0 que se iban escapando.

322.0 2105.0 476.0 57.0 El Conde, que vió á lo lejos

320.0 2149.0 471.0 65.0 al Mir que se iba fugando,

320.0 2193.0 438.0 56.0 le gritaba ; perro moro,

324.0 2243.0 344.0 57.0 y su caballo picando

322.0 2287.0 419.0 55.0 al momento le alcanzó ;

324.0 2335.0 412.0 59.0 pero ya estaba cercado

1046.0 1410.0 430.0 44.0 de mas de cien catalanes

1050.0 1443.0 459.0 59.0 que su cuerpo mutilando,

1044.0 1487.0 390.0 53.0 le cortaron la cabeza,

1046.0 1527.0 491.0 70.0 que por trofeo en un palo

1048.0 1570.0 388.0 66.0 trajeron á Barcelona,

1048.0 1619.0 487.0 59.0 para escarmiento de malos.

1048.0 1665.0 401.0 54.0 Aquí acabó la jornada

1052.0 1706.0 443.0 62.0 y muy pocos escaparon ;

1048.0 1759.0 561.0 57.0 pues cuentan que fueron veinte

1041.0 1794.0 470.0 61.0 los que á su ticrra llegaron

1044.0 1844.0 372.0 55.0 para poderlo contar.

1046.0 1888.0 355.0 57.0 Los catalanes ufanos

1050.0 1936.0 419.0 51.0 volvieron á sus hogares,

1052.0 1982.0 413.0 51.0 y á sus vecinos contaron

1044.0 2019.0 423.0 62.0 las azañas de aquel dia,

1050.0 2065.0 432.0 57.0 y que dejaron vengados

1046.0 2107.0 401.0 61.0 los h agravios inferidos

1050.0 2160.0 452.0 50.0 en Barcelona y su llano.

1055.0 2195.0 480.0 63.0 Y aquí se acaba el romance,

1050.0 2245.0 380.0 59.0 perdonad si falta algo,

1046.0 2287.0 498.0 59.0 que como hace tanto tiempo,

960.0 2337.0 562.0 57.0 que se olvide no es estraño.

1256.0 2379.0 393.0 107.0 Es propiedad de A. V.

324.0 2412.0 917.0 94.0 Barcelona : Imp. de J. Gorgas plaza de la Lana. —1853.
