1753 2480
289.0 84.0 438.0 75.0 ¡Qui pogués parlá ben cíá,

287.0 140.0 457.0 54.0 de las cosas que ara hi ha!!

293.0 179.0 467.0 56.0 sence haverhi gaires estiras;

287.0 219.0 333.0 49.0 si llogarían cadiras.

320.0 243.0 380.0 62.0 Jesús y nostre Senvó;

293.0 285.0 393.0 62.0 doneue una inspiració

287.0 324.0 459.0 50.0 de poguer dir en un grapat

291.0 361.0 382.0 56.0 un troesot de veritat!!!

326.0 398.0 418.0 50.0 «Y com es possible ferho

289.0 436.0 428.0 45.0 si també soch embustero?

293.0 467.0 552.0 51.0 Per mes que prengui grans midas

289.0 506.0 403.0 49.0 a lo milió dich mentidas.

326.0 541.0 513.0 50.0 ¿Quantas trobaréu sense riure

293.0 572.0 482.0 52.0 que ab mentidas ha de viure?

291.0 611.0 360.0 52.0 De gitanas solsament

289.0 646.0 465.0 52.0 ya 'n conech jo mes de cent

289.0 686.0 480.0 51.0 que sense embrollas com fán

291.0 721.0 318.0 47.0 se morirían de fam

291.0 754.0 382.0 54.0 y ya si be 's considera

293.0 791.0 387.0 50.0 gitanos d' altra manera

289.0 830.0 426.0 50.0 y si hem de parlá formals

291.0 868.0 434.0 45.0 al mon tots som animals...

293.0 899.0 432.0 53.0 menus lo que no hu vol sé

287.0 938.0 401.0 51.0 y s' ho creu de bona fé.

330.0 969.0 399.0 51.0 Ya poden cavá paigesos

287.0 1008.0 469.0 50.0 per mantenir als desentesos,

289.0 1041.0 469.0 52.0 perque en aqueix mon traidó

289.0 1078.0 345.0 48.0 tots volen tenir rahó

291.0 1111.0 436.0 56.0 y aquell que mes vol garlá

291.0 1153.0 339.0 43.0 es lo que te de callá.

326.0 1184.0 474.0 47.0 ¿Ab aquesta questió mateixa

287.0 1215.0 531.0 60.0 qui es avuy lo que no 's queixa?

287.0 1256.0 349.0 50.0 Si mirém als teixidós

291.0 1289.0 341.0 50.0 en un estat deplorós

285.0 1326.0 368.0 52.0 lo treballá 'ls interesa

287.0 1361.0 482.0 56.0 pero may casi no hi ha pessa

291.0 1405.0 428.0 45.0 y al cap de vall sucsuheix

287.0 1438.0 430.0 47.0 que la gana los envasteix.

332.0 1469.0 385.0 52.0 Y si miréu los blanqués

289.0 1510.0 395.0 52.0 que la mitat no fan res?

287.0 1535.0 448.0 58.0 ¿Y 'l sabaters mes formals

287.0 1578.0 484.0 48.0 que 'l mes honrat va descals?

291.0 1607.0 482.0 52.0 Y dels boters ¿Que 'n dirém?

287.0 1653.0 438.0 45.0 també están en un estrém,

287.0 1682.0 467.0 54.0 que hasta de terras remotas

287.0 1723.0 397.0 46.0 aquí retornan las botas.

332.0 1754.0 422.0 56.0 Y si toquém gaires basas,

287.0 1783.0 455.0 56.0 fusters y mestres de casas;

289.0 1824.0 411.0 54.0 la mitat del temps parats

289.0 1862.0 391.0 49.0 com si fossin hisendats.

320.0 1891.0 457.0 59.0 Del pagés no es res de nou

289.0 1938.0 438.0 52.0 perque com casi may plou,

289.0 1969.0 389.0 52.0 també tenen la tungada

287.0 2002.0 428.0 58.0 que se 'l rovella la aixada

291.0 2046.0 420.0 51.0 y sols pera passá'l temps

289.0 2081.0 424.0 51.0 S' ocupan en plegar fems.

316.0 2103.0 453.0 56.0 Ara miremse 'ls manobras;

289.0 2136.0 513.0 75.0 ¿Ni han gayres de mes pobres?

324.0 2190.0 453.0 81.0 Quan la fenya no 'ls arriba

1035.0 86.0 474.0 71.0 se 'n tenen d' anar a la oliva,

1039.0 146.0 455.0 56.0 y ab mil penas y amarguras

1035.0 186.0 385.0 49.0 mantenen las criaturas.

1070.0 225.0 354.0 47.0 Los pintors vetu allá

1035.0 256.0 409.0 54.0 ya poden ben mitj passá

1035.0 281.0 486.0 68.0 perque aixó hu saben de cert

1035.0 330.0 414.0 54.0 el píntar como el querer.

1074.0 351.0 416.0 66.0 Repareuse be 'ls musichs

1037.0 400.0 467.0 48.0 que sempre van ben bonichs

1035.0 421.0 569.0 68.0 com que no espatlian gens l' heina

1037.0 471.0 480.0 49.0 no 's ven may la seva feyna,

1037.0 506.0 412.0 54.0 y tots qui menos qui més,

1035.0 543.0 393.0 50.0 arrossegan molts calés,

1039.0 578.0 302.0 52.0 sería bon patriota

1037.0 615.0 414.0 50.0 lo que va treure la nota?

1041.0 653.0 451.0 45.0 diu que eran dos minadors;

1037.0 686.0 418.0 51.0 pero jo no crech senyors

1037.0 717.0 434.0 51.0 que aixó de re mi ¿Fa sol?

1039.0 762.0 434.0 50.0 es un quento molt bunyol.

1070.0 793.0 534.0 50.0 Are 'ls barbés també 's queixan;

1039.0 832.0 530.0 50.0 perque molts la barba 's deixan;

1037.0 865.0 503.0 52.0 hi ha que diu: que no va al cel

1033.0 899.0 463.0 55.0 lo que no 's deixa forsa pel.

1074.0 921.0 559.0 66.0 Veus que aquell que l' hi acomoda

1035.0 977.0 593.0 58.0 S' ho deixa tot perque 's gran moda.

1035.0 1016.0 422.0 40.0 «Pero quins son los oficis

1031.0 1041.0 411.0 56.0 qu' avui tenen beneficis?

1031.0 1070.0 635.0 70.0 ¿lli ha algún que 's mengi un pollastre

1031.0 1111.0 461.0 52.0 si no que siga algún sastre?

1031.0 1151.0 440.0 53.0 Aquestos si fan cosa nova

1031.0 1184.0 461.0 53.0 se quedan un poch de roba;

1035.0 1225.0 507.0 52.0 un tros de tu un tros d' aquest

1035.0 1260.0 407.0 46.0 fan roba pe 'l seu noyet;

1037.0 1295.0 401.0 50.0 pero jo no hu crech tan;

1039.0 1330.0 408.0 52.0 perque diu aquell refrán:

1035.0 1361.0 430.0 56.0 Sastres pobres que robeu

1035.0 1403.0 403.0 51.0 roben que pobres sereu.

1070.0 1438.0 403.0 54.0 Ningú com los calderers

1037.0 1473.0 381.0 48.0 aquets si que fan dinés

1033.0 1508.0 438.0 52.0 remendant cuatre pahellas

1033.0 1539.0 397.0 56.0 te fan malbé las orellas,

1039.0 1581.0 362.0 49.0 fent ruido y fen soroll

1033.0 1618.0 409.0 45.0 que te atipan fins al coll.

1068.0 1651.0 536.0 49.0 Los que 's podan queixar menos

1037.0 1684.0 457.0 52.0 casi dehuen ser los serenos:

1033.0 1723.0 380.0 48.0 quin viure mes divertit

1035.0 1762.0 387.0 44.0 es perdre al istiu la nit.

1037.0 1793.0 451.0 52.0 Digam moro y jo m' ofarto

1033.0 1826.0 542.0 54.0 y ul dissopte a cobrar lo cuarto.

1035.0 1866.0 393.0 51.0 Be están los municipals

1031.0 1893.0 430.0 60.0 y també 'ls guardia rurals

1035.0 1940.0 445.0 52.0 aquestos portan bona vida,

1031.0 1975.0 428.0 50.0 va son l' home de la dida:

1035.0 2006.0 376.0 52.0 sense patir fret ni caló

1033.0 2035.0 407.0 58.0 al camp elis fan lo cassó

1039.0 2077.0 412.0 51.0 y sense quebrantar lleys.

1037.0 2103.0 482.0 71.0 vihuen molt milló que 'ls reys

1068.0 2145.0 472.0 56.0 Ditxosos, Deu los mantingui

1037.0 2180.0 509.0 101.0 que cap desgracia no le vingui
