1972 2626
350 188 586 96 lo que siento no son mios,

356 278 651 67 y tambien me han desnudado.

395 326 628 69 Ella preguntó: eran muchos

351 379 624 61 essos que te han ultrajado?

351 424 628 70 Respondió, Señor, son tres,

350 471 451 76 y al parecer Gitanos

389 523 469 70 Ella le dixo: pues vé

348 574 554 72 à este lugar mas cercano,

348 627 557 67 y aguardame allí dos dias

347 675 559 69 y le dió un real de quatro

340 727 499 66 paraque se sustentasse,

389 773 593 67 Y ella por unos barrancos,

343 827 528 68 por entre peñas, y jaras

326 873 580 72 adonde los ha encontrado

334 924 524 66 y les dize amigos mios,

378 967 678 77 Por cierto que me he alegrado

334 1018 638 76 de que he hallado compañia,

338 1076 510 67 y vengo muy fatigado,

331 1123 546 70 porque tres amigos mios

328 1168 737 77 han preso, y yo me he escapado.

375 1219 518 72 Un Cavallero ha salido,

331 1272 514 77 tan solo con su criado,

334 1315 645 76 y trahe mas de mil doblones,

326 1368 625 79 porque lo supe en Almagro.

370 1419 656 69 Lo que conviene, esta noche

321 1469 584 71 es, que estemos desviados

322 1521 498 67 unos de otros que assi

326 1568 624 73 podemos mas bien cercarlos.

364 1617 614 70 Conque al fin se dividieron,

313 1670 615 66 los tres con algo distantes,

321 1718 635 67 y élla con industria, y valor

319 1766 507 83 à los dos ha degollado,

1164 212 659 100 Y al tercero le dió la muerte,

1124 278 548 69 con un fuerte carabinaso;

1117 328 455 66 quitoles la cantidad,

1112 374 547 68 que al otro avian robado.

1151 425 480 62 A Villa Manrique fué

1117 472 622 80 donde el dinero ha entregado

1114 525 474 70 al tal sujeto, y quedó

1114 573 430 69 agradecido del caso.

1151 620 502 77 Y bolviendose à Xerés,

1087 681 575 51 donde mató un Escrivano

1114 729 571 66 por cuya muerte fué presa,

1104 780 586 60 y al punto la sentenciaron

1162 821 591 66 A que muere en una horca,

1098 875 681 76 y viendo el pleyto mal parado,

1095 923 528 64 confesó que era muger,

1097 968 689 85 y al Virrey cuenta le han dado.

1139 1022 525 78 Embió quatro mugeres,

1101 1076 511 67 à donde la registraron,

1100 1121 566 66 y viendo que era verdad,

1088 1172 600 60 al punto la han perdonado;

1139 1224 597 67 Porque muchos Cavalleros,

1102 1266 616 76 y Señores de grande fama,

1046 1321 604 64 por empeño lo tomaron,

1081 1369 595 70 librandola de tal estrago.

1149 1419 538 63 En la gloriosa Santa Ana

1095 1467 590 67 luego el habito le han dado

1095 1518 498 69 donde sirviendo à Dios

1074 1564 604 66 está con muchos aplausos,

1096 1612 591 70 Esta es la vida Señores,

1089 1667 580 66 de Doña Teresa de Llanos,

1101 1717 583 65 la que hizo tantas muertes,

1077 1766 678 79 su honor continuo guardando.

559 1911 1058 74 BARCELONA: Por los Herederos de Juan Jolis,

700 1958 733 81 en la calle de los Algodoneros.
