1946 2622
125 215 653 93 Por la Cruz del Corso un dia,

77 284 551 58 estava alli un Napolitano

80 336 555 58 hablando con una Dama,

80 381 656 82 pasó con el sombrero quitado,

128 434 487 56 Haciendo la cortesía;

83 480 511 74 se picó él, y agraviado

84 534 531 60 se despidió de la Dama,

84 579 567 72 y fué siguiendo sus pasos,

134 629 548 67 Alcansola, y dixo: mire,

84 678 585 70 veo que es un desbarbado,

86 728 489 62 que sino; de bofetadas

84 776 534 63 rato ha le huviera dado.

131 833 488 62 Apenas lo pronunció,

84 871 605 77 quando le dió un cintarazo,

86 924 585 73 con espada, y vayna todo,

87 974 587 73 que le hizo andar rodando.

132 1021 550 74 Se metió en la Madelena

91 1075 524 65 valiendose del Sagrado;

88 1123 432 65 dos dias estuvo allí,

88 1168 537 68 y Don Geronymo Pardo

134 1217 494 73 La sacó deste peligro,

87 1277 570 61 con que la puso en salvo,

90 1319 565 67 viniendo hasta Barcelona,

87 1369 478 61 sirviendole de criado.

134 1415 517 67 De Genova dos Galeras

86 1462 534 71 en este puerto llegaron,

87 1509 714 70 se embarcó, y fuesse à Gibraltar

87 1567 525 67 alli mató un Escrivano,

135 1613 668 88 Porque le hizo un testimonio,

87 1662 465 71 pero se lo hizo falso.

88 1713 547 68 Azia Cadiz dió la buelta,

93 1762 558 71 y estando un dia jugando

131 1815 508 62 En la puerta de la mar

90 1863 547 62 en la mesa de los dados;

88 1918 511 58 sobre jugar una suerte

91 1962 525 62 à un valiente Sevillano,

135 2011 535 58 Se bolvieron contra ella

88 2064 633 68 catorze, ó quince Soldados;

88 2115 484 51 tres eran en su favor,

87 2164 503 60 las espadas arrancando

141 2208 507 90 Con animo, y valentia,

839 212 588 76 mataron cinco contrarios;

842 266 547 70 tambien élla salió herida

838 316 640 64 de una estocada en un brazo.

890 365 570 72 En casa del Señor Obispo

848 415 610 74 un mes se estuvo curando;

849 467 576 66 sanó, y se vino à Xerez,

851 514 595 70 à donde con Pedro Manso,

899 563 602 70 El Guapo de aquella tierra,

852 611 647 79 con el tuvo un cierto enfado,

854 667 439 64 y para desenfadarse,

855 715 551 59 se salió con él al campo,

900 758 553 75 Sin ofenderse uno à otro

849 811 586 71 hora, y media peleando;

848 860 490 69 hicieron las amistades

851 910 635 67 con mucho gusto, y agrado.

899 961 477 64 Ella caminó à Jaen;

854 1010 622 72 donde un dia en el mercado

857 1060 498 67 à un primo de Serafin,

849 1111 572 67 el que estuvo aprisionado

900 1155 511 68 En la Corte de Madrid,

855 1204 642 79 quiso à un Labrador honrado

846 1260 555 64 engañarle en un doblon,

848 1313 553 63 y ella lo estava mirando.

908 1356 555 71 Y porque vido la infamia

851 1404 631 75 de aquel falso, y vil engaño,

854 1456 519 69 se trabaron de palabras

848 1500 619 77 y el arrancando un terciado

898 1560 459 61 Para tirarle mas ella

846 1608 532 68 no le dió lugar à tanto,

852 1657 626 66 porque una quarta de azero

851 1705 568 67 le echó fuera los livianos.

900 1755 559 58 Tres Torreros Andaluzes

852 1804 586 63 desde allí la acompañaron,

854 1854 610 64 hasta la Ciudad de Andujar,

852 1900 535 72 Sierra Morena passando.

903 1953 521 65 En el camino encontró

849 2002 636 67 un hombre que iva llorando;

852 2049 532 71 preguntóle su afliccion,

849 2097 602 76 y él le dixo me han robado,

890 2152 577 67 Muy poco trecho de aqui,

852 2201 621 99 ciento y cincuenta ducados,

1476 2241 60 69 lo
