1924 2624
145 829 1494 79 XACARA NUEVA, EN QUE SE REFIERE, Y DA CUENTA

148 890 1491 73 de veinte muertes que una Doncella llamada Doña TERESA DE

192 951 1386 65 LLANOS, natural de la Ciudad de Sevilla, siendo las pri-

293 992 1228 75 meras à dos hermanos suyos, por averle estorvado el

339 1043 1110 70 casarse. Y tambien se declara como se vistió de hom-

395 1096 1010 64 bre, y fué presa, y sentenciada à muerte, y se

468 1150 866 61 vió libre por averse descubierto que era

538 1198 722 61 muger y el dichoso fin que tuvo.

151 1290 669 109 Prestame silencio el mundo,

262 1346 606 90 mientras que voy explicando

142 1393 562 73 de una muger los arrojos,

144 1444 509 67 valentias, y desgarros.

189 1488 546 71 En la Ciudad de Sevilla,

142 1548 511 62 cuyo circulo y espacio

140 1590 491 66 adorna Febo con luzes

145 1640 547 64 de sus eminentes rayos.

195 1688 626 68 Nació de muy nobles Padres

141 1740 528 58 Doña Teresa de Llanos,

141 1794 500 61 tan virtuosa, y afable,

140 1844 599 52 como honesta en su recato.

192 1889 595 64 La infundió en su corazon

137 1943 535 59 el valor mas arrastrado,

138 1991 595 63 que se ha visto en criatura,

140 2039 554 64 ni han oído los humanos.

186 2087 654 104 Murió su Padre, y su Madre,

908 1284 625 79 y en poder de dos Hermanos

914 1339 573 70 quedó, y viendose muger,

904 1392 633 68 de edad de unos veinte años;

943 1443 555 67 Por no sujetarse à nadie,

849 1491 582 63 procura tomar estado,

912 1535 587 70 con un mozo bien nacido,

951 1593 606 64 Mas al fin se lo estorbaron;

897 1644 567 60 sus Hermanos, y le dizen

895 1693 554 66 còn bastantes amenazas,

904 1747 470 59 que si se case con él,

945 1791 570 64 Han de procurar matarlo,

907 1844 655 65 porque no es à gusto de ellos

894 1892 555 65 mas al fin lo executaron:

901 1943 557 61 la mosa des que lo supo,

943 1992 655 64 Toma el Cielo con las manos,

902 2043 537 63 procura tomar vengansa

908 2086 585 103 ella de sus dos Hermanos:

1508 2142 78 160 al
