1860 2629
264 245 535 66 ?Es verdad que le consuelas

220 295 548 59 con los recuerdos punzantes,

219 340 457 54 de esos rápidos instantes

217 388 459 57 en que estoy cerca de tí?

260 420 561 80 Oh! responde: dí que siempre

217 473 491 67 me has amado con locura;

216 518 498 60 dí que sientes mas ternura

216 560 460 63 con tus penas recibir....

260 607 523 66 Dime, jura que no hay falta

214 660 576 67 que mi amor puede arrancarte,

986 252 571 73 aunque este mundo me aparte,

986 300 364 56 hermosa mia, de tí.

1022 346 607 79 Oh! si, ven, que entre mis brazos,

987 392 507 65 y entre caricias sin cuento,

984 438 452 68 te oiga yo ese juramento

980 486 359 55 de ventura repetir.

1022 515 504 77 Mas ay! triste! en el delirio

977 571 479 61 de mi esperanza creyendo

978 622 493 65 olvido que estoy sufriendo

980 658 402 79 lejos, hermosa, de tí.

412 733 1024 100 CANCION GRACIOSA DE LA ZAGALA.

254 863 486 42 Inmediato á un arroyuelo

211 889 315 61 á una Zagala ví,

211 936 488 60 al contemplar su gracia

211 981 345 50 todo me suspendí.

257 1022 476 64 Y al ruido que ella hacia

214 1073 395 53 y al acercarme á oir,

211 1123 366 49 muy asustada dice:

210 1159 377 60 ay de mí! ay de mí!

249 1202 490 62 Por fin me acerqué á ella,

210 1251 383 51 y de un brazo la así.

208 1301 380 50 me mira y se sonrie

207 1336 387 60 llena de gracias mil.

251 1381 486 66 Tú has de ser mi querida,

207 1426 367 56 hasta el último fin;

207 1476 484 54 y ella respondió entonces:

207 1523 235 50 eso sí eso sí.

245 1561 386 58 De la mano la tomo,

207 1605 421 58 y ella dice temblando:

204 1648 435 59 tanto me aprieta usted,

201 1695 487 54 que me hace mucho daño.

242 1736 367 64 La dije: pastorcita,

201 1780 371 66 háblame sin temor;

201 1831 472 63 ¿me quieres? y responde;

200 1870 340 59 si señor, si señor.

242 1917 422 57 Me puse á obsequiarla

198 1970 382 52 con flores á escojer,

197 2011 396 54 de rosas encarnadas

197 2053 368 53 le parecieron bien.

239 2097 408 58 La hice un ramillete,

201 2144 412 57 y al írselo á prender,

197 2195 435 51 muy graciosa me dice:

198 2237 529 63 prenda usted, prenda usted.

1022 866 411 51 Sin duda que turbado

980 896 391 62 no se lo prendí bien,

980 947 403 56 se le cayó en el suelo

981 990 347 58 y yo se lo alcancé.

1016 1032 358 61 Pero al verificarlo

977 1076 413 63 su sayas un poco alzé,

978 1123 389 54 y sonrojada me dice:

976 1168 406 51 ay que malo es usted.

1018 1212 397 61 La dije que este caso

976 1253 344 62 ha sido sin pensar;

974 1301 402 63 la convenzo y se cree

974 1345 365 52 que fué casualidad.

1015 1391 359 56 A un sitio solitario

973 1429 381 66 que desde allí se vé,

974 1476 409 64 la convido, y me dice

971 1523 374 61 para qué, para qué.

1012 1548 478 86 Sobre una verde alfombra

971 1619 427 54 se sienta, y con rubor,

970 1665 407 52 cuanto mas la miraba

971 1710 342 51 mejor me pareció.

1012 1749 414 59 Sus mejillas preciosas

968 1792 367 59 exaltaban mi amor,

974 1840 380 57 y yo entre mí decia:

968 1879 405 66 ay pasion! ay pasion!

1009 1925 425 68 No te vayas, bien mio,

967 1971 416 62 no me abandones, no;

968 2015 349 57 mira las fatiguillas

965 2071 368 49 que por tí sufro yo,

1006 2104 402 62 Mira que mi alvedrío

965 2148 379 60 á tí ya se rindió.....

970 2196 352 53 y á poco rato dice:

965 2244 313 70 ya voló, ya voló.

425 2357 959 98 REUS.—Se hallará en casa Vidal Arrabal, alta de Jesús, núm. 5.
