1860 2629
1087 343 229 84 (Núm. 67.)

219 1242 1134 168 CURIOSA RELACION

65 1388 1428 114 en que se da noticia del robo que han hecho de un Santo Cristo de plata

109 1479 1337 73 con peso de once libras, del cuarto de dos abogados; cuyo ladron dejó

433 1540 686 78 escritas sobre la mesa las siguientes

613 1628 327 86 DÉCIMAS.

496 1740 437 60 Venid conmigo, mi Dios,

442 1790 493 66 no estais bien, Señor, aqui,

442 1837 456 61 si un letrado os puso asi,

441 1881 571 58 cual, mi Bien, os pondrán dos?

444 1925 394 67 Por no dejaros á Vos

441 1971 448 59 con tan vil gente metido,

442 2021 463 50 mi discurso ha prevenido,

441 2059 510 66 ser mejor, mi Dueño amado,

441 2110 472 60 que esteis conmigo robado,

441 2155 445 56 que no con ellos vendido.

108 2246 619 83 Sin su Dios, qué puede el hombre

65 2297 528 70 humo, polvo, sombra, nada;

65 2354 455 50 pues el alma desmayada

65 2392 504 61 nada pueda sin su nombre.

64 2433 532 80 Siendo asi, nadie se asombre

828 2259 545 69 que busque mi alivio en Vos;

837 2319 361 44 y asi con paso veloz

828 2355 475 57 me amparo de tu riqueza;

829 2398 480 57 ven, Remedio de pobreza.

825 2443 422 70 venid conmigo mi Dios.
