1753 2480
814 167 141 87 — 3 —

214 267 545 59 el corzo y el puerco-espín,

206 305 481 67 el búfalo y dromedario,

208 349 595 68 la liebre, el conejo, el mono,

208 396 549 69 el mico, el toro, el caballo,

208 442 552 62 el camello, oveja y lince,

206 484 525 65 el tejón, garduño y gato,

205 530 554 66 el perro, el cerdo, la mula,

206 576 476 62 el rinoceronte y gamo,

208 620 479 60 el grifo y el unicornio,

208 659 517 68 carnero, borrico y macho.

202 704 488 59 Junto el ejército todo,

208 752 580 65 y puesto en orden el campo,

203 797 402 57 enviaron á la zorra

206 834 484 60 por espía del contrario.

202 877 558 70 Ella, orgullosa en extremo,

201 928 603 68 fuese á un cerro, y de lo alto,

209 971 547 66 vió cómo el Grillo andaba

199 1014 491 66 su ejército concertando.

208 1054 509 72 Vió acudir las sabandijas

200 1101 457 60 de todo lo comarcano;

200 1142 488 71 la culebra, el serpentín,

202 1190 449 70 la vibora y el lagarto,

198 1235 453 64 el lirón, la comadreja,

202 1279 504 68 la lagartija y el tábano,

200 1322 424 60 la araña, escarabajo,

195 1368 502 62 la curiana, el escorpión,

195 1410 488 62 el ratón, topo y sapillo,

197 1453 587 69 langosta, hormiga y el sapo,

194 1500 501 62 el ciempiés y el alacrán,

194 1543 524 64 la tarántula, el carábano,

192 1588 484 62 el tábano y moscardón,

192 1635 524 63 la abeja, bicho y gusano.

191 1676 459 57 Junto el ejército todo,

188 1715 612 76 mandó el Grillo por un bando,

191 1769 546 62 que aquella gente menuda

191 1807 481 64 se recogiese al sagrado

191 1851 586 65 de un canuto, porque quiere

191 1898 510 62 dejarlos allí encerrados,

191 1941 601 66 pues siendo gente de chusma

191 1985 464 55 teme le dejen burlado,

188 2026 571 62 moscas, tábanos, mosquitos

187 2077 557 55 al momento se encerraron,

183 2122 488 54 avispas y moscardones,

190 2164 497 79 y todo el demás ganado.

901 265 565 75 La zorra, que desde el cerro

902 307 470 66 todo lo estaba mirando,

904 351 544 69 viendo gente tan pequeña,

901 400 558 72 dijo en su mente burlando:

901 449 456 60 para tan vil gente, yo

901 491 481 60 sola sin compaña basto.

899 524 604 78 Se fué donde el Grillo estaba,

901 577 584 65 y le dijo: «Anda, menguado;

897 624 587 67 ¿con tan vil gente pretendes

898 665 515 63 combatir al fuerte bando

895 706 552 66 del León, que en fortaleza

897 749 598 69 excede al mundo abreviado?»

898 796 569 70 «Ahora verás, dijo el grillo,

897 841 508 65 si mis valientes soldados

897 881 583 73 pueden con el mundo entero

895 928 567 75 medir su invencible brazo».

899 972 499 66 Y diciendo esto, destaca

894 1019 508 65 de tábanos tres ó cuatro,

893 1063 503 66 con otras tantas avispas,

894 1109 554 64 que enderezaron cual rayos

891 1151 556 66 hacia la zorra. Ella, viendo

891 1197 536 67 que no puede desecharlos,

890 1241 518 62 parte como un torbellino

888 1281 525 67 dándose á los mil diablos,

891 1329 520 63 y sin detenerse un punto

890 1373 501 59 se lanza en el Guadiano.

893 1414 485 65 Y luego que se vió libre

887 1457 533 68 de tan penosos contrarios,

887 1507 558 62 aunque es verdad que salió

886 1550 555 63 con todo el hocico hichado,

886 1594 551 64 corriendo se fué á su cerro,

887 1640 474 61 escarmentada del caso.

884 1680 554 65 Desde allí vió que el Grillo

874 1731 562 54 con su gente se ha llegado

884 1771 462 61 adonde el León estaba

886 1821 594 59 poniendo en orden su campo.

888 1857 447 62 Vió cómo á la batalla,

882 1901 456 60 el uno y el otro bando

883 1948 551 63 hacen la seña, y que todos,

883 1990 532 62 tan fuertes como bizarros,

880 2033 613 69 unos contra otros se embisten

876 2081 437 54 con coraje denodado;

882 2122 511 68 las fuertes culebras tiran

879 2172 453 80 muy crueles latigazos
