1860 2629
1079 265 234 65 (Núm. 38.)

302 1338 1088 182 JOCOSA RELACIÓN

432 1485 818 105 PARA REIR Y PASAR EL TIEMPO

181 1567 1334 100 a que le refιere y da cuenta de una cruel y sangrienta batalla que en

166 1635 1349 82 los campos de Araviana tuvo el valiente y esforzado León, rey de todos

388 1685 909 82 los animales, con el famoso y alentado Grillo, rey de

660 1728 381 92 todas las sabandijas.

219 1832 479 59 Atiéndame todo el orbe

173 1876 534 62 sin perder tiempo ni paso,

170 1923 557 64 escuchando á boca abierta,

176 1968 452 59 con los oídos tapados;

179 2012 517 59 que con esta condicíón

181 2053 529 67 Andrés de Porras Trellado

177 2105 529 59 les dirá dos mil verdades

177 2144 524 66 aunque vestidas de sayo:

177 2193 481 56 mil mentiras afeitadas

188 2236 522 64 y embelecos extremados.

904 1821 571 66 En fin, contará una historia

864 1864 493 68 de pasatiempo y regalo,

864 1917 468 57 de placer y de alegría

864 1962 535 66 que ha sucedido en el año

870 2011 540 61 de cien mil y novecientos,

866 2055 544 61 pasados noventa y tantos,

875 2101 511 56 en tiempo de primavera,

878 2141 586 64 y en los abundosos campos

868 2186 489 63 de la ilustre Araviana,

868 2234 408 138 ribera de Guadiano.
