1894 2691
344 257 510 76 A Dios la Universidad,

296 316 487 75 llena de sugetos tales,

296 369 633 66 que son las luzes del mundo,

299 420 576 67 y tu, luz de buenas artes.

345 470 582 60 A Dios Nazareth hermoso

302 517 698 72 y à Dios Monjas de los Angeles,

302 572 528 58 que à los Cielos imitays

300 621 542 56 con las voces tan suaves.

350 666 644 66 A Dios Hospital de Huerfanos

299 717 624 67 hijos sin Padres, ni madres,

302 768 507 60 con el de Misericordia,

302 823 655 63 por el bien que à pobres haze.

350 867 522 56 A Dios de Santa Isabel,

302 910 667 76 Templo tan hermoso, y grave,

302 967 625 64 con aquel del Buen-Sucesso,

303 1013 697 76 que es de los Servitas Frayles.

347 1062 525 72 A Dios Colegio famoso

300 1119 588 65 de Doctos, y ricos Padres,

302 1164 594 72 que en su Compañia tienen

302 1213 508 68 à Jesus por Estandarte.

350 1255 577 66 A Dios dichoso Convento

302 1311 628 70 de los Descalsos del Carmen,

302 1360 618 75 que el mejor Esposo tienen

303 1409 673 77 por patron, amparo, y padre,

350 1460 532 72 A Dios Santa Jerusalen,

302 1508 656 66 Convento hermoso, y afable,

303 1557 605 71 con el Angel de la Guarda

303 1610 669 71 que siempre quiere guardarme.

350 1663 534 59 A Dios Hospital famoso

305 1707 564 60 de Santa Cruz admirable,

303 1753 603 72 que eres amparo de pobres

305 1807 510 60 en todas enfermedades.

351 1852 585 75 A Dios singular Convento,

303 1903 590 74 tan hermoso como grande,

305 1955 574 69 venturoso con tu nombre,

302 1993 694 85 que es de la Virgen del Carmen.

351 2054 527 65 A Dios las Arepentidas,

303 2100 549 72 que llorando mocedades,

305 2155 538 77 con las lagrimas borrays

1059 257 541 82 las pisadas que pisasteys.

1110 312 598 79 A Dios de Minimas Monjas

1059 363 609 78 Iglesia nueva, y agradable,

1065 417 642 76 y à Dios bendito San Lazaro,

1056 463 550 67 Hospital para incurables.

1095 524 603 54 A Dios Monjas Capuchinas

1056 563 721 76 que no ay bien q bien no os quadre

1054 618 549 60 pues imitays los Varones,

1056 666 576 63 de penitencias mas graves.

1102 713 587 74 A Dios Monasterio insigne

1053 765 589 67 de monjas tan principales:

1053 811 580 68 que del Divino Geronymo

1054 865 569 69 seguís la Regla constante.

1096 911 542 71 A Dios Antonio Divino,

1056 961 562 67 que en aquellas Soledades

1057 1018 560 59 no pudo el Infierno junto

1054 1062 528 62 con visiones espantarte.

1099 1107 584 72 A Dios Apostol San Pablo,

1057 1170 546 57 que contra Dios peleaste,

1059 1213 571 62 y despues le amaste tanto,

1057 1258 561 66 que los Cielos penetraste.

1102 1305 566 70 A Dios casa de Comedias,

1054 1363 618 69 donde representan, y hacen

1056 1411 505 57 para recrear los gustos

1056 1457 583 66 tantas Comedias, y Bayles.

1101 1503 502 63 Divina Monica à Dios,

1053 1556 576 72 que por tu hijo alcanzaste,

1054 1608 543 64 con tus lagrimas devotas

1056 1657 550 63 en los Cielos tanta parte.

1105 1702 566 68 A Dios coronados Muros,

1053 1753 624 66 à Dios Torres, y homenajes,

1053 1804 508 60 con la fuerte Artilleria,

1057 1847 636 69 Terraplenos, y ondos Valles.

1101 1897 676 80 Mas à Dios, pues mas no puedo

1053 1955 555 61 que con silvós desiguales,

1051 1998 648 75 manda el Comite que aplique

1050 2051 540 71 à los remos los pulgares,

1056 2104 589 62 y empuñando su rebenque,

1051 2149 705 78 quita el polvo à nuestras carnes.

420 2294 1242 100 Barcelona: En la Imprenta de los Herederos de Juan Jolis.
