1906 2702
315 225 535 93 A Dios Palacio hermoso,

262 298 493 63 rico, galan, y bisarro,

261 345 586 67 pues hospedes los Virreyes,

259 391 598 77 Heroes en armas, y sangre.

309 439 461 72 A Dios rico General,

258 487 539 77 y Lonja de Mercadantes,

256 541 583 71 la mas bella eres de España

250 592 579 71 con tu hermoso ventanaje.

300 642 560 71 A Dios Sebastian Divino,

261 687 596 74 Cavallero, Santo, y Martyr,

249 740 610 69 muy gallardo con las plumas

247 798 549 59 de las carnes penetrantes.

295 846 550 63 A Dios la puente del Rey

243 884 523 70 dichosa pues hospedaste

241 936 592 69 al gran Rey Felipe Quarto,

240 986 689 79 que Dios tenga en gloria santa.

283 1035 517 71 A Dios nuevo Baluarte,

237 1086 671 74 con la de las pulgas nombrada,

238 1133 538 79 tambien el viejo del Rey,

235 1185 488 71 que de maduro se cae.

286 1235 487 64 A Dios las Ataracanas,

232 1280 585 69 donde labran cada instante

231 1326 507 73 Galeras para combatir,

225 1382 637 63 las de las Lunas menguantes.

280 1430 565 68 A Dios Templo venturoso

228 1475 598 75 de San Francisco mi Padre,

228 1526 565 68 cuyos Hijos son Menores,

226 1576 664 73 siendo en el Cielo tan grandes.

277 1622 591 77 A Dios calle ancha, y rica,

225 1678 580 70 con tus casas principales,

223 1729 457 64 theatro de rogosijos,

223 1772 667 72 quando ay mascaras, y bayles.

270 1823 554 71 A Dios Convento Divino,

220 1871 630 75 que de la Merced te llamaste,

219 1924 632 72 por las muchas que exercitas,

217 1972 544 69 dando à cantivos rescate.

271 2018 597 76 Tampoco olvidar me quiero

214 2068 579 72 de las de tu enfrente calle,

211 2119 580 75 en donde viven y mueren,

211 2176 487 59 tantas arpias picantes.

261 2224 575 62 A Dios Templo venturoso

211 2268 601 106 de la Virgen de Dios Madre,

1015 244 620 78 que siendo Estrella del Mar

1016 301 619 83 tambien del Mar te llamaste.

1061 355 564 80 A Dios Plasa rica y bella,

1010 405 531 75 donde celebren y hacen

1015 451 520 74 tantas justas, y torneos,

1013 507 582 73 como todo el mundo sabe.

1055 553 591 77 A Dios Monasterio insigne

1007 600 601 77 de aquella tan Santa Madre

1007 652 705 77 que siendo Clara en el nombre,

1006 699 670 78 es mas que el Sol relumbrante.

1051 747 620 83 A Dios Huertos, y Jardines,

1004 801 582 75 que siendo tantos, y tales,

1000 845 486 73 afrentais à los perfides

998 894 643 77 en hermosas flores, y arboles.

1045 945 629 84 A Dios gran Padre Agustino,

994 993 575 77 con aquella Santa Imagen,

992 1046 573 73 que el Divino Lucas hizo,

992 1094 625 79 que es la Madre de Piedades;

1039 1140 665 80 A Dios San Pedro, y la piedra

989 1187 592 81 de la Iglesia mas constante,

988 1244 688 82 pues soys Vice-Dios de Christo,

986 1292 458 69 y de la dorada Llave.

1028 1337 494 75 A Dios Sol de caridad,

985 1385 541 77 y de los Minimos Padres,

986 1439 631 77 gran San Francisco de Paula,

986 1487 630 75 raro exemplo de humildades.

1031 1540 624 82 A Dios Monjas de Junqueras,

979 1589 513 71 tan ricas, y principales

980 1636 582 72 que traeys del gran Patron

977 1684 622 78 de España la Cruz de sangre.

1022 1733 540 71 A Dios Santa Madalena,

973 1781 569 78 que derramando cristales;

976 1838 506 65 siendo muger pecadora

970 1880 625 78 perdon, y gloria alcansaste.

1021 1931 559 74 A Dios San Juan dichoso,

967 1981 704 77 que en el vientre de tu Madre,

965 2032 518 68 quiso Dios santificarte,

959 2083 589 66 muerto por dezir verdades.

1015 2130 653 78 A Dios nueva, y santa Iglesia

958 2169 486 82 del Divino Cucufate,

955 2217 730 87 que en honor, en aspa y cuchillo

955 2277 728 112 fue invencible , firme, y martyr.

1578 2332 60 104 A
