1860 2629
443 1594 706 90 VILLANCICOS

206 1662 1151 97 QUE SE CANTAN EN CÁDIZ POR NOCHE BUENA.

160 1772 447 98 En un portal de Belén

109 1862 507 61 espuesto al aire y al frio,

114 1912 572 64 nació un niño muy hermoso,

109 1954 498 68 el más bello y peregrino.

157 2008 538 62 Sus mejillas son dos rosas,

111 2046 505 70 sus labios clavel partido,

120 2096 459 72 y es todo tan agraciado

114 2155 438 59 que se atrae el cariño.

168 2199 479 61 Vamos, pues, á adorarle

111 2239 522 74 con afectos muy rendidos,

122 2293 560 64 y más que la lengua el alma

116 2344 441 70 le diga con amor fino:

851 1761 495 103 «Amor mio, yo os adoro,

800 1846 540 66 mi Jesús, mi bien querido,

804 1890 553 81 ¿cómo babeis tardado tanto?

809 1941 535 76 ¡cuán deseado habeis sido!

851 2002 478 63 »Bendita seais, Señora,

804 2044 450 65 y sea el Fruto bendito

802 2092 505 63 que salió de tus entrañas

800 2142 439 59 solo para redimirnos.

855 2197 425 63 »Jesús, María y José,

804 2249 599 60 sed mi amparo, norte y guia,

804 2289 433 72 para gozar en el cielo

804 2335 558 88 vuestra amable compañía.»
