1378 2080
116 20 383 58 Y en lo capitol mateix

67 48 511 76 diu, que en polvoras desfetas

65 95 472 73 las unglas, qui las beurá,

62 143 395 63 salut alcansará entera.

110 185 510 81 També diu, que las polvoras

62 225 437 80 de las unglas devanteras,

62 268 406 75 curarán de porcellanas,

62 315 499 68 si ab lo vinagre las mesclan.

104 357 494 78 Plinio escriu, la blanca llet

57 403 509 73 de la Burra, es molt potenta

58 448 462 72 per lo verí y las matsines,

58 490 410 64 y lliurar de pestilencia.

105 535 461 69 També mesclada ab la mel

55 580 367 68 cura de la disenteria,

53 625 505 70 y posada ab pols del ungla,

50 674 421 62 lleva lo mal de ceguera.

97 717 376 59 Altra propietat major

50 754 504 74 té, que entre bestias y feras,

46 804 446 62 sols los Asens y Colomas

45 844 511 71 se sap, que fel ells no tenen.

91 890 435 66 Altres secrets admirables

45 929 364 62 deixo, de naturalesa,

46 979 411 59 perque no vull enfadar,

41 1020 430 65 ab ma Jumental arenga:

86 1057 324 66 Pero no deixaré jo

52 1100 422 71 (ques obligació discreta)

39 1150 368 66 de referir las virtuts,

39 1196 498 67 que en un animal se veuhen.

81 1237 445 68 A quant considerám criat

32 1279 404 59 aprofita aqueixa bestia,

29 1322 456 68 mes quels demes animals,

31 1365 511 73 y que ab menos gasto menja.

76 1409 419 69 Poden fer los Asens sols

31 1449 478 72 lo treball de mes maneras,

27 1502 493 68 que no los altres, pus saben

22 1539 387 66 acomodarse á la cella.

67 1584 477 71 Quant importa, porta bast,

26 1632 450 64 quant convé, tira carreta,

20 1672 460 76 ell llaura bé, com lo bou,

20 1714 441 71 y mena molt bé la rella.

64 1757 424 76 La cárrega que li posan,

20 1799 389 74 té cuidado vage dreta,

19 1847 407 70 sap ruar com lo caball,

17 1891 386 79 ningun ofici desprecia.

754 34 445 70 Pus serveix pera la cinia,

714 79 462 71 porta municions de guerra,

708 123 364 67 pera detenirlo un xo

707 169 534 71 pot mes, que no trenta rendas.

747 208 449 67 Peraque camine, un arri,

705 253 503 71 val mes que divuit espuelas:

702 299 487 66 no hi ha animal mes valent

700 332 496 82 com lo Burro, es cosa certa,

740 381 560 73 Pus que un Ase á tun gran Lleó

696 421 470 76 á cossas mata ab violencia;

702 464 436 78 y també Plutarco afirma,

698 514 503 71 que Asens á tigres tremendos

734 554 559 75 Se ha vist, que han donat la mort.

693 594 418 75 No sols viu té fortalesa,

691 641 427 69 digau lo esforçat Samsó,

691 686 480 73 quant fou de gent Philistea

736 728 428 76 Embestit, que descuidat

689 773 477 71 estaba, prengué de en terra

688 819 421 71 una barra de Ase, acás;

684 864 376 68 matá casi mil ab ella.

729 915 349 50 Aquest animal doná

682 948 505 67 aquellas sinch vocals lletras:

686 996 503 66 oygan quant brama, que diu

684 1034 555 77 A, E, I, O, U; y nos ensenya

722 1086 401 64 A llegir, pus estas son

681 1119 487 77 las primeras que se aprenen.

679 1166 404 69 La monarquia Romana

677 1211 458 73 dibuixaba en sas banderas,

717 1254 355 68 Pera denotar silenci,

670 1294 449 71 del Ase los ulls y orellas.

670 1338 399 69 Los Arabes y Egipcios

669 1390 464 62 observants en gran manera

712 1430 421 72 Dels ritos y ceremonias,

669 1466 416 76 sos oráculs y quimeras;

667 1514 454 68 la pell del Ase pintaban

667 1566 483 65 en pendons y sas empresas:

714 1601 452 76 Y de aixó preciaban molt,

670 1646 451 70 perque silenci tinguessen:

662 1696 426 65 aquest demano al lector,

665 1736 428 68 y que llitja ab paciencia

702 1780 490 72 Las cosas de aqueix Jument,

670 1820 430 72 (totas de misteris plenas,

665 1872 413 65 y aprobadas per autors)

656 1910 410 71 en la Catalana llengua.

19 1982 1230 96 Barcelona: En la Estampa dels Hereus de la Viuda Pla, als Cotoners.
