1378 2130
174 49 429 55 Ab Asens los dos anaren

127 83 554 67 no ab los caballs, ni las eguas;

133 133 397 58 y pus lo poble de Deu

126 175 493 66 los preciaba ab tantas veras,

166 221 435 55 Sens dubtari gens, seria

124 259 556 64 per mes honra y mes grandesa:

120 307 402 56 aixi fou ab los gentils,

118 351 563 59 com Naso molt be ho sentencia.

159 390 478 66 Ab Asens los Deus anaren

117 436 413 55 á dar lo castich y pena

117 479 415 64 als furibundos gegants,

120 525 494 57 que posánt penyas á penyas

156 564 401 67 Pensaren pujar al Cel,

120 612 444 58 y atropellar los planetas:

120 654 359 59 Y basta pera saber

117 699 479 64 qu'es mes que totas perfeta

156 740 454 65 Esta bestia; pus triunfant

110 782 444 66 se veu Jesuchrist en ella,

110 830 470 62 en lo dia que feu lo poble,

110 867 383 66 á sa Magestat Eterna,

152 910 439 68 La entrada en Jerusalem,

108 949 527 76 ab tants de rams, tanta festa;

110 1006 435 59 y quant aquella Senyora

110 1049 440 60 parí, quedantse donsella,

149 1091 397 55 Ab Joseph perfet varó

106 1123 439 71 á Egipte fugí ab sumera.

101 1171 445 69 La Burra que aná Balam,

102 1221 425 62 antes que no lo Profeta,

149 1260 461 71 Veu al Angel ab la espasa,

106 1301 382 67 y parlá dita Jumenta.

102 1352 341 59 Afirma sant Agusti,

101 1393 469 64 que de nostra mare Iglesia

142 1432 412 69 Fou figura nova lo Ase,

95 1476 455 59 com la Burra de la vella.

95 1519 499 67 Lo primer que llaurá camps

92 1563 540 75 Noé fou, y es cosa molt certa,

134 1606 503 74 Que ab una burra y un bou,

92 1652 444 60 ubrí á la terra las venas.

92 1695 351 67 Aristoteles y Plinio,

88 1744 425 61 ab Varro nos aconsellan

131 1783 446 71 De est animal las virtuts,

90 1828 492 69 propietats y preheminencias.

87 1876 390 56 Lo philosoph Apuleyo

85 1917 467 71 no se afronta, ni desprecia

127 1961 402 66 De ser Ase, pus escriu

83 2002 527 85 ser transformat en la essencia;

763 56 439 62 aquest escrigué lo llibre,

760 101 545 67 que en tota la Libia, y Media

807 147 418 53 Ase de or fou nomenat

768 189 453 59 per sas agudas sentencias.

767 232 490 66 Y Job també fou molt rich,

763 280 405 60 y fou sa major riquesa

804 317 440 69 Tenir burras, pus se sap

760 356 520 75 que passaren de sinch centas;

761 404 411 64 y los famosos Romans,

763 450 474 57 per aumentar sas hisiendas

802 493 476 62 Copia de Asens pasturaban

760 539 509 64 en sas ben guardadas herbas,

758 583 456 56 com Marco Varron escriu

756 623 503 62 en sas obras sempre eternas.

799 665 564 92 També se diu, que en lo seu temps

752 715 464 66 se va fer una gran venda;

749 757 499 64 sols de un Ase que's vengué

749 800 510 64 en mes de tres mil monedas.

793 844 421 57 Al compte Malla gitano

751 882 390 60 tota sa gran opulencia

747 924 439 70 li vingué de criar Asens,

745 972 501 61 y de ells tingué sa grandesa.

784 1017 524 63 Las damas, que en Barcelona

744 1061 388 64 estaban mes opulentas,

742 1107 353 52 anaban á sas visitas

744 1150 486 60 ab los burrets de Sardenya.

783 1194 380 60 Eran en tant estimats

738 1235 485 67 estos Sardets, que per ellas

736 1281 377 59 era lo millor present,

738 1324 430 60 quant arribaban galeras.

781 1366 417 62 Los pares de la Cartuxa

736 1409 453 67 plens de virtut y noblesa,

733 1453 444 68 mes estiman un bon Ase,

736 1499 524 71 que deu caballs per sas eguas.

772 1542 462 64 Dels pares de Sant Geroni

729 1588 455 64 en los prats y las devesas,

729 1627 457 61 Potrets pasturan superbos

731 1675 490 60 fills del Ase, que sustentan.

776 1718 447 67 Amés de aixó, est animal

733 1762 426 57 té tantas virtuts secretas

726 1806 453 59 en son cos; que será rahó

728 1851 463 66 sian estimats sos membres.

770 1892 380 65 Dioscórides nos avisa,

726 1940 579 69 que si hun (sens salut) se menja

726 1986 383 60 sos fetjes, será guarit,

722 2019 394 86 de gota coral y llepra.

1239 2082 53 44 Y
