<?xml version="1.0" encoding="UTF-8"?>
<alto xmlns:xsi="http://www.w3.org/2001/XMLSchema-instance"
      xmlns="http://www.loc.gov/standards/alto/ns-v4#"
      xsi:schemaLocation="http://www.loc.gov/standards/alto/ns-v4# http://www.loc.gov/standards/alto/v4/alto-4-2.xsd">
  <Description>
    <MeasurementUnit>pixel</MeasurementUnit>
    <sourceImageInformation>
      <fileName>Varios_285_1.jpg</fileName>
      
    </sourceImageInformation>
  </Description>
  
  <Tags>
    <OtherTag ID="BT221" LABEL="CustomZone:impresorNum" DESCRIPTION="block type CustomZone:impresorNum"/><OtherTag ID="BT222" LABEL="CustomZone:numero_pliego" DESCRIPTION="block type CustomZone:numero_pliego"/><OtherTag ID="BT223" LABEL="CustomZone:title" DESCRIPTION="block type CustomZone:title"/><OtherTag ID="BT224" LABEL="GraphicZone:illustration" DESCRIPTION="block type GraphicZone:illustration"/><OtherTag ID="BT225" LABEL="GraphicZone:ornamentation" DESCRIPTION="block type GraphicZone:ornamentation"/><OtherTag ID="BT226" LABEL="MainZone" DESCRIPTION="block type MainZone"/><OtherTag ID="BT227" LABEL="MainZone:columns" DESCRIPTION="block type MainZone:columns"/><OtherTag ID="BT228" LABEL="MarginTextZone:colophon" DESCRIPTION="block type MarginTextZone:colophon"/><OtherTag ID="BT229" LABEL="MarginTextZone:note" DESCRIPTION="block type MarginTextZone:note"/><OtherTag ID="BT230" LABEL="MusicZone" DESCRIPTION="block type MusicZone"/><OtherTag ID="BT231" LABEL="NumberingZone:page" DESCRIPTION="block type NumberingZone:page"/><OtherTag ID="BT232" LABEL="QuireMarksZone:catchwords" DESCRIPTION="block type QuireMarksZone:catchwords"/><OtherTag ID="BT233" LABEL="QuireMarksZone:signature" DESCRIPTION="block type QuireMarksZone:signature"/><OtherTag ID="BT234" LABEL="RunningTitleZone" DESCRIPTION="block type RunningTitleZone"/>
    <OtherTag ID="LT81" LABEL="CustomLine:propriedad" DESCRIPTION="line type CustomLine:propriedad"/><OtherTag ID="LT82" LABEL="CustomLine:trailer" DESCRIPTION="line type CustomLine:trailer"/><OtherTag ID="LT83" LABEL="DefaultLine" DESCRIPTION="line type DefaultLine"/><OtherTag ID="LT84" LABEL="HeadingLine" DESCRIPTION="line type HeadingLine"/>
  </Tags>
  
  <Layout>
    <Page WIDTH="1860"
          HEIGHT="2629"
          PHYSICAL_IMG_NR="180"
          ID="eSc_dummypage_">
      <PrintSpace HPOS="0"
                  VPOS="0"
                  WIDTH="1860"
                  HEIGHT="2629">
        
        <TextBlock HPOS="17.0"
                   VPOS="1752.0"
                   WIDTH="688.0"
                   HEIGHT="725.0"
                   ID="eSc_textblock_5b202500"
                   TAGREFS="BT227">
          <Shape><Polygon POINTS="559 1919 550 2004 637 2038 611 2179 576 2234 603 2416 550 2477 17 2451 35 1822 87 1752 638 1770 705 1789"/></Shape>
          
          
          <TextLine ID="eSc_line_d0985842"
                    TAGREFS="LT83"
                    BASELINE="83 1794 677 1814" 
                    HPOS="78.0"
                    VPOS="1752.0"
                    WIDTH="597.0"
                    HEIGHT="86.0">
            <Shape><Polygon POINTS="651 1781 629 1768 607 1768 585 1768 563 1765 541 1765 519 1765 497 1765 475 1763 454 1763 432 1763 410 1761 388 1761 366 1761 344 1759 322 1759 300 1759 278 1757 256 1757 234 1757 212 1754 190 1754 168 1754 146 1752 125 1752 103 1752 81 1757 81 1792 78 1809 541 1818 671 1838 675 1811 675 1759 653 1757 651 1781"/></Shape>
	    <String CONTENT="Sobre una alfombra de flores,"
                    HPOS="78.0"
                    VPOS="1752.0"
                    WIDTH="597.0"
                    HEIGHT="86.0"></String>
          </TextLine>

          
          
          <TextLine ID="eSc_line_54ce391e"
                    TAGREFS="LT83"
                    BASELINE="41 1838 592 1858" 
                    HPOS="37.0"
                    VPOS="1794.0"
                    WIDTH="553.0"
                    HEIGHT="85.0">
            <Shape><Polygon POINTS="500 1807 478 1807 456 1805 434 1805 412 1805 390 1803 368 1803 346 1803 221 1803 217 1803 210 1796 193 1796 171 1796 149 1796 131 1794 50 1796 39 1814 39 1835 37 1849 585 1879 590 1857 590 1818 508 1807 500 1807"/></Shape>
	    <String CONTENT="cerca de hermosas plantas,"
                    HPOS="37.0"
                    VPOS="1794.0"
                    WIDTH="553.0"
                    HEIGHT="85.0"></String>
          </TextLine>

          
          
          <TextLine ID="eSc_line_335017c5"
                    TAGREFS="LT83"
                    BASELINE="45 1893 471 1905" 
                    HPOS="41.0"
                    VPOS="1840.0"
                    WIDTH="428.0"
                    HEIGHT="72.0">
            <Shape><Polygon POINTS="43 1892 41 1903 465 1912 469 1903 469 1860 43 1840 43 1892"/></Shape>
	    <String CONTENT="à donde las avecillas"
                    HPOS="41.0"
                    VPOS="1840.0"
                    WIDTH="428.0"
                    HEIGHT="72.0"></String>
          </TextLine>

          
          
          <TextLine ID="eSc_line_c190aa11"
                    TAGREFS="LT83"
                    BASELINE="39 1942 549 1960" 
                    HPOS="35.0"
                    VPOS="1890.0"
                    WIDTH="513.0"
                    HEIGHT="90.0">
            <Shape><Polygon POINTS="410 1903 388 1903 366 1901 344 1901 322 1901 300 1901 278 1899 256 1899 252 1899 125 1901 114 1897 107 1895 103 1895 81 1895 59 1895 57 1890 37 1897 37 1941 35 1960 543 1980 548 1958 548 1892 484 1890 482 1890 480 1890 478 1890 478 1892 475 1892 454 1912 412 1903 410 1903"/></Shape>
	    <String CONTENT="tienden sus pintadas alas"
                    HPOS="35.0"
                    VPOS="1890.0"
                    WIDTH="513.0"
                    HEIGHT="90.0"></String>
          </TextLine>

          
          
          <TextLine ID="eSc_line_f481c88b"
                    TAGREFS="LT83"
                    BASELINE="43 1990 527 2007" 
                    HPOS="39.0"
                    VPOS="1949.0"
                    WIDTH="487.0"
                    HEIGHT="77.0">
            <Shape><Polygon POINTS="41 1989 39 2008 269 2008 331 2013 465 2026 467 2026 524 2015 526 2006 526 1960 41 1949 41 1989"/></Shape>
	    <String CONTENT="y con sus trinos alegres"
                    HPOS="39.0"
                    VPOS="1949.0"
                    WIDTH="487.0"
                    HEIGHT="77.0"></String>
          </TextLine>

          
          
          <TextLine ID="eSc_line_2ae470ab"
                    TAGREFS="LT83"
                    BASELINE="32 2037 626 2059" 
                    HPOS="28.0"
                    VPOS="1993.0"
                    WIDTH="597.0"
                    HEIGHT="88.0">
            <Shape><Polygon POINTS="598 2052 579 2037 557 2015 552 2002 550 2002 548 2002 546 2002 543 2002 535 2002 513 2004 513 2006 493 2006 451 2011 364 2002 359 2002 337 2000 315 2000 293 2000 271 1998 250 1998 228 1998 206 1995 184 1995 162 1995 140 1993 30 1993 30 2035 28 2057 620 2081 625 2057 622 2004 605 2006 598 2052"/></Shape>
	    <String CONTENT="al Rey del cielo dan gracias,"
                    HPOS="28.0"
                    VPOS="1993.0"
                    WIDTH="597.0"
                    HEIGHT="88.0"></String>
          </TextLine>

          
          
          <TextLine ID="eSc_line_8852de61"
                    TAGREFS="LT83"
                    BASELINE="37 2087 197 2090 348 2094 554 2103" 
                    HPOS="32.0"
                    VPOS="2048.0"
                    WIDTH="520.0"
                    HEIGHT="77.0">
            <Shape><Polygon POINTS="35 2085 32 2101 548 2125 552 2101 552 2063 35 2048 35 2085"/></Shape>
	    <String CONTENT="en aqueste prado ameno,"
                    HPOS="32.0"
                    VPOS="2048.0"
                    WIDTH="520.0"
                    HEIGHT="77.0"></String>
          </TextLine>

          
          
          <TextLine ID="eSc_line_33e759a5"
                    TAGREFS="LT83"
                    BASELINE="37 2136 604 2156" 
                    HPOS="32.0"
                    VPOS="2090.0"
                    WIDTH="571.0"
                    HEIGHT="100.0">
            <Shape><Polygon POINTS="35 2133 32 2151 111 2168 114 2168 186 2162 239 2157 252 2166 261 2175 263 2175 265 2175 267 2177 335 2177 335 2175 337 2175 339 2175 342 2173 357 2162 372 2175 375 2175 377 2175 379 2175 390 2175 528 2171 541 2186 543 2186 543 2188 546 2188 548 2188 550 2190 600 2190 603 2155 600 2118 35 2090 35 2133"/></Shape>
	    <String CONTENT="en este edén de fragancias,"
                    HPOS="32.0"
                    VPOS="2090.0"
                    WIDTH="571.0"
                    HEIGHT="100.0"></String>
          </TextLine>

          
          
          <TextLine ID="eSc_line_9dd2e5b2"
                    TAGREFS="LT83"
                    BASELINE="32 2182 543 2199" 
                    HPOS="28.0"
                    VPOS="2136.0"
                    WIDTH="513.0"
                    HEIGHT="78.0">
            <Shape><Polygon POINTS="30 2179 28 2201 537 2214 541 2197 539 2157 103 2151 30 2136 30 2179"/></Shape>
	    <String CONTENT="en este sitio ue encubre"
                    HPOS="28.0"
                    VPOS="2136.0"
                    WIDTH="513.0"
                    HEIGHT="78.0"></String>
          </TextLine>

          
          
          <TextLine ID="eSc_line_b0fc2aba"
                    TAGREFS="LT83"
                    BASELINE="39 2234 514 2249" 
                    HPOS="35.0"
                    VPOS="2195.0"
                    WIDTH="478.0"
                    HEIGHT="68.0">
            <Shape><Polygon POINTS="37 2232 35 2256 508 2263 513 2247 513 2203 37 2195 37 2232"/></Shape>
	    <String CONTENT="tantas aflictivas causas"
                    HPOS="35.0"
                    VPOS="2195.0"
                    WIDTH="478.0"
                    HEIGHT="68.0"></String>
          </TextLine>

          
          
          <TextLine ID="eSc_line_b90949a0"
                    TAGREFS="LT83"
                    BASELINE="41 2282 564 2301" 
                    HPOS="37.0"
                    VPOS="2241.0"
                    WIDTH="526.0"
                    HEIGHT="76.0">
            <Shape><Polygon POINTS="39 2280 37 2293 271 2313 274 2313 379 2306 383 2306 394 2315 394 2317 397 2317 399 2317 401 2317 561 2311 563 2300 563 2254 39 2241 39 2280"/></Shape>
	    <String CONTENT="de las que una os contaré,"
                    HPOS="37.0"
                    VPOS="2241.0"
                    WIDTH="526.0"
                    HEIGHT="76.0"></String>
          </TextLine>

          
          
          <TextLine ID="eSc_line_257d2844"
                    TAGREFS="LT83"
                    BASELINE="35 2328 582 2352" 
                    HPOS="30.0"
                    VPOS="2293.0"
                    WIDTH="551.0"
                    HEIGHT="73.0">
            <Shape><Polygon POINTS="32 2326 30 2339 576 2366 581 2350 581 2306 32 2293 32 2326"/></Shape>
	    <String CONTENT="si el cielo me dá su gracia,"
                    HPOS="30.0"
                    VPOS="2293.0"
                    WIDTH="551.0"
                    HEIGHT="73.0"></String>
          </TextLine>

          
          
          <TextLine ID="eSc_line_ab2ee80b"
                    TAGREFS="LT83"
                    BASELINE="35 2381 596 2400" 
                    HPOS="30.0"
                    VPOS="2337.0"
                    WIDTH="564.0"
                    HEIGHT="75.0">
            <Shape><Polygon POINTS="583 2359 32 2337 32 2379 30 2394 590 2412 594 2398 592 2381 583 2359"/></Shape>
	    <String CONTENT="y porque es país su nombre"
                    HPOS="30.0"
                    VPOS="2337.0"
                    WIDTH="564.0"
                    HEIGHT="75.0"></String>
          </TextLine>

          
          
          <TextLine ID="eSc_line_d6196206"
                    TAGREFS="LT83"
                    BASELINE="30 2431 517 2447" 
                    HPOS="30.0"
                    VPOS="2392.0"
                    WIDTH="487.0"
                    HEIGHT="103.0">
            <Shape><Polygon POINTS="30 2431 30 2471 74 2458 140 2471 168 2475 171 2475 173 2475 190 2471 223 2460 247 2469 296 2490 298 2490 407 2495 410 2495 412 2495 469 2469 515 2469 517 2447 517 2409 436 2394 434 2394 394 2403 381 2392 379 2392 377 2392 375 2392 30 2392 30 2431"/></Shape>
	    <String CONTENT="será preciso nombrarla."
                    HPOS="30.0"
                    VPOS="2392.0"
                    WIDTH="487.0"
                    HEIGHT="103.0"></String>
          </TextLine>

          
        </TextBlock>
        
        <TextBlock HPOS="719.0"
                   VPOS="1770.0"
                   WIDTH="647.0"
                   HEIGHT="725.0"
                   ID="eSc_textblock_48272dd2"
                   TAGREFS="BT227">
          <Shape><Polygon POINTS="1305 2068 1340 2188 1305 2337 1366 2453 1348 2495 719 2469 719 1866 772 1770 1313 1787 1340 1814"/></Shape>
          
          
          <TextLine ID="eSc_line_3a61d456"
                    TAGREFS="LT83"
                    BASELINE="778 1817 1316 1831" 
                    HPOS="774.0"
                    VPOS="1770.0"
                    WIDTH="539.0"
                    HEIGHT="83.0">
            <Shape><Polygon POINTS="1259 1785 1237 1783 1223 1783 1221 1785 1219 1785 1204 1785 1162 1781 1149 1781 1127 1781 1105 1778 1083 1778 1061 1778 1039 1778 1017 1776 1004 1776 991 1778 914 1778 910 1774 908 1774 886 1772 872 1772 870 1774 807 1770 798 1770 776 1770 776 1811 774 1833 1309 1853 1313 1829 1311 1789 1291 1785 1280 1785"/></Shape>
	    <String CONTENT="En la gran Sierra Morena,"
                    HPOS="774.0"
                    VPOS="1770.0"
                    WIDTH="539.0"
                    HEIGHT="83.0"></String>
          </TextLine>

          
          
          <TextLine ID="eSc_line_33586f70"
                    TAGREFS="LT83"
                    BASELINE="745 1864 1184 1877" 
                    HPOS="743.0"
                    VPOS="1822.0"
                    WIDTH="441.0"
                    HEIGHT="73.0">
            <Shape><Polygon POINTS="745 1864 743 1879 1180 1895 1184 1877 1184 1835 745 1822 745 1864"/></Shape>
	    <String CONTENT="de tantos delitos capa,"
                    HPOS="743.0"
                    VPOS="1822.0"
                    WIDTH="441.0"
                    HEIGHT="73.0"></String>
          </TextLine>

          
          
          <TextLine ID="eSc_line_6f24daaf"
                    TAGREFS="LT83"
                    BASELINE="732 1910 1318 1928" 
                    HPOS="728.0"
                    VPOS="1862.0"
                    WIDTH="588.0"
                    HEIGHT="94.0">
            <Shape><Polygon POINTS="1103 1873 1094 1873 1083 1881 1065 1873 1059 1873 1037 1873 1015 1870 993 1870 971 1870 960 1868 844 1873 826 1868 813 1864 796 1864 774 1864 752 1864 750 1862 730 1868 730 1908 728 1923 785 1925 787 1927 800 1941 802 1941 804 1941 807 1941 809 1941 844 1930 851 1930 919 1930 921 1934 927 1943 930 1943 930 1945 932 1945 934 1945 936 1945 969 1938 978 1936 984 1938 1004 1947 1006 1947 1311 1956 1316 1927 1316 1868 1261 1868 1259 1868 1256 1868 1254 1868 1234 1884 1219 1870 1217 1870 1215 1870 1212 1870 1129 1884 1114 1873 1103 1873"/></Shape>
	    <String CONTENT="amparo de aquel que ofende,"
                    HPOS="728.0"
                    VPOS="1862.0"
                    WIDTH="588.0"
                    HEIGHT="94.0"></String>
          </TextLine>

          
          
          <TextLine ID="eSc_line_61f130bd"
                    TAGREFS="LT83"
                    BASELINE="734 1960 1272 1978" 
                    HPOS="732.0"
                    VPOS="1919.0"
                    WIDTH="540.0"
                    HEIGHT="83.0">
            <Shape><Polygon POINTS="734 1960 732 1973 1267 2002 1272 1978 1272 1936 734 1919 734 1960"/></Shape>
	    <String CONTENT="defensa del que mal anda,"
                    HPOS="732.0"
                    VPOS="1919.0"
                    WIDTH="540.0"
                    HEIGHT="83.0"></String>
          </TextLine>

          
          
          <TextLine ID="eSc_line_4f8900b1"
                    TAGREFS="LT83"
                    BASELINE="739 2008 1221 2024" 
                    HPOS="736.0"
                    VPOS="1967.0"
                    WIDTH="485.0"
                    HEIGHT="74.0">
            <Shape><Polygon POINTS="739 2008 736 2024 1217 2041 1221 2024 1221 1984 739 1967 739 2008"/></Shape>
	    <String CONTENT="me puse sentado un día,"
                    HPOS="736.0"
                    VPOS="1967.0"
                    WIDTH="485.0"
                    HEIGHT="74.0"></String>
          </TextLine>

          
          
          <TextLine ID="eSc_line_e000ab94"
                    TAGREFS="LT83"
                    BASELINE="734 2057 1270 2076" 
                    HPOS="730.0"
                    VPOS="2013.0"
                    WIDTH="539.0"
                    HEIGHT="81.0">
            <Shape><Polygon POINTS="732 2055 730 2079 1265 2094 1269 2074 1269 2028 732 2013 732 2055"/></Shape>
	    <String CONTENT="cansado de andar de caza,"
                    HPOS="730.0"
                    VPOS="2013.0"
                    WIDTH="539.0"
                    HEIGHT="81.0"></String>
          </TextLine>

          
          
          <TextLine ID="eSc_line_8fdacf57"
                    TAGREFS="LT83"
                    BASELINE="736 2107 1281 2125" 
                    HPOS="732.0"
                    VPOS="2068.0"
                    WIDTH="548.0"
                    HEIGHT="79.0">
            <Shape><Polygon POINTS="734 2105 732 2120 1276 2147 1280 2122 1280 2076 734 2068 734 2105"/></Shape>
	    <String CONTENT="arrimado á un duro tronco"
                    HPOS="732.0"
                    VPOS="2068.0"
                    WIDTH="548.0"
                    HEIGHT="79.0"></String>
          </TextLine>

          
          
          <TextLine ID="eSc_line_76329f33"
                    TAGREFS="LT83"
                    BASELINE="734 2155 1318 2173" 
                    HPOS="732.0"
                    VPOS="2109.0"
                    WIDTH="586.0"
                    HEIGHT="90.0">
            <Shape><Polygon POINTS="734 2155 732 2173 1313 2199 1318 2173 1316 2125 1265 2133 734 2109 734 2155"/></Shape>
	    <String CONTENT="discurriendo en cosas varias,"
                    HPOS="732.0"
                    VPOS="2109.0"
                    WIDTH="586.0"
                    HEIGHT="90.0"></String>
          </TextLine>

          
          
          <TextLine ID="eSc_line_a3d45a84"
                    TAGREFS="LT83"
                    BASELINE="736 2208 1175 2221" 
                    HPOS="732.0"
                    VPOS="2166.0"
                    WIDTH="441.0"
                    HEIGHT="68.0">
            <Shape><Polygon POINTS="734 2206 732 2221 1169 2234 1173 2219 1173 2182 734 2166 734 2206"/></Shape>
	    <String CONTENT="quejoso de la fortuna"
                    HPOS="732.0"
                    VPOS="2166.0"
                    WIDTH="441.0"
                    HEIGHT="68.0"></String>
          </TextLine>

          
          
          <TextLine ID="eSc_line_823d2d80"
                    TAGREFS="LT83"
                    BASELINE="736 2258 1280 2277" 
                    HPOS="732.0"
                    VPOS="2208.0"
                    WIDTH="546.0"
                    HEIGHT="90.0">
            <Shape><Polygon POINTS="734 2256 732 2276 853 2274 910 2285 921 2287 923 2287 925 2287 930 2287 965 2278 1274 2298 1278 2276 1278 2228 734 2208 734 2256"/></Shape>
	    <String CONTENT="que con rigor me maltrata,"
                    HPOS="732.0"
                    VPOS="2208.0"
                    WIDTH="546.0"
                    HEIGHT="90.0"></String>
          </TextLine>

          
          
          <TextLine ID="eSc_line_f787561c"
                    TAGREFS="LT83"
                    BASELINE="730 2304 1156 2323" 
                    HPOS="726.0"
                    VPOS="2267.0"
                    WIDTH="429.0"
                    HEIGHT="79.0">
            <Shape><Polygon POINTS="728 2302 726 2315 772 2333 774 2333 846 2335 848 2335 851 2335 853 2335 853 2333 866 2322 930 2337 932 2337 934 2337 958 2328 969 2339 969 2342 971 2342 973 2342 976 2342 1041 2331 1052 2344 1055 2344 1055 2346 1057 2346 1059 2346 1061 2346 1153 2333 1155 2322 1155 2287 1013 2267 728 2267 728 2302"/></Shape>
	    <String CONTENT="oí una voz lastimosa"
                    HPOS="726.0"
                    VPOS="2267.0"
                    WIDTH="429.0"
                    HEIGHT="79.0"></String>
          </TextLine>

          
          
          <TextLine ID="eSc_line_ff5683e8"
                    TAGREFS="LT83"
                    BASELINE="732 2355 1267 2370" 
                    HPOS="730.0"
                    VPOS="2309.0"
                    WIDTH="537.0"
                    HEIGHT="81.0">
            <Shape><Polygon POINTS="883 2309 881 2309 879 2309 877 2309 851 2320 846 2322 732 2317 732 2355 730 2368 752 2379 754 2379 756 2379 958 2374 1114 2390 1116 2390 1265 2381 1267 2370 1267 2335 1193 2317 1191 2317 1076 2328 1061 2328 1059 2326 1039 2315 1037 2315 1035 2315 1033 2315 908 2322 901 2322 899 2322 886 2309 883 2309"/></Shape>
	    <String CONTENT="que sonaba en la montaña"
                    HPOS="730.0"
                    VPOS="2309.0"
                    WIDTH="537.0"
                    HEIGHT="81.0"></String>
          </TextLine>

          
          
          <TextLine ID="eSc_line_2c46eeac"
                    TAGREFS="LT83"
                    BASELINE="732 2403 1263 2420" 
                    HPOS="728.0"
                    VPOS="2355.0"
                    WIDTH="533.0"
                    HEIGHT="76.0">
            <Shape><Polygon POINTS="728 2423 1256 2431 1261 2418 1261 2383 862 2359 859 2359 837 2359 761 2366 732 2355 730 2401 728 2423"/></Shape>
	    <String CONTENT="á orillas de un arroyuelo,"
                    HPOS="728.0"
                    VPOS="2355.0"
                    WIDTH="533.0"
                    HEIGHT="76.0"></String>
          </TextLine>

          
          
          <TextLine ID="eSc_line_e7c05a01"
                    TAGREFS="LT83"
                    BASELINE="734 2455 1342 2471" 
                    HPOS="732.0"
                    VPOS="2405.0"
                    WIDTH="610.0"
                    HEIGHT="110.0">
            <Shape><Polygon POINTS="1195 2418 1173 2416 1151 2416 1129 2416 1107 2416 1090 2414 851 2416 824 2407 822 2407 807 2405 734 2414 734 2455 732 2477 756 2490 758 2490 761 2490 826 2482 864 2475 921 2486 947 2490 949 2490 951 2490 954 2490 956 2488 969 2477 1024 2477 1037 2490 1039 2490 1041 2490 1044 2490 1125 2490 1140 2497 1164 2515 1166 2515 1169 2515 1171 2515 1340 2508 1342 2471 1342 2431 1201 2418 1195 2418"/></Shape>
	    <String CONTENT="que con las breñas se enlaza."
                    HPOS="732.0"
                    VPOS="2405.0"
                    WIDTH="610.0"
                    HEIGHT="110.0"></String>
          </TextLine>

          
        </TextBlock>
        
        <TextBlock HPOS="35.0"
                   VPOS="1397.0"
                   WIDTH="1465.0"
                   HEIGHT="360.0"
                   ID="eSc_textblock_63de3811"
                   TAGREFS="BT223">
          <Shape><Polygon POINTS="35 1397 45 1699 1500 1757 1500 1418"/></Shape>
          
        </TextBlock>
        
        <TextBlock HPOS="58.0"
                   VPOS="371.0"
                   WIDTH="1416.0"
                   HEIGHT="1039.0"
                   ID="eSc_textblock_3eb78132"
                   TAGREFS="BT224">
          <Shape><Polygon POINTS="58 1362 82 371 1474 395 1456 1410"/></Shape>
          
        </TextBlock>
        

        
      </PrintSpace>
    </Page>
  </Layout>
</alto>
