1753 2480
283.0 82.0 448.0 62.0 Estuve atento por ver

245.0 117.0 534.0 85.0 Si era de persona humana,

243.0 173.0 406.0 70.0 y percibí que decía

248.0 227.0 483.0 72.0 estas sentidas palabras:

277.0 268.0 644.0 89.0 —Tirano amor, pues tú has sido

235.0 322.0 521.0 72.0 la causa de mi desgracia,

235.0 376.0 517.0 66.0 díspara tus duras flechas

233.0 417.0 614.0 81.0 contra el que así me maltrata.

270.0 462.0 509.0 77.0 ¿Amante falso y traidor,

231.0 514.0 513.0 79.0 cómo me dejas sin causa

231.0 572.0 509.0 60.0 en tan terrible abandono

229.0 622.0 488.0 55.0 y de la muerte cercana?

268.0 667.0 532.0 66.0 Sacra Virgen del Rosario,

231.0 706.0 463.0 75.0 mi patrona y abogada,

227.0 760.0 510.0 79.0 alcanzadme que confiese

229.0 812.0 542.0 70.0 porque no peligre el alma.

266.0 859.0 529.0 68.0 Puse carga á mi escopeta

227.0 899.0 500.0 86.0 bien prevenida de balas,

231.0 956.0 401.0 73.0 por el eco de la voz

227.0 1004.0 566.0 81.0 llegué á parar donde estaba

225.0 1054.0 391.0 68.0 una juvenil belleza

221.0 1103.0 572.0 77.0 á un duro tronco amarrada,

221.0 1149.0 475.0 76.0 desmelenado el cabello

221.0 1198.0 446.0 79.0 y de ropas despojada.

260.0 1256.0 504.0 64.0 Cuando ví tal hermosura

223.0 1302.0 525.0 72.0 quedé sin hablar palabra;

221.0 1345.0 481.0 81.0 viéndome ella suspenso

217.0 1403.0 585.0 70.0 de aquesta suerte me habla:

221.0 1446.0 614.0 81.0 —Llega, mancebo y no temas,

217.0 1502.0 545.0 74.0 pues soy una desgraciada,

217.0 1552.0 520.0 68.0 y mis pecados me tienen

214.0 1599.0 571.0 72.0 en el sitio en que me hallas;

212.0 1647.0 391.0 60.0 desátame y te diré

210.0 1690.0 556.0 83.0 mis penas, fatigas y ánsias

212.0 1746.0 468.0 68.0 y también los alevosos

212.0 1785.0 575.0 81.0 que son de mi mal la causa.

248.0 1839.0 531.0 83.0 Compadecido en extremo,

210.0 1886.0 509.0 79.0 saco pues mi larga daga,

208.0 1942.0 554.0 60.0 rompo los gruesos cordeles

206.0 1984.0 585.0 78.0 que á aquel angel sujetaban,

202.0 2046.0 554.0 55.0 me quité al punto el gabán

204.0 2083.0 500.0 74.0 y encima se lo arrojaba,

202.0 2132.0 608.0 112.0 cubriendo sus blancas carnes,

936.0 101.0 566.0 68.0 que con el sol se comparan.

969.0 140.0 566.0 74.0 Mirando á un lado y á otro,

936.0 190.0 577.0 80.0 ví que estaba en unas matas

948.0 239.0 451.0 68.0 la ropa misma que fué

937.0 287.0 565.0 82.0 de aquella desgracia causa.

971.0 343.0 442.0 64.0 Ella suspira y solloza

934.0 392.0 558.0 70.0 pidiendo al cielo venganza,

930.0 444.0 424.0 60.0 y mirándola, la dije:

934.0 487.0 564.0 75.0 —Por Dios, hermosa Diana,

930.0 539.0 492.0 66.0 os suplico por la Virgen

928.0 578.0 545.0 81.0 que me digais lo que pasa.

928.0 634.0 469.0 70.0 Y agradecida responde

921.0 673.0 583.0 81.0 con las siguientes palabras:

996.0 727.0 597.0 99.0 Habeis de saber, buen joven,

924.0 783.0 541.0 74.0 que en Trujillo fui criada,

924.0 826.0 496.0 81.0 hija soy de un caballero

921.0 876.0 453.0 72.0 que D. Diego se llama

919.0 927.0 455.0 69.0 de Castro por apellido

921.0 971.0 629.0 87.0 que es de lo ilustre de España:

919.0 1025.0 457.0 70.0 mi madre doña Isabel

921.0 1066.0 573.0 76.0 de Mendoza, es su prosapia

915.0 1128.0 498.0 64.0 y por gusto de padrinos

917.0 1169.0 523.0 77.0 á mí me llaman Rosaura,

917.0 1229.0 579.0 73.0 tan amada en mis principios

913.0 1271.0 515.0 74.0 como ahora desgraciada.

959.0 1318.0 438.0 79.0 Vivía pared en medio

915.0 1374.0 449.0 62.0 más abajo de mi casa,

913.0 1423.0 467.0 69.0 un hijo de un labrador

911.0 1469.0 579.0 78.0 de hacienda algo moderada,

913.0 1519.0 467.0 72.0 mozo galán y valiente,

915.0 1564.0 507.0 74.0 discreto y de linda traza

911.0 1614.0 463.0 64.0 que se llevó mi afición

911.0 1665.0 480.0 64.0 y me amaba con ánsia;

907.0 1715.0 506.0 68.0 mas como las cualidades

907.0 1760.0 552.0 81.0 del uno al otro no igualan,

905.0 1810.0 446.0 70.0 tuve lugar una noche

907.0 1864.0 478.0 72.0 para escribir una carta

905.0 1909.0 573.0 75.0 dándole á entender por ella

909.0 1971.0 509.0 70.0 que me saque de mi casa

901.0 2019.0 411.0 62.0 con sigiloso secreto

903.0 2054.0 465.0 78.0 y con cautelosa maña;

899.0 2108.0 475.0 68.0 mas el alevoso amante

897.0 2157.0 494.0 120.0 á un primo suyo le daba
