1753 2480
272.0 82.0 465.0 75.0 yiene luego que la llaman.

279.0 142.0 392.0 54.0 Aquí tiene Usía, señor,

268.0 175.0 546.0 62.0 siempre obediente á sus plantas,

270.0 219.0 503.0 51.0 una esclava á quien mandar,

266.0 254.0 486.0 58.0 humilde, obediente y casta.

266.0 297.0 407.0 58.0 Qué politica es la Niña!

272.0 338.0 468.0 52.0 y tiene una buena crianza.

266 374 484 60 Dime, Niña. de quién eres ?

268.0 419.0 426.0 56.0 respondió, la vista baja,

262.0 454.0 416.0 66.0 de mi Señor Jesucristo,

266.0 498.0 459.0 57.0 es todo mi cuerpo y alma.

264 533 525 64 Qué buena está la respuesta !

270.0 576.0 397.0 64.0 parece muger anciana,

266.0 615.0 438.0 58.0 dime, Niña, qué le pides

264 663 445 50 cuando te estás elevada ?

268.0 692.0 453.0 68.0 Yo pido, que como es dia

268.0 737.0 482.0 62.0 que nuestra Religion santa

266.0 781.0 420.0 58.0 celebra del Sacramento

268.0 822.0 414.0 54.0 sus benditas alabanzas,

272.0 857.0 387.0 54.0 vengo á pedir á Jesus

270.0 894.0 447.0 60.0 que me conceda la gracia

270.0 938.0 449.0 58.0 de ser su esposa querida,

277 983 398 50 ser Religiosa descalza,

277.0 1010.0 417.0 68.0 porque me tiene robado

272 1060 399 49 el objeto de su gracia.

272.0 1091.0 397.0 68.0 Dime, Niña, y ese Dios

277.0 1138.0 485.0 56.0 que tanto le quieres y amas,

277.0 1182.0 432.0 51.0 antes de criar el mundo,

277 1219 467 56 dime, Niña, donde estaba?

274.0 1252.0 474.0 68.0 Señor, estaba en sí mismo

274.0 1297.0 546.0 60.0 con todo el poder de su gracia,

279.0 1343.0 475.0 58.0 porque Dios no tuvo padre,

272 1382 434 54 ni fué formado de nada;

274 1423 443 50 antes de todos los siglos,

277 1459 498 49 Dios en si mismo se estaba.

272.0 1494.0 461.0 60.0 Dime, de qué fué formado

274.0 1535.0 432.0 60.0 en las virgenes entrañas

277.0 1583.0 432.0 53.0 de nuestra Madre María,

279 1620 432 51 ese Jesus á quien amas?

277.0 1651.0 432.0 62.0 Se rió un poquito y dijo:

277 1696 562 58 la pregunta me ha hecho gracia;

274.0 1742.0 457.0 53.0 de la mas preciosa sangre

277.0 1773.0 367.0 66.0 suprema y calificada

277.0 1818.0 415.0 56.0 de su corazon sagrado,

279.0 1862.0 411.0 49.0 Madre de toda mi alma.

281.0 1891.0 465.0 62.0 Válgame Dios la chiquilla!

279 1936 543 56 no es un portento escucharla?

277.0 1975.0 450.0 58.0 Dime, para que Dios baje

283.0 2021.0 413.0 53.0 á la Hostia Consagrada,

277.0 2058.0 446.0 54.0 hacen muchas oraciones,

279 2093 473 60 ó dicen muchas palabras ?

283.0 2139.0 438.0 55.0 Con cinco palabras solas

283.0 2178.0 434.0 56.0 Cristo de los cielos baja,

283.0 2209.0 486.0 103.0 y viene á las propias manos

969.0 82.0 480.0 56.0 del qué la Hostia consagra.

975.0 121.0 387.0 60.0 Niña, no las sabes tú ?

971.0 177.0 502.0 46.0 Bien las sé, pero no es tanta

977.0 208.0 476.0 52.0 mi dignidad, y no tenemos

977.0 243.0 434.0 60.0 las mugeres dicha tanta,

981.0 289.0 352.0 54.0 para poderlas decir.

977.0 322.0 505.0 58.0 Dijo el Canónigo: son malas

975.0 365.0 395.0 60.0 las mugeres, y por eso

979.0 411.0 426.0 47.0 no merecen dicha tanta.

979.0 446.0 333.0 52.0 Se puso coloradita,

977.0 481.0 393.0 64.0 alzó los ojos, y habla:

979.0 516.0 468.0 66.0 sabe Usía lo que ha dicho,

981.0 564.0 430.0 66.0 parece no ha dicho nada

977 609 486 54 en despreciar las mugeres

986.0 646.0 421.0 62.0 y por ese suelo echarlas,

981.0 690.0 381.0 54.0 siendo la cosa mejor,

975.0 727.0 389.0 56.0 digna de ser alabada,

981.0 768.0 447.0 58.0 que crió mi amado Dueño

979 810 482 47 con el poder de su gracia.

983.0 847.0 468.0 54.0 Pongámoslo en conclusión,

990.0 886.0 405.0 60.0 y si Usía á mi me gaua,

979.0 919.0 445.0 64.0 haré yo un solemne voto

981.0 954.0 515.0 66.0 con todas sus circunstancias,

981.0 1006.0 412.0 50.0 de rezar todos los dias,

981.0 1033.0 513.0 72.0 puesta en cruz y arrodillada,

988.0 1082.0 446.0 58.0 siete Credos, porque Dios

981.0 1118.0 459.0 62.0 lleve á los cielos su alma;

988.0 1165.0 376.0 64.0 y si yo le gano á Usía,

983.0 1202.0 457.0 60.0 en pago de aquesta gracia

986.0 1248.0 492.0 56.0 me ha de dar Usía un dote,

986 1287 545 52 que eso es toda mi esperanza.

988.0 1326.0 471.0 54.0 Usía defienda los hombres,

1000.0 1364.0 416.0 55.0 y yo que estoy agraviada

986.0 1409.0 413.0 52.0 defenderé las mugeres,

992.0 1440.0 496.0 66.0 porque es muy mia la causa.

988.0 1488.0 359.0 53.0 Dice el Canónigo, yo

983.0 1512.0 505.0 71.0 absorto estoy de escucharla,

990.0 1562.0 403.0 62.0 sin sentido y sin juicio

992.0 1593.0 477.0 72.0 me ha dejado la muchacha;

994.0 1647.0 430.0 58.0 no solo responde á todo,

986.0 1686.0 430.0 54.0 sino que pide campaña:

990.0 1729.0 392.0 52.0 el dote te lo prometo,

992.0 1760.0 461.0 60.0 como me ganes las bazas.

994.0 1806.0 481.0 58.0 Las bazas han de ser cinco,

996.0 1843.0 488.0 66.0 porque son cinco las llagas

994.0 1884.0 461.0 62.0 que mi amado Jesus tiene

996.0 1930.0 469.0 54.0 en el cuerpo bien selladas.

990.0 1961.0 500.0 68.0 Echa una. pues te muestras

994.0 2008.0 409.0 52.0 del todo tan agraviada.

996.0 2033.0 513.0 70.0 Pues si ha de ser la primera,

994.0 2089.0 434.0 52.0 en nombre de Dios vaya.

990.0 2118.0 366.0 62.0 Una muger mereció

996.0 2145.0 537.0 78.0 que todo un Dios se humillara

994.0 2203.0 486.0 93.0 para que encarnase su Hijo
