1753 2480
181.0 147.0 520.0 80.0 Nunca te pude hablar

128.0 219.0 599.0 73.0 Cuando tu hermosura ví ;

130.0 276.0 534.0 71.0 Yo te quiero sin cesar,

130.0 330.0 525.0 79.0 Y fuera dicha por mí,

128.0 394.0 565.0 79.0 Si te pudiera alcanzar.

188.0 505.0 579.0 79.0 Ya me salí del desierto,

128.0 566.0 534.0 71.0 Amante mio del alma

136.0 628.0 633.0 73.0 Que soy tuya te advierto,

135.0 688.0 647.0 71.0 Y quiero alcanzar la palma,

130.0 746.0 675.0 76.0 Pero me han dicho de cierto.

187.0 862.0 464.0 72.0 Yo te deseo amar ;

132.0 920.0 569.0 63.0 Puro, clavel encarnado

129.0 982.0 547.0 69.0 Contigo quisiera estar ;

130.0 1039.0 595.0 70.0 Pero me han asegurado,

137.0 1093.0 612.0 82.0 Que me vendrás á dejar..

214.0 1211.0 530.0 82.0 TROBO 5.° Galan.

180.0 1326.0 639.0 75.0 Un puñal dentro mi pecho

136.0 1390.0 646.0 67.0 Yo mismo me he de meter,

135.0 1443.0 577.0 67.0 Y primero he de morir

132.0 1504.0 572.0 79.0 Que dejarte de querer.

184.0 1613.0 571.0 77.0 Por tí me veo desecho,

130.0 1674.0 596.0 79.0 Por tí gimo noche y dia ;

128.0 1737.0 680.0 74.0 Mas por no hacerme provecho,

128.0 1798.0 628.0 73.0 Méteme, prenda querida,

126.0 1861.0 634.0 77.0 Un puñal dentro mi pecho.

181.0 1967.0 521.0 69.0 Si no lo quieres creer

137.0 2029.0 502.0 76.0 Que te tengo aficion,

128.0 2090.0 512.0 64.0 El acero te hará ver :

133.0 2147.0 556.0 65.0 Que dentro mi corazon

130.0 2203.0 575.0 86.0 Yo me tengo de meter.

873.0 151.0 556.0 80.0 Estoy harto de advertir

829.0 219.0 531.0 68.0 Que por tí padezco yo,

825.0 275.0 511.0 68.0 Por tí yo he de finir ;

819.0 330.0 504.0 73.0 Pero aborrecerte no :

813.0 389.0 527.0 79.0 Primero he de morir.

880.0 485.0 647.0 104.0 Firme y constante he de ser

815.0 570.0 603.0 70.0 Aunque vaya á ultramar ;

811.0 624.0 713.0 74.0 Mudanza en mí no ha de haber,

833.0 684.0 654.0 71.0 Y primero me he de ahogar,

830.0 744.0 544.0 75.0 Que dejarte de querer.

906.0 854.0 506.0 80.0 TROBO 6.° Dama.

884.0 965.0 540.0 84.0 Al oirte amante fino,

824.0 1029.0 666.0 74.0 Se me aparte el corazon,

820.0 1087.0 676.0 74.0 Porque dices que me quieres

820.0 1144.0 544.0 93.0 Con toda satisfaccion.

842.0 1262.0 562.0 78.0 Eres mi Angel divino,

833.0 1325.0 563.0 74.0 Y sin tí no puedo estar ;

827.0 1386.0 524.0 67.0 Amarte es mi destino

817.0 1443.0 521.0 69.0 Y me haces delirar,

813.0 1501.0 554.0 84.0 Al oirte amante fino.

853.0 1621.0 584.0 64.0 En un mar de afliccion

817.0 1669.0 609.0 84.0 Me pondré, por si acaso,

824.0 1736.0 558.0 71.0 Me olvidas sin razon,

815.0 1798.0 622.0 66.0 Por que si de tí me aparto

813.0 1851.0 610.0 82.0 Se me aparte el corazon.

870.0 1959.0 593.0 78.0 Amarte son mis deberes,

829.0 2022.0 596.0 70.0 Querido y amante fiel ;

824.0 2080.0 642.0 76.0 Ya me rindo á tus queréres

822.0 2142.0 568.0 65.0 Y me asomo á tu laurel,

817.0 2196.0 707.0 102.0 Porque dices que me quieres.
