1860 2629
356.0 325.0 551.0 81.0 Nunca te haré traicion,

302.0 389.0 558.0 72.0 Ni te pondré en olvido,

298.0 448.0 569.0 73.0 Sola es mi intencion

298.0 511.0 572.0 57.0 Agradecerte , bien mio ,

299.0 565.0 574.0 76.0 Con toda satisfaccion.

368.0 673.0 542.0 86.0 TROBO 7.° Galan.

334.0 798.0 627.0 75.0 Recibe, prenda adorada,

299.0 858.0 573.0 70.0 Esta carta con primor,

308.0 918.0 576.0 73.0 Y verás como te quiero

300.0 981.0 566.0 61.0 Con el mas fino amor.

353.0 1095.0 560.0 64.0 Tú eres mi enamorada,

298.0 1149.0 603.0 74.0 Hermosa y brillante luna,

303.0 1213.0 509.0 60.0 Por mi eres venerada

300.0 1267.0 576.0 72.0 Y para estar mas segura

299.0 1323.0 606.0 83.0 Recibe prenda adorada.

359.0 1432.0 513.0 84.0 Tú eres la mejor flor,

295.0 1498.0 636.0 79.0 Del jardin de mis placeres,

296.0 1558.0 539.0 66.0 Bella, blanca Leonor,

296.0 1619.0 579.0 72.0 Recibe, si acaso quieres,

299.0 1684.0 586.0 73.0 Esta carta con primor.

337 1774 636 83 Pues sepas que por tí muero,

295.0 1850.0 583.0 70.0 Sin tí no tengo consuelo,

295.0 1913.0 598.0 63.0 Acércate á mi lado,

302.0 1970.0 462.0 70.0 Y verás como te quiero.

300.0 2028.0 575.0 73.0 Será el fin de mi dolor

353.0 2129.0 567.0 86.0 Cuando contigo estaré ;

295.0 2198.0 568.0 76.0 Por que eres mi doctor,

295.0 2262.0 574.0 73.0 A tu lado me pondré

993 1789 509 75 Por tí remedio no hallo,

987.0 322.0 506.0 84.0 Con el mas fino amor.

989.0 392.0 552.0 78.0 TROBO 8.°  Dama.

1070.0 492.0 513.0 96.0 Si llego á ser tu esposa,

1037.0 632.0 565.0 63.0 Será grande mi contento,

983.0 679.0 608.0 79.0 Y te amaré con firmeza

984.0 743.0 605.0 67.0 Hasta el último momento.

997.0 798.0 610.0 75.0 Sobre una piedra preciosa

1002.0 917.0 641.0 82.0 Quiero pintar tu deidad,

986.0 978.0 583.0 67.0 Por tí soy la mas hermosa

987.0 1035.0 617.0 75.0 Y tendré felicidad,

995.0 1091.0 486.0 71.0 Si llego á ser tu esposa.

984.0 1153.0 589.0 82.0 Amarte es mi intento

1022.0 1267.0 537.0 67.0 Desde el dia que te ví,

978.0 1326.0 553.0 68.0 Norte de mi pensamiento,

986.0 1378.0 597.0 85.0 A tí se rinde mi amor,

980.0 1447.0 486.0 64.0 Si me das un feliz sí

988.0 1498.0 595.0 79.0 Será grande mi contento.

987.0 1618.0 554.0 73.0 Eres toda la riqueza

980.0 1678.0 628.0 77.0 Para mi con grande honor ;

984.0 1740.0 539.0 68.0 En tí no tengo tristeza,

983.0 1850.0 613.0 82.0 Y te amaré con firmeza.

1002.0 1970.0 511.0 74.0 Eres tú el aposento

994.0 2031.0 524.0 73.0 Donde tengo de parar,

989.0 2090.0 520.0 59.0 Tengo el atrevimiento

994.0 2140.0 640.0 80.0 De decir que te he de amar,

958.0 2218.0 24.0 53.0 Hasta el último momento.

1348.0 2279.0 133.0 50.0 FIN.

1367.0 2323.0 250.0 69.0 Es propiedad.

395.0 2374.0 1196.0 101.0 Reus : Imprenta y librería de Juan B. Vidal.= 1861.
