1860 2629
1261.0 166.0 217.0 99.0 (Núm. 6.)

325.0 1129.0 1049.0 93.0 TROBOS NUEVOS Y DIVERTIDOS,

187.0 1223.0 1334.0 82.0 esplicando los amores de un galan á su querida Dama,

474.0 1285.0 753.0 85.0 como lo verá el curioso Lector.

232.0 1409.0 554.0 74.0 TROBO 1.° Galan.

216.0 1527.0 578.0 73.0 Solo de ver tu presencia

153.0 1580.0 605.0 79.0 Me quedé enamorado,

154.0 1647.0 553.0 64.0 Y seré tu fino amante,

150.0 1698.0 622.0 76.0 Si acaso es de tu agrado.

197.0 1811.0 630.0 83.0 Si me quieres dar licencia,

151.0 1876.0 617.0 67.0 Prenda del alma querida,

147.0 1933.0 547.0 63.0 Olvidaré toda ausencia

154.0 1990.0 580.0 81.0 Y tendré grande alegría :

147.0 2055.0 618.0 67.0 Solo de ver tu presencia.

200.0 2168.0 577.0 79.0 Con constancia te jurado

149.0 2228.0 587.0 86.0 De no amar otra muger,

829.0 1410.0 719.0 78.0 Por que estoy bien penetrado

851.0 1472.0 601.0 73.0 Que de tí con gran placer,

848.0 1529.0 586.0 76.0 Me quedé enamorado.

886.0 1635.0 559.0 85.0 El lucero mas brillante

832.0 1701.0 605.0 73.0 Eres tú para mi guia ;

838.0 1758.0 715.0 72.0 Mas siendo tu amor constante,

851.0 1814.0 576.0 81.0 Te amaré toda mi vida,

837.0 1878.0 584.0 84.0 Y seré tu fino amante.

882.0 1962.0 662.0 106.0 Cuando me pongo á tu lado

825.0 2053.0 608.0 77.0 Encuentro grande reposo,

834.0 2113.0 574.0 73.0 Por eso dueño adorado

819.0 2174.0 536.0 72.0 Seré tu amado esposo,

800.0 2230.0 642.0 102.0 Si acaso es de tu agrado.
