1365 2158
37 8 489 62 á fer tretse cantimploras

39 59 486 61 al gloriós sant Francisco

46 113 475 66 perque fornesca la bota;

46 158 549 73 y despres de haver guanyat

30 215 520 65 la gran victoria de Troya,

32 269 514 58 despres de haver alcansat

32 318 493 66 aqueixa ditxa tan grossa,

39 368 486 67 ja vé l' altre mal de cap,

32 422 518 65 de haver de cusir la roba,

32 469 541 68 tan gran número de trastos

41 521 480 68 que lo vagamundo posa:

34 570 555 68 y despres de haver treballat

30 622 451 64 nou mesos á tota hora,

28 668 471 74 haver luego de acceptar

25 722 546 67 aquell ditxós nom de lloca,

37 778 531 65 y haver de avisar la palpa,

37 825 477 75 pera que estiga prompta

32 875 448 72 y aparellada per quant

28 926 441 68 arrive la ditxosa hora.

30 981 428 65 Arrivará ja per punts,

30 1028 421 72 y trucarán á la porta,

28 1075 556 70 quant luego he de comensar

25 1132 356 69 la lletanía plorosa

23 1183 498 66 de gemechs y de suspirs,

26 1230 569 75 y dolors, que es forta cosa:

26 1284 491 68 sil' vagamundo se queixa

25 1332 456 68 de la dona melindrosa,

30 1382 567 112 ¿qué faré jo en aquest lance?

704 14 517 68 en que arrivaré á la porta

703 61 586 77 de la mort, y si Deu me val,

704 118 457 65 reviuré per altra volta.

712 165 618 72 ¿Qué faré? puig veig que en tot

697 215 551 74 he de patir; y que es hora,

706 271 434 65 que elegesca un estat:

703 314 546 78 y ja que he donat contraria

697 377 491 61 sentencia al primer estat

695 420 436 65 de entrarme religiosa;

706 471 443 66 y també al segon estat

695 521 527 70 de voler quedar minyona;

701 573 541 72 y veig que en aquest tercer

694 624 593 64 tants inconvenients se troban;

706 674 516 63 ¿resoldré deixarlo córrer?

694 717 422 72 Peró antes de dir no,

697 776 409 60 vejám si alguna cosa

692 825 493 63 entre tants inconvenients

692 879 502 63 mon discurs hi acomoda;

703 926 419 73 y puig trobo caballer,

690 980 520 70 ab lo qual no tindré sogra,

692 1037 451 59 cunyadas sí ben tindré,

697 1086 437 63 peró de casa son fora:

690 1134 444 63 ell es rich, y no gelós,

686 1185 562 64 conforme he fet jo la prova;

686 1233 429 68 ab ell casada vull ser,

694 1282 519 72 ja que ell me vol per dona,

703 1337 460 65 y deixar tots los rodeos

683 1388 484 61 de donsella y de monja.

598 1539 103 101 FI.

100 1756 1126 99 Barcelona : Estampa dels Hereus de la Viuda Pla, carrer

519 1825 284 84 dels Cotoners.
