1344 2187
38 7 514 69 las tacanyas de las sogras?

36 56 549 77 Lo dia que entre en sa casa,

45 114 456 66 prou fará la cara bona;

52 165 391 60 peró quant haja finit

40 209 456 71 lo vi y lo pa de bodas,

51 264 417 64 ja demanará las claus,

49 313 434 64 ja dirá mal de la nora,

43 364 465 67 ja comensará á grunyir,

38 415 487 67 fins á tant que sia morta.

38 457 392 75 Basta per ara lo dit

43 515 434 64 y referit de las sogras,

41 563 456 69 que si tot ho he de dir

38 623 432 56 no bastaria una hora:

41 665 507 74 toquém, toquém á aquell,

41 723 600 67 que es lo principal de la obra;

43 770 467 70 perque si non' deya res,

32 816 469 71 me dirian que só tonta,

38 865 518 71 que parlo de un casament,

36 922 569 74 qué no hi entran sinó donas;

32 971 474 71 escudrinyém als marits,

32 1024 608 71 que las faltas crech los sobran.

38 1075 467 64 ¿Qué sé jo si encontraré

27 1128 485 62 un marit de casta bona?

29 1175 476 67 un quem puga mantenir

25 1219 516 78 ab tota decencia y honra:

27 1277 485 66 ells tots antes de casarse

25 1319 533 82 manifestan la gran pompa;

32 1379 502 68 peró quant una es posada

23 1421 516 84 en lo mitg de la tramoya,

27 1474 407 71 troba tot embolicat;

27 1519 467 82 luego deutes á la porta,

29 1578 384 65 y si demano diners

31 1631 490 65 per gavardina ó per cota,

31 1676 463 66 per manto, y finalment

27 1727 454 71 per tota la demés roba,

23 1775 429 73 responen, ho pagarás

20 1824 561 84 de lo que del teu dot sobra;

23 1888 405 63 y lo dot sen' es anat

18 1940 521 57 com si fos alguna sombra:

18 1991 386 59 si lo marit es gelós,

18 2041 530 67 renováu pany á las portas;

20 2094 461 76 criats, tots aneu alerta,

696 7 498 73 mirém que fa la senyora,

694 63 498 70 escudrinyémli los passos;

696 109 538 75 mirém quins tractes abona;

705 162 494 69 paradém tots los balcons,

698 216 538 71 tancadas sempre las portas,

698 269 459 64 no deixeu entrar ningú,

698 311 518 73 tan solament ni una dona;

698 369 525 70 que vaja á missa á las deu,

702 419 419 67 jo estaré tras la porta

696 470 421 67 de la iglesia, y veuré

694 523 454 67 si fa posturas, ó dòna;

698 575 392 66 á ningun passarellet

694 606 527 86 lloch ó temps, dia ú hora,

700 667 452 76 y si ho fa la escanyaré,

698 721 512 69 y diré que sem' ha morta.

696 778 465 67 Jesus, ¡pobreta de mi!

700 827 552 67 ¿jo he de passar estas cosas?

698 872 596 75 ¿jo he de sufrir tants treballs?

700 924 558 72 ¿jo he de tenir tal ponsonya?

696 976 609 71 ¿ jo he de estar sempre tancada

689 1026 481 78 en casa com una monja,

696 1075 405 71 y privada de un tot?

689 1126 547 78 Com si acas fòs molt grossa

689 1177 450 73 la culpa que he comés,

689 1232 512 74 de no quedarme minyona,

692 1283 427 69 y si lo home es gelós,

692 1337 507 69 que sen confesse la dona:

698 1390 458 66 y encara que encontrás

689 1436 530 65 un home de punt y honra,

687 1487 554 69 un que en un tot fos garbós,

689 1534 521 73 un que estimés bè la dona,

689 1580 436 73 un que puga mantenir

685 1631 513 73 aquella grandesa y pompa

687 1693 447 63 que demana mon estat,

685 1733 578 76 segons lo dot lo que importa;

683 1786 434 72 encara queda lo agrás,

691 1835 466 73 y la paciencia que porta

682 1895 505 62 de haver de sufrir la cara

678 1939 565 67 del marit, si Deu nom' dòna

687 1997 379 56 successió; com si jo

680 2050 408 56 no desitjás esta cosa;

682 2095 443 90 y també haver de anar
