1648 1986
187 59 472 56 Calderón inutil he sido,

198 100 484 73 que ya no soy Calderón;

193 153 575 65 que me importó ser Marqués

193 208 484 70 de siete Iglesias, pues oy

193 268 461 58 ninguna dellas me vale,

193 316 479 62 aun para hacer oracion.

197 354 521 74 Que no me pena el morir

205 410 525 68 ya, pues condenado estoy;

198 460 428 58 á Felipe Quarto temo,

205 499 616 80 que me ha de hacer cuartos hoy

198 557 580 65 mas los cuartos son de cobre,

205 600 442 73 yo me llamo Calderón,

210 663 503 63 y muchos contrarios tengo

205 703 457 64 solo á la defensa estoy.

205 751 558 68 Duelo me hace la Marquesa,

212 802 475 73 queda viuda y sin honor

208 852 567 66 tambien me duelan mis hijos,

218 906 517 72 que quedan sin Padre hoy,

213 951 441 73 y los llevo atravesados

210 1004 422 58 en medio del corazon,

231 1049 477 71 porque los dejo sin Padre,

213 1102 495 69 sin hacienda y sin honor.

215 1150 517 68 Mucho me duele mi Padre,

221 1196 608 78 que cuando el Rey me prendió,

218 1247 477 75 con lágrimas de sus ojos

218 1297 426 65 mi triste rostro bañó,

226 1348 410 75 y me dijo: Hijo mio,

221 1398 549 73 con vuestra alma vaya Dios,

228 1446 560 76 que si al Rey servisteis bien,

221 1499 444 71 él os dará el galardon;

223 1552 461 69 mas si le servisteis mal,

226 1603 544 60 no alcanzareis mi bendicion,

235 1641 556 81 que perdeis hijos y hacienda,

230 1701 397 81 muger y reputacion.

1094 41 327 81 Sexto Romance.

927 155 575 60 A veinte y uno de Octubre,

920 211 562 52 las diez, poco mas ó menos

922 246 465 66 sacan al triste Marqués

927 292 432 62 todo de luto cubierto.

925 349 449 58 Sale de su misma casa,

932 398 517 73 y de un angosto aposento,

945 445 509 76 que primero fué gran sala,

925 508 474 58 de aplauso recibimiento.

927 544 517 71 No va en jaeces bordados,

927 595 560 70 ni en caballo como es cierto,

929 643 462 65 sino ensillada una mula,

937 691 431 66 como justiciado y reo.

934 746 510 63 No acompañado de Pages,

932 791 494 72 ni menos de Alabarderos,

934 842 452 63 sino de Padres devotos

940 887 580 74 que le adiestran para el Cielo.

945 938 476 64 No campanillas de plata

942 986 528 68 lleva en el bozal y el freno,

937 1040 472 70 sí Cristos y campanillas,

940 1088 583 70 con que se entierran los reos.

942 1136 510 72 Sesenta, y mas Alguaziles

944 1188 535 63 van en su acompañamiento,

947 1234 480 75 todos en fuertes caballos

945 1289 500 56 con otros tantos Porteros.

949 1330 447 75 Los Pregoneros delante

965 1381 480 75 pregonan y van diciendo;

949 1433 478 73 Esta es la justicia, dicen,

949 1482 574 70 esto es del Rey mandamiento,

958 1529 633 78 que manda hacer á este hombre:

957 1580 621 70 ay tragedia! ay caso horrendo!

957 1626 452 73 Y las Damas cortesanas

950 1679 560 70 muestran grande sentimiento,

957 1726 513 71 unos dicen: Dios te ayude

960 1782 477 63 Rodrigo de sacro asiento:

958 1828 484 63 otras viendo su humildad,

955 1881 540 78 dicen: Dios te lleve al Cielo.

1528 1928 53 56 No
