1540 2016
50 42 634 68 Quando vió entrar por la puerta

52 85 477 62 de la sala un secretario,

65 134 362 74 perdone vuseñoria,

63 181 449 81 que vengo á notificaros

62 235 447 75 una terrible sentencia;

63 287 493 80 y me pesa el disgustaros.

65 336 464 72 Leedla, amigo, le dice,

72 379 556 89 que yo os perdono de grado,

68 428 648 91 que ha de perdonar quien quiere

68 482 448 75 ser de Dios perdonado.

80 534 437 74 Y levantándose en pié,

73 576 565 94 con el sombrero en la mano,

73 635 404 72 el secretario confuso

79 673 485 83 la sentencia ha relatado:

84 724 496 82 Yo Felipe rey de España,

90 772 558 93 y de aqueste nombre cuarto,

82 823 548 82 mando cumplan lo siguiente

84 878 512 71 los de mi corte y palacio.

89 934 401 70 A Rodrigo Calderón,

89 974 501 82 es mi voluntad, y mando,

95 1026 543 82 que un millon me restituya,

94 1071 524 83 con ducientos mil ducados,

102 1122 523 89 y lo paguel de su hacienda,

95 1176 527 82 de lo bueno y mas parado.

105 1219 611 86 Tambien mando, que le quiten

102 1273 521 81 del pecho un rojo lagarto,

105 1315 589 87 que no ha de encubrir la cruz

104 1372 576 77 de un mal pecho los engaños.

116 1419 514 86 Y mando que en una mula

109 1473 440 81 de su casa sea sacado,

110 1525 429 81 ensillada y enfrenada,

122 1577 427 71 como reo y justiciado.

116 1619 472 84 Con pregoneros delante,

124 1673 477 72 que vayan manifestando,

119 1722 481 75 diciendo con altas voces

121 1769 490 77 de su vida el mal estado.

124 1814 543 82 Llegado que sea al suplicio,

124 1873 484 85 de un funesto cadahalso,

778 13 565 86 sea en manos de un verdugo

781 57 414 77 en público degollado,

808 102 503 81 para que de ejemplo sirva,

786 156 552 72 asi al bueno, como al malo,

790 215 432 72 dándole justo castigo;

791 250 589 92 esto ordeno, quiero y mando.

793 300 486 91 De oir la triste sentencia

801 351 577 89 quedó el Marques desmayado,

795 411 479 71 con lágrimas de sus ojos

800 463 474 84 el duro suelo ha regado.

963 551 366 110 Segundo romance.

812 646 459 79 Apriesa devana y coge

810 702 514 79 la parca embidiosa y fiera,

808 757 383 66 el hilo del triste fin

812 789 558 87 del marques de siete lglesias.

813 853 538 69 Del arco y flechas se arma,

822 900 497 74 responde de esta manera:

820 949 541 79 Dicen que maté á la Reyna,

822 1002 492 76 falsedad es por mi honor,

822 1043 524 84 otras culpas me condenan,

833 1098 449 79 que la de la Reyna no;

827 1145 412 79 antes en la otra vida

828 1192 496 79 muchas se quejan á Dios.

837 1238 538 87 Un page que á media noche

833 1295 444 70 medio vivo enterré yo,

845 1332 542 99 que me dá grandes ahullidos

849 1392 507 78 por donde quiera que voy.

840 1438 572 82 Donde quiera que estoy solo,

849 1491 457 79 oygo me dice una voz:

845 1540 552 82 Señor, porque me matastes,

860 1587 508 94 pues no tube la culpa yo?

847 1639 503 76 Y á un alguacil de corte,

849 1685 522 90 y á la muger de un oidor,

852 1733 642 98 y á un gentil hombre del duque,

867 1794 551 75 que es del Lerma, mi señor,

849 1837 492 101 y al principe de Saboya,

1423 1890 64 77 que
