1502 1980
39 24 487 66 besó tres veces el suelo.

39 70 386 65 Luego se reconcilió

46 120 483 69 con un Padre Recoleto;

39 171 457 74 del Orden Carmelitano

46 222 511 68 planta del monte Carmelo:

47 268 491 78 Tendido de largo á largo,

36 321 459 70 echado todo de pechos,

33 369 420 68 recibo la absolucion

37 429 418 54 á tanto favor atento.

39 473 479 71 Al fin el se pone en pié,

41 523 556 69 y despues de haberse puesto,

34 574 538 67 dos veces besó al verdugo,

42 622 558 67 que le amenaza sangriento.

33 668 462 79 La venda para vendalle

36 721 563 75 los ojos, se la dió el mesmo,

39 775 447 68 en que metida la mano

33 823 551 56 dicen que la trujo al cuello.

36 871 503 64 Y asentándose en la silla,

36 924 535 62 el verdugo carnicero,

34 971 528 70 le ata los pies y las manos,

28 1021 460 66 y venda los ojos luego.

36 1059 464 82 El le ofrece da garganta,

39 1126 515 65 que fué su animo inmenso,

779 28 528 77 y murió dejando al mundo

774 84 434 71 admirado y satisfecho.

785 133 456 68 Todos tienen esperanza

774 191 463 66 de que goza del eterno

784 242 467 64 premio de los escogidos,

775 287 494 64 que es premio verdadero.

780 336 482 71 Que estaba predestinado

769 381 419 76 por este camino creo,

772 438 497 68 y que Dios llevarle quiso

767 493 451 59 á su celestial consuelo.

765 536 479 61 A la noche lo enterraron

765 587 388 58 sin aparato funesto,

762 631 414 65 como á un justiciado

762 678 535 74 de los humildes del pueblo.

765 730 477 76 En los padres Carmelitas

765 783 486 63 descalzos de dán entierro,

760 831 524 73 en donde está acompañado

759 882 582 75 de muchos gloriosos cuerpos.

769 928 515 70 Téngale Dios en su Gloria,

769 980 534 72 que de su piedad lo espero,

772 1041 497 54 y á nosotros nos dé gracia

879 1089 429 64 que al fin la gozemos.

655 1291 150 99 FIN.

179 1465 1115 86 Barcelona: Imprenta de los Herederos de la Viuda Pla,

552 1522 372 81 calle de Cotoners.
