1753 2480
264.0 961.0 1278.0 72.0 Nuevo ejemplar donde se declaran las grandes des.

314.0 1025.0 1230.0 115.0 gracias acaecidas en la tormenta del 9 de Abril

316.0 1105.0 192.0 89.0 pasado,

289.0 1178.0 343.0 70.0 En este presente año

252.0 1223.0 463.0 64.0 muchas desgracias contamos

250.0 1268.0 450.0 60.0 con el hambre, tempestades

254.0 1310.0 372.0 49.0 terremotos y contagios,

254.0 1341.0 403.0 49.0 donde estos son castigos

254.0 1378.0 440.0 50.0 que el Señor está enviando

252.0 1417.0 390.0 52.0 por la muy poca crianza

248 1450 487 52 que á los hijos se está dando.

285.0 1481.0 355.0 52.0 Pues si todo esto nace

245.0 1514.0 437.0 58.0 de que padres descuidados

248.0 1554.0 430.0 51.0 no cuidan de que sus hijos

250.0 1583.0 490.0 68.0 sean cristianamente educados.

281.0 1628.0 330.0 48.0 El 9 de Abril pasado

250.0 1663.0 390.0 46.0 á muchos ha sido aciago

252 1696 459 52 por la aflicción y desgraci as

245 1736 466 51 que á las gentes ha causado,

254.0 1769.0 415.0 51.0 por las grandes tormentas

248.0 1804.0 425.0 53.0 las casas se han derribado,

252.0 1839.0 403.0 54.0 y una iglesia con su torre,

241.0 1878.0 434.0 52.0 del todo se ha desplomado.

285.0 1907.0 343.0 56.0 46 criaturas pequeñas

241.0 1938.0 401.0 56.0 de menos se han echado,

241.0 1977.0 406.0 54.0 55 mujeres y 25 hombres

239 2019 449 47 del escombro se han sacado.

283.0 2046.0 395.0 64.0 Lo ocurrido en la Rivera

243.0 2083.0 339.0 58.0 provincia de Badajoz

237.0 2118.0 362.0 52.0 ha sido mayor arcano:

239 2159 334 50 á la una de la noche

241.0 2184.0 395.0 60.0 un rumor ha principiado

243.0 2229.0 406.0 93.0 que la gen te se despierta,

932.0 1159.0 345.0 93.0 y quedan horrorisados

928.0 1231.0 419.0 58.0 al sentir la gran tormenta

934.0 1266.0 329.0 52.0 con furor violentado

928.0 1304.0 438.0 64.0 y al mismo tiempo la lluvia

917.0 1345.0 412.0 52.0 impide ponerse en salvo.

957.0 1380.0 382.0 52.0 A las seis de la mañana

921.0 1411.0 402.0 56.0 otro rumor principiando

921.0 1448.0 424.0 52.0 échase a temhlar la tierra

928 1477 449 66 les pone en más sobresalto:

926.0 1519.0 349.0 53.0 mnos huyen á la calle,

928.0 1552.0 376.0 49.0 otros al temp o sagrado

924.0 1587.0 382.0 53.0 de la Virgen sacrosanta

926 1626 401 56 entran á buscar amparo,

921.0 1655.0 360.0 56.0 hincandose de rodillas

924.0 1694.0 390.0 52.0 ante aquel altar sagrado

915.0 1729.0 372.0 54.0 á la Virgen le suplican

919.0 1762.0 375.0 64.0 les acoja con su manto.

917 1798 304 53 Puestos de rodillas

915 1837 450 60 e l sacerdote ha exelamado:

911 1870 356 54 Sagrada Virgen Maria

915.0 1905.0 391.0 56.0 Madre de Dios Soberana

911 1944 350 50 amparo del pecador,

911 1981 414 56 consuelo del desdichado,

911.0 2010.0 403.0 69.0 Reina Santa le los crelos

911 2052 378 51 de los ángeles y santos.

915.0 2083.0 389.0 60.0 Torre hermosa de ᗞavid

913 2118 372 56 fuente pura in pecado

915.0 2155.0 434.0 60.0 de donde manan las gracias

913.0 2192.0 376.0 58.0 para todo fiel cristiano.

938 2227 374 135 Ministro del santuario
