1946 2630
342 244 567 80 Muero para que heredeys

293 304 540 70 aquel Celestial Imperio,

293 357 516 68 que no podia heredarlo

298 412 612 65 ninguno sin ser yo muerto.

342 458 646 70 Nos mando otra cosa alguna,

290 515 563 56 por en mandaros al Cielo

301 561 644 62 doy lo que me dió mi Padre,

292 610 678 69 porque os lo diera por vuestro.

346 660 566 63 Y perdonando al Ladron,

286 707 512 68 baxó los ojos al suelo,

292 762 561 62 y viendo presente á Juan,

292 815 566 58 le dixo con ronco pecho:

343 857 516 69 Essa angustiada muger

288 907 687 73 vuestra Madre os encomiendo,

290 961 519 61 honradla como su hijo,

285 1011 656 62 pues como Madre os la dexo.

333 1057 593 65 Y á mis queridos ausentes,

270 1110 671 69 razon es, les deys consuelo,

285 1159 548 68 que si amo mucho á vos,

280 1211 610 64 tambien amo á todos ellos.

328 1260 588 69 La Virgen le dixo á Juan,

280 1310 655 66 mirando á Christo el sujeto:

278 1365 573 59 oy me quedo yo sin Hijo,

287 1415 586 66 y vos tambien sin Maestro.

333 1457 584 64 Todos los suyos le lloran,

278 1512 533 63 y hacen tal sentimiento

279 1563 709 61 que hasta las piedras lo sienten,

278 1613 645 63 pues se partieron por medio.

322 1663 516 61 Alegrase todo el Orbe,

274 1709 660 67 pues doy vida siendo muerto

278 1762 564 63 y muriendo por tres dias,

278 1812 520 55 vida para siempre dexo.

324 1857 630 64 No lloreys, Christo les dixo,

273 1906 662 65 pues muriendo doy contento,

276 1961 566 61 y cumplo de mis Profetas

272 2011 601 68 sus honrados pensamientos.

318 2058 462 63 Si yo Catholico soy,

267 2101 571 77 los mios no serán menos,

278 2154 529 74 que doy Catholica Ley,

272 2215 577 116 y han de serlo todos éllos.

1117 242 640 85 Mando que estas dos Cruzes,

1068 302 550 73 despues de yo fallecido

1070 362 516 67 se les hagan con la mia

1067 412 636 64 debaxo de tierra su entierro.

1124 460 547 63 Y aqueste Santo Ladron,

1068 511 645 64 que tengo á mi lado derecho,

1065 562 554 63 de sus culpas, y pecados

1067 613 593 57 sumo perdon le concedo.

1117 661 570 63 Y pues supo confessarme,

1064 708 545 66 la Gloria eterna le dexo,

1057 756 451 70 y mi Padre se la dé,

1059 812 615 61 pues le perdono sus yerros.

1114 860 595 63 Y pues viene á conjuntura,

1059 907 704 61 el Padre el hombre encomiendo,

1059 955 677 69 que encomendarle á mi Padre,

1055 1011 484 61 es querer favorecerle.

1108 1057 653 66 Y es por quien vine al mundo

1054 1106 548 71 por solo darle contento,

1059 1163 559 67 y le hago con mi muerte

1055 1214 560 65 heredero de mis Reynos.

1096 1255 615 70 Mando acabadas mis penas,

1051 1309 615 65 que me entierra Nicodemus

1051 1358 706 75 donde hará una mesa á la tierra,

1057 1408 615 70 la sepultura á mi Cuerpo.

1098 1453 665 79 Con los que están en el Limbo

1051 1512 618 63 que esté mi Espiritu quiero,

1049 1560 575 66 pues á mi querida Madre,

1048 1613 612 65 con mi primo Juan la dexo.

1068 1661 515 68 Y esta soberana Cruz,

1048 1718 655 60 con los tres Clavos que tengo,

1042 1766 533 61 passados docientos años

1045 1805 504 66 á Santa Elena la dexo.

1093 1857 509 68 Y á la grave Madalena

1039 1902 599 79 la consolaré en el Huerto;

1037 1965 529 64 mas antes de consolarla

1030 2009 487 68 Resuscitaré primero.

1080 2057 561 65 Concedo con mi Passion

1033 2105 662 70 la Gloria á vivos, y muertos,

1035 2156 649 72 que creyeron en mi Doctrina,

1027 2212 544 64 y esperaron su remedio.

1671 2250 51 101 Y
