1866 2603
130 232 507 89 le dixe: Señor Capitán

134 297 623 73 sirvasse usted de esta vanda;

132 349 549 65 que la quité al Enemigo

140 402 555 66 esta noche à la campaña.

134 438 592 73 El Capitan que lo advierte,

131 491 686 80 se ha turbado, y no me habla:

136 542 569 69 mas el Duque, mi Señor,

130 594 653 69 me honró con una Alavarda:

125 631 538 84 con Titulo de Sargento,

128 687 473 74 con ella me passeava.

134 731 451 75 Ya murmuran de mi

123 783 627 73 todos los Tercios de España,

123 832 597 72 y estando yo con el Duque

121 885 549 73 la Vispera de Santa Ana,

128 934 616 72 llegó un Soldado arrogante,

119 984 614 76 que Simblamblec se llamava

117 1030 596 74 desafiando al granDuque,

121 1075 588 74 y à quantos con el estavan.

117 1121 625 80 Sin pedir licencia al Duque,

114 1177 582 78 por el cuerpo le agarrava,

112 1234 554 60 apretéle entre mis brazos

112 1279 447 61 y la vida le quitára:

114 1326 571 72 echéle en el mar, y luego

112 1376 601 70 bolví à tomar mi Alabarda:

112 1430 452 52 y apenas huvo salido

112 1470 577 74 seis pasos de la Real casa,

108 1524 702 76 quando hallé algunos Sargentos,

108 1570 746 93 que al ver que à ellos me igualava

99 1613 471 78 en corrillos divididos,

97 1670 610 74 de mi murmurando estavan,

99 1719 619 79 me silvan, y me estornudan,

98 1774 510 62 me dicen: pera veyaca,

95 1817 610 76 quien la ha hecho Soldadija,

93 1869 518 59 no viniendole de casta?

98 1911 574 77 Tanto de ver mi desprecio,

88 1965 597 75 me cogió mi furia, y rabia,

88 2015 633 78 que ardiendo en ira, y enojo,

85 2065 584 69 metiendo mano à la espada

85 2109 500 74 acometí à todos juntos,

82 2159 551 98 les quité cinco Alabardas,

906 258 526 68 arrastréles por el suelo,

906 303 612 83 y les dixe: Ruínes mandrias,

912 362 601 70 pues que perdistes la honra,

911 416 619 68 bolved por el Rey de España

906 467 602 66 que las insignias que os dió

906 511 598 67 oy un Negro las arrastra.

901 556 658 77 Mas viendo que no se atreven,

902 608 596 70 del suelo las levantára,

901 655 619 73 y con rendimiento humilde,

909 708 619 67 las besé, y dixe al tomarlas,

898 761 547 54 perdonad mi Rey Felipe,

896 798 627 74 Monarca Invicto de España,

896 853 604 75 ellos la ocasion me dieron,

898 908 531 65 que yo no me la tomára

896 958 438 63 pero su descortesia

906 1004 615 58 dió à mi atrevimiento causa.

904 1045 421 67 Vispera de Navidad

904 1093 484 69 triste dia para España,

891 1153 519 61 el Duque de pena llora,

841 1190 712 78 de ver que sin gente se halla,

891 1247 508 65 porque de la que tenia

889 1303 536 67 mas de la mitad le falta,

892 1346 480 74 pues el feróz enemigo

892 1402 592 65 unos prende, y otros mata.

888 1444 558 72 Mas sin temor, ni rezelo,

889 1498 564 60 à las trincheras contrarias

888 1544 606 72 me acerqué buscando presa,

891 1589 647 83 que llevarle al Duque de Alva.

880 1633 636 87 Vi que el Principe de Orange

880 1691 632 81 en su Tienda está sin guarda,

879 1745 579 72 y al ver ocasion tan buena,

878 1790 480 74 determiné de lograrla.

872 1828 599 89 Con un puñal à los pechos,

878 1880 569 87 le dixe: Rindete à España,

873 1936 506 76 Principe date à prision,

872 1988 574 68 sino he de sacarte el alma.

865 2033 650 82 Le desarmé, y luego al punto

865 2088 610 75 en los ombros me le echára,

867 2134 627 82 y ázia à la Tienda del Duque

862 2185 512 105 corrí con él que bolava.

1494 2245 66 80 El
