1881 2600
251 251 565 78 El Duque , assi como vió

254 313 660 72 que es el Principe de Orange,

254 365 576 69 con gran gozo, y regosijo

251 407 485 76 le dice estas palabras:

251 461 418 61 Estas visitas Señor,

251 511 630 74 me dán muy alegres pasquas.

247 554 528 78 Si teneis tales Soldados,

249 611 713 67 (respondió) que aquesto hagan,

245 663 733 65 que mucho que tiemble el Mundo

249 706 583 71 el valor de vuestra espada?

244 756 551 67 Ponense à hacer colacion

245 806 673 70 el Principe, y Duque de Alva,

242 862 574 58 y el Negro à una cabecera

242 910 529 62 entre los dos se sentára,

242 957 696 65 y en su aplauso mientras cenan,

242 1006 537 70 alegres coblas les cantan.

241 1057 496 65 Ajustaronse las pazes,

239 1103 589 68 como las quisiesse España,

244 1151 704 72 honrando el Princípe, y Duque,

236 1200 558 71 al Negro por sus hazañas.

242 1252 580 72 Vinose el Duque à Madrid,

239 1304 564 72 quiso que le acompañára,

1005 264 524 74 y de mi le contó al Rey

1007 327 564 67 muchas acciones bizarras.

1011 372 592 71 El Rey con gana de verme,

1008 424 573 68 entrar el salon me manda,

1003 472 572 63 inqué la rodilla en tierra,

1001 513 622 69 y el Rey me dixo: Levanta,

1001 561 583 73 Noble Maestre de Campo,

1001 617 674 65 lustre, y honor de mis Armas,

1001 665 554 65 Comendador de la Torre

1005 721 566 56 en la Orden de Calatrava.

994 764 577 63 Seis mil ducados de renta

1007 810 652 69 mando que se os dén de plata,

996 866 429 65 y Capitan General

994 914 605 63 de la Infanteria de España.

994 959 522 63 De turbado, no acerté

992 1007 537 67 à dezirle al Rey palabra

994 1057 520 63 aunque para agradecer

1009 1102 614 68 lo que mi humildad ensalza,

999 1152 673 70 y lo bien que me ha premiado,

992 1211 739 60 ruego à Dios que un rayo me haga

994 1263 486 60 para postrar enemigos

983 1306 633 63 de nuestro Rey à sus plantas.

780 1436 424 128 FIN.

358 1821 1242 94 Barcelona: En la Imprenta de los Herederos de Juan Jolis,

719 1882 501 130 en los Algodoneros.
