1923 2622
595 974 631 90 ROMANCE FAMOSO,

159 1059 1525 151 EN QUE SE REFIEREN

155 1163 1524 99 LAS GRANDES HAZAÑAS DEL VALIENTE

257 1217 1239 111 Negro en Flandes, llamado Juan de Alva, y lo mucho

416 1276 877 78 que el Rey nuestro Señor le premió

769 1328 268 111 sus hechos.

211 1448 438 79 VAlerosa Infanteria

170 1492 638 96 de la esclarecida España,

137 1557 640 73 que entre todas las Naciones,

137 1597 518 76 por tu valor te señalas:

137 1651 575 72 Oye de un valiente Negro

133 1693 679 92 la fuerza, y valor que alcanza,

133 1750 588 72 pues se acompañan con él,

131 1798 504 70 los de la Llave dorada,

126 1846 697 85 Duques, Condes, y Marqueses,

126 1887 529 83 Señores de grande salva,

122 1938 583 85 siendo hijo de una Negra,

129 1994 739 81 que fué de un Don Pedro esclava,

120 2045 640 74 mas por sus buenos servicios,

122 2090 459 77 la libertad alcanzára.

119 2141 515 131 Llevóme la inclinacion

926 1472 583 88 de servir al Rey de España;

917 1531 547 61 y en este dichoso tiempo

919 1579 562 75 unas Compañías marchan

898 1616 504 79 à la Ciudad de Lisboa,

911 1673 668 70 con ellas vá el Duque de Alva.

904 1719 682 77 Fuy en casa del Duque un dia,

906 1778 527 70 y con briosa arrogancia

900 1826 472 64 le dize gran Capitan,

901 1865 507 79 sirvate de darme plaza,

901 1919 593 79 que por el Cielo que adoro,

891 1969 588 71 y por esta humilde espada,

885 2018 690 73 que he de seguir tus Vanderas,

913 2068 516 70 hasta morir en campaña.

910 2112 562 80 El Duque pide el nombre,

896 2163 601 138 dixe: que Juan me llamaba,
