1903 2608
279 231 676 95 y respondió el Duque Invictor:

279 289 661 92 llamate desde oy Juan de Alva,

282 344 619 80 que te he de dar mi apellido,

279 391 586 79 porque tu valor me agrada.

278 434 649 94 Embarquéme, pasé à Flandes,

279 492 615 81 empezando en sus campañas

275 537 572 83 à dar glorias à mi nombre,

275 592 574 68 y nuevo assunto à la fama.

271 630 587 82 Un dia me llamò el Duque,

269 683 609 87 y dixo: amigo Juan de Alva,

265 734 516 70 aquesta noche conviene

263 778 498 82 à la Corona de España,

257 831 550 84 que traygais del Enemigo

256 879 458 77 una Posta maniatada,

253 934 465 64 y que si tu haces esto

245 973 509 85 te prometo una ventaja

249 1025 516 80 con Titulo de Sargento,

247 1073 741 91 que es premio de honra muy alta.

247 1125 498 76 Allí estava un Capitan,

243 1164 679 96 que Don Juan de Rojas llaman,

237 1219 704 89 que ardiendo en ayrada embidia,

230 1260 635 96 desta suerte al Duque habla:

232 1308 655 93 No es verguenza de Españoles

228 1366 666 93 lo que Vue-Excelencia manda,

227 1424 597 74 que vaya un Negro à gozar

224 1469 613 76 empressa tan noble, y alta?

226 1510 620 87 No hay Capitanes valientes?

221 1564 696 92 Sergentos? Cabos de Esquadra?

217 1614 465 68 Y Soldados valerosos

221 1662 622 87 que saldrán à essa demanda?

202 1712 480 76 Y sino yo iré, Señor,

210 1762 590 76 porque esse perro no vaya.

208 1801 659 91 Mucho lo agradeció el Duque,

208 1858 618 87 pero que fuesse me encarga:

202 1914 598 72 y yo al mirar tal desprecio;

204 1960 665 78 dixe, ardiendo en ira, y saña:

197 2005 479 74 O Capitan embidioso,

191 2053 646 81 quien te cogiere en campaña!

195 2103 581 79 vieras la espada del Negro,

201 2158 595 102 y yo, si obras como hablas.

1052 273 504 80 Assi que vino la noche,

1037 321 526 77 caminé azia la estacada,

1049 369 590 88 donde encontré al Capitan,

1043 427 530 68 que passeandose andava.

1047 469 508 69 Puseme una mascarilla,

1040 520 674 85 y al punto arranqué mi espada,

1039 569 516 75 sacó el Capitan la suya,

1040 620 589 74 y à golpes, y à cuchilladas

1037 669 593 74 le abati una punta al suelo,

1033 718 607 73 y luego sobre él me echára.

1033 762 659 85 El despues que se vió en tierra

1030 812 484 73 con una voz delicada,

1027 866 541 74 me pide que no le mate:

1027 915 523 76 yo le dixe, que se vaya,

1026 963 514 67 y advirtiesse de camino,

1021 1005 639 90 que soy hombre de dos caras;

1026 1062 516 73 y si una aqui le perdona

1020 1102 532 80 le matára otra mañana.

1015 1151 533 81 Quitéle una vanda Roja,

1009 1206 496 69 con rapacejos de plata

1020 1247 589 83 que por señal de triunfo,

1020 1295 480 87 hize que me la dexára,

1009 1345 591 85 à la Tienda del gran Duque

1002 1396 609 83 fué diziendo en vozes altas:

1004 1445 501 74 desgraciado fui, Señor,

998 1497 650 74 esta noche en la emboscada,

993 1547 483 74 sintióme la centinela,

1004 1593 627 82 dió aviso, y tocóse al arma:

985 1636 550 83 Salió una manga furiosa,

996 1686 495 76 reconoció la campaña;

993 1740 651 81 y resistiendome à su esfuerzo,

989 1793 598 78 de entre todos me escapára.

989 1829 568 83 Estando en estas mentiras

985 1886 624 85 yo alegre, y gozoso entrára,

978 1932 607 89 con quatro Postas rendidas,

974 1984 541 76 todas quatro maniatadas,

976 2036 576 72 y el Duque desque me vió

969 2077 657 81 se ha levantado, y me abraza.

978 2127 492 78 Y bolviendo al Capitan

954 2177 609 124 con muy cortesas palabras,
