1890 2646
370 171 560 56 veig que apenas han romput

372 205 417 59 la dura molesta soga,

374 242 583 90 que al temps del aprenentatge

372 302 459 66 los tè lligats á la sorda,

370 359 490 66 quant al instant solicitan

370 399 498 72 posar lo coll á la argolla,

370 456 450 70 ó al jou del matrimoni,

374 509 510 75 que quasi es tot una cosa.

368 553 450 71 Un hortolá que no sab

363 599 468 69 ben lligar una escarola,

366 659 467 59 ni entrecavar una taula

366 707 483 69 de rabes, alls ó xicoyras.

368 758 375 60 Un fadrinet sabater

372 802 459 73 que si graneja una sola,

359 855 507 71 la deixa que causa fástich

368 901 520 75 tant desigual y tant llorda.

366 954 412 71 Un sastrinyol estufat

366 1016 483 60 que ni sab fer una cota,

368 1067 476 61 ni sab tallar unas calsas,

366 1106 423 62 ni manejar la estisora.

366 1155 472 77 Un remilgat gratabarbas

361 1208 505 73 molt crespat de papillota,

363 1265 508 62 que sab tocar la guitarra,

372 1307 474 71 pero no sab fer la xolla.

363 1362 441 64 Un estarnut de notari,

361 1411 457 64 un traficant en drogas,

363 1461 583 69 que ni lo un sab llegir actes,

363 1510 547 73 ni lo altre coneix las gomas.

363 1556 373 71 Un estudiant gorró

370 1607 479 75 que no tè medi ni forma

359 1664 439 62 de víurer, sino servint

357 1711 481 68 ó prenent la trista sopa.

363 1766 490 64 Aquestos potros humans,

363 1810 585 79 y altres de semblant modorra,

359 1861 503 70 apenas rompen las travas

357 1913 547 71 de la subjecció quels doma,

361 1971 558 59 quant de repent se entregan

357 2010 567 71 á una euga quels tira cossas,

355 2066 602 59 las quals sufren ab gran gust,

359 2119 545 70 sols per tenir companyona.

359 2165 509 64 De estos no ho admiraria;

368 2213 549 80 pero veigs caballs de estofa,

359 2266 516 66 caballs que experimentats,

363 2321 461 71 ja posan plana la pota,

363 2361 505 82 y que no obstant tot aixó

361 2421 512 88 cauhen tots á la tramoya;

1076 149 439 73 si bè com per ordinari

1074 209 511 62 major coneixement logran,

1074 251 377 75 per ordinari també

1076 299 531 69 sa cayguda es mes garbosa.

1078 348 639 86 Veig, vull dir, homes molt serios,

1074 407 482 69 gent de capirot y borla,

1069 456 492 70 homes de capa y espasa,

1076 504 445 78 de garnatxa ó de toga,

1076 551 591 68 que si bè en sos primers anys

1071 599 644 77 no se han cuydat may de donas,

1071 650 457 68 ó per donarse al estudi

1071 703 479 70 mes libres á totas horas,

1071 754 402 68 ó ja per altras ideas,

1071 796 563 81 que ells se las saben á solas,

1069 857 470 66 despres en edat madura

1067 904 476 70 se resolen de altra cosa,

1074 950 610 73 pues fent lo que fan los altres,

1071 1014 474 57 se buscan una minyona.

1076 1056 575 66 Veig quels capellans y frares,

1074 1109 617 68 que son tinguts per gent docta,

1074 1153 613 72 (no obstant que ni ha de tots)

1069 1203 503 75 si sels permetés tal moda,

1071 1256 508 64 alguns, crech, se casarian,

1069 1303 525 75 sols tinguessen pera sopas.

1076 1356 589 68 Veig finalment que los viudos,

1071 1402 605 73 que saben quin pa se hi dòna,

1065 1455 478 59 si bè al principi del dol

1069 1510 521 64 quedarse viudos proposan,

1069 1561 501 59 despres mudant de parer,

1067 1603 483 70 se embolican altra volta.

1074 1651 575 73 Tot aixó me obliga á créurer,

1071 1704 545 66 que déu ser cosa molt bona

1065 1761 434 58 lo casarse. Los desitgs

1065 1805 575 67 ja dins mon cor se alborotan,

1071 1854 549 75 ja estich tentat de probarho,

1069 1900 503 73 ja vull gustar la agridolsa

1062 1951 417 75 companyía conjugal;

1062 2002 514 72 tindré quim cusia la roba,

1062 2057 578 70 tindré quim matia las pussas,

1065 2103 474 79 y finalment tindré dona,

1067 2149 571 75 que estant bo me divertesca,

1069 2207 618 66 que estant malalt me aconsolia,

1067 2253 606 75 que en las tristesas me alegria,

1067 2308 635 75 que en los treballs me confortia,

1069 2352 518 80 y que de mos pobres bens
