1753 2480
214 118 1328 110 do uno de los gloriosos combates, en cada grupo que avanza al

209 177 1330 113 son de ataque, creerá ella ver á su hijo ilustrado con su sangre

209 243 1118 101 generosa el nombre de su nacion y el de su familia.»

279 308 1256 102 Así se expresaba don Eduardo Bustillo, autor del «Roman-

201 360 1332 112 cero» al frente de la tercera edicion de su libro; y nosotros re-

201 424 1330 114 petimos sus palabras, porque para las buenas y honradas gentes

198 486 1328 113 del pueblo hacemos esta edicion, autorizados generosamente por

195 549 1331 106 dicho señor Bustillo, que ha comprendido nuestro noble deseo

194 606 1331 114 de hacer que llegue á las clases mas humildes de nuestra socie-

192 668 1329 111 dad esta coleccion de romances, que, á la vez deleitan é

187 731 1330 108 instruyen, despiertan y mantienen vivo en el alma el mas acen-

187 789 1320 117 drado sentimiento del amor patrio, gérmen de altas virtudes.

261 852 1248 113 El pueblo agradecerá, de seguro, que pongamos en sus ma-

184 916 1327 114 nos, por tan poquísima costa, estas páginas tan sencillas como

181 976 1325 117 elocuentes, en que se refleja el verdadero y noble espírutu na-

179 1031 162 80 cional.
