1842 2600
850 213 156 65 — 3—

195 251 501 74 Eectó. (enfada) Sis planetas!

195 313 716 65 Saldoni. Vamos, serán set, y no digui

234 356 78 39 res.

195 388 709 75 Eectó. (mes enfadar) Que 't pensas que

234 437 589 68 regatejas una gorra ó un mocadó?

192 486 709 64 Saldoni. Home, vosté no m' enten: des¬

229 531 672 67 pués quant serém casats ja estarém mes

229 579 669 60 desocupats y no portarém tanta pressa,

228 613 672 70 allavoras encara que siga estudiarne

229 654 421 56 cada mes dugas planas.

187 696 642 84 Redó. (ab impeta.) Afora de seguida.

943 271 712 71 Saldoni (lot anantsen.) Ey y quin home

983 322 671 60 mes tossut, ni 'ns ha volgut casá á pro¬

983 356 669 67 ba, ni 's vol entendre de rahons, qué

983 394 668 69 dimoni li costava? Quant jo sápiga de

983 434 385 65 doctrina, ja seré vell.

989 478 460 62 Deu me guardi de vosté.

943 512 706 68 Bedtó. Deu nos guart d' animals que

982 556 666 69 no donan sino cossas. Jesus, María y

982 598 667 60 Joseph, qué disbarats! no sé com he

982 644 666 58 tingut tanta paciencia. Men vas áresar.

982 678 667 65 In nómiue Patris (tot fentse crens) et

980 719 535 79 Filii, et Spiritus Sancti. Amen.

850 931 145 97 FI

180 1190 1458 98 SAINETES QUE SE HALLAN DE VENTA EN LA MISMA CASA

245 1327 1394 88 El médico fingido.— Tirabeque, gran militar y poeta.— El león anda¬

179 1370 1459 88 luz.— ¡Quién vive ! ó el duende.— El borracho.— El maestro ruso.—

180 1414 1456 91 La casa de locos.— La estátua fingida.— El corregidor y la molinera.—

179 1458 1459 93 El payo de la carta.— La burla del posadero. El paje de la llave, pri-

179 1508 1459 86 mera parte.— Idem, 3.a idem.— El payo de centinela.— Los dos rivales

177 1552 1455 88 de Judas.— El fuera, l.' parte.— Idem, 2.a idem.— El gitano cojo y

177 1597 1458 87 tuerto.— El valor de una gitana.— La boca del dios Plutón.— El matón

176 1639 1457 94 de Andalucía.— Los celos de don Crispín.— El inglés enamorado.— El

176 1684 768 73 Quiquiriquí.— El avaro y el fantasma.

235 1729 1400 88 En catalán. Lo bon Janot— Lo entremés del sabaté.— Lo mar-

174 1775 1459 85 qués Cuinat.— Lo estudiant mágich, 1.ª part.— Idem, 2.a idem.— La

174 1824 1458 81 sogra y la nora.— Lo ase perdut y buscat á brams.—Los tres estudiants.

171 1861 1461 90 L'aprenent sabaté, 1.ª part.— Idem, 3.ª idem.— Idem, 3.ª idem.— Carlets

177 1911 1454 85 y Felipó.— Saldoni y la Margarida, 1.' part.— Idem, 2.' idem.— Mossen

173 1955 1458 81 Antón en las montanyas de Montseny.— Las astucias d'en Tinyeta.— La

171 1994 1458 90 Layeta de St. Just.— L' hermano Bunyol.— En Caló y la Teresa.— Los

171 2045 1454 89 casaments de la Clara y la Poneta, l.' part.— Los padrins improvisats,

170 2082 192 63 2.' idem.

235 2130 1393 95 Bilingües. El memorialista.— D. Policarpo.— Francisquet y Rodrí¬

170 2179 571 61 guez,— El sabaté afortunat.

235 2217 1393 92 Para sombras. El diablo de la eesta. — Celestina ó los dos trabaja¬

171 2264 1455 90 dores.— Leonardo y Luisilla.— Las tentaciones de San Antonio.— La co¬

167 2311 1458 91 lección de fieras.— Los lances de carnaval.— Merlín el encantador.— La

167 2353 1185 102 enferma fingida.— Jorobinjoroba.— El camino de presidio.
