947 1310
32 28 357 27 dieron contra ellos, hacien-

39 45 350 39 do una grande mortandad.

34 77 355 35 Fueronlos siguiendo con una

36 105 364 41 grande algazara, y como si

34 140 366 32 tuviesen muy grandes Tropas:

38 169 362 37 y como sus Esquadrones mar-

34 195 364 41 chaban en batalla, y con

37 225 361 41 buena orden, les era facil

38 260 363 38 vencer á los que huian ate-

34 286 367 40 morizados, y sin esperanza

36 322 365 36 de vida ni fortuna. Todos los

36 347 368 40 Pueblos circunvecinos, lue-

39 383 365 36 go que oyeron, y vieron la

37 408 367 36 novedad, salieron armados

39 442 365 40 y furiosos contra sus enemi-

39 471 365 40 gos, viniendo á tomar parte

37 497 369 42 en la gloria de Bethulia, y

38 531 368 39 poniendose en campaña, por

37 558 370 40 todas partes acometian, y da-

38 588 369 41 ban sobre sus contrarios. No

39 624 370 33 acertaban à defenderse ; por

38 649 371 39 que estaban aun pasmados

39 676 372 42 del fracaso, y asi como es-

41 709 370 37 taban atonitos, y derrotados

41 736 368 41 sin Gefe que los governase,

42 768 367 44 hacian en ellos una horrible

42 801 150 36 carniceria.

87 826 325 40 En fin, todo el campo de

42 855 370 43 Holofernes fue destruido, en

43 888 372 42 medio de ser tan quantioso,

44 921 371 38 que pasaban de cien mil

45 946 368 44 hombres. Hallóse tan gran

46 978 367 42 despojo, tan rico, y abun-

45 1006 368 44 dante que era admiracion,

52 1038 361 40 porque los enemigos, mas

46 1065 367 38 cuidaban de salvar sus vidas,

48 1096 365 42 que de sus tesoros. La fama

48 1125 367 43 de esta gloriosa victoria lle-

50 1151 365 61 gó á Jerusalén, y el Pontii-

416 26 361 30 fice, y Sumo Sacerdote Elia-

417 43 360 44 chin ó Joachin, vino á Be-

417 76 363 38 thulia con sus Sacerdotes,

424 104 356 42 por ver á la victoriosa Judith,

424 134 356 37 y llenarla de bendiciones.

424 164 358 42 Luego que oyo Judith, que

421 194 361 40 venia el Pontifice á Bethulia,

422 231 360 36 salió á recibirle, y al llegar

420 257 363 39 á su presencia, se echó á sus

420 288 365 37 pies para que la echase su

421 323 364 35 bendicion, lo qual hizo el su-

422 352 363 34 mo Sacerdore, diciendola:

422 377 365 42 Tu eres, hermosa Judith, la

422 405 366 43 gloria de Jerusalén, tu la ale-

422 436 362 45 gria de todo lsraél, tu en fin

422 468 364 41 la honra de todo nuestro

425 496 362 43 Pueblo ; porque has obrado

425 527 364 36 varonilmente en esta grande

425 556 365 43 empresa. Tu corazon ha sido

425 587 365 42 conformado por la virtud del

425 616 365 42 Altisimo, y porque has ama-

425 646 365 41 do la casridad, y no has que-

425 677 366 39 rido conocer mas varon que

425 710 365 35 el que gozaste, por eso la

425 734 367 45 mano del Señor confortó tu

425 765 365 42 brazo, y es debido, que seas

431 798 361 40 bendita por los siglos de los

430 824 362 43 siglos. Entonces al concluir

431 855 361 41 el Sumo Sacerdote, respon-

430 887 362 39 dió todo el Pueblo : Amen.

430 919 362 39 Amen. Prosiguió tambien es-

430 946 362 41 te echandola mil bendicio-

430 981 362 38 nes : pues no se oía por to-

434 1006 358 39 das partes, sino gritos de ale-

435 1038 356 40 gria, y aclamaciones, que la

434 1066 360 43 publicaban : Gloria de Jeru-

434 1096 360 41 salén, gozo de lsrael, honra

431 1123 361 45 del Pueblo, la muger fuerte,

431 1154 361 68 la casta y valerora Princesa,

768 1194 24 60 y
