949 1304
184 1 37 25 22

168 10 359 49 y la Dama incomparable, cuya

161 47 366 43 fama habia de vivir eterna-

158 81 97 37 mente.

208 106 322 40 Un mes se pasó todo en

158 140 372 41 continuos regocijos musicas

160 171 369 37 y trofeos en el Pueblo. Casi

159 202 371 37 treinta dias duró el recoger

158 229 367 40 los despojos que dejó en su

156 262 369 39 campo el enemigo, de los

158 297 365 35 quales los mas preciosos en

157 324 366 35 oro, plata, purpura, per-

156 354 366 33 las, y joyas, con otros mu-

155 379 367 42 chos, que juzgaban ser de

156 412 366 41 Holofernes, fueron presenta-

156 442 366 43 dos á Judith, lo demás, que

156 474 367 38 fue por estremo mucho, y

155 500 368 41 rico, como tambien muchos

156 532 369 45 viveres de trigo, carnes, y

155 565 370 37 vino, todo se repartió en los

158 592 365 40 vecinos de Bethulia, que

153 621 370 41 quedaron muy ricos. Com-

153 655 374 35 puso Judith entonces un can-

152 683 375 36 tico de triunfos en accion de

152 711 373 38 gracias al Señor, el qual fue

150 742 375 38 cantado solemnemente con

153 773 281 38 admiracion de todos.

198 799 328 44 Pasado este mes de ale-

152 832 374 40 gria, se dispusieron todos á

153 861 373 40 ir á Jerusalén al Templo de

153 896 372 34 Dios á darle gracias, distri-

155 927 370 35 buir los votos de todo el Pue-

155 954 370 37 blo, y hacer grandes ofren-

155 983 370 39 das, en que se pasaron tres

156 1015 367 39 meses con grandisimos rego-

156 1045 367 38 cijos, no habiendo dia que

157 1075 368 33 no fuese dia de fiesta, ni casa,

157 1103 368 38 que no pareciese gozaba de

159 1133 365 39 los placeres del Paraiso. Ju-

157 1164 367 54 dith presentó al Templo de

545 11 368 47 Dios el pavellon de Holofer-

545 53 365 38 nes, con su armas, cuya

546 84 366 37 memoria estuvo siempre fija.

544 110 369 39 Tambien presentó el velo

544 141 368 39 de su cama, ó cinifera, que

547 171 365 43 ella misma cogió junto con

547 199 363 43 el pavellon : y asi esto como

546 229 364 44 todo lo que el Pueblo habia

546 260 362 43 ofrecido, y dado de joyas,

544 297 366 38 perlas, plata, y oro de Holo-

543 321 365 38 fernes, todo se lo dió á Dios

541 352 368 38 en accion de gracias, por lo

541 386 367 36 mucho que la habia favore-

544 416 363 38 cido, y ayudado á su Patria,

544 445 364 37 y todo Israel. Fueron los de-

542 473 366 40 mas asimismo ofreciendo de

542 503 366 38 los despojos que les habia to-

545 534 364 38 cado, con que dejaron el

544 562 340 36 Templo de Dios muy rico.

564 595 344 36 Al cabo de estas ofren-

540 621 368 41 das, y regocijos se volvieron

539 654 369 38 todos á sus casas, y la Santa

540 688 367 36 Judith se volvió à su peque-

540 711 368 40 na Ciudad de Bethulia, siem-

539 741 368 42 pre viuda desde que murió

538 773 369 40 su Manasés, y siempre hon-

540 803 368 40 rada de todo el mundo, co-

540 833 367 39 mo la causa mas gloriosa que

541 863 367 38 habia sobre la tierra. Dio li-

541 896 366 35 bertad á su esclava Abraham

541 928 365 34 ó Abrahama, y vivió hasta

541 955 365 37 ciento, y cinco años con su

541 984 363 38 Pueblo en una profunda paz,

540 1015 365 39 sin que en este tiempo que vi-

540 1044 364 38 vió, y mucho despues de ha-

541 1075 365 34 ber muerto, hubiese habido

541 1104 364 37 quien inquietase à Israél. En

542 1133 362 39 fin, murió esta grande He-

542 1163 365 53 roina ; y fue sepultada en el

865 1200 41 46 se-
