914 1358
0 36 350 35 derramaban en abundancia

2 69 345 33 para comenzar los funerales

1 91 343 42 de la amada Patria. Reynaba

1 124 350 37 por entonces Manasés en Je-

0 155 351 31 rusalén, setecientos años an-

0 184 351 33 tes de la venida de nuestro

2 213 348 38 Redentor, el qual no vien-

3 246 337 38 do expediente alguno para

5 272 340 38 divertir esta desdicha, no

2 301 343 40 hablaba palabra, antes se

1 361 342 1 escondió en parte oculta. Pe-

4 365 340 36 ro Eliachin, Sumo Sacerdo-

4 391 344 42 re, haciendo el oficio de

1 419 347 40 estorzado, y valienre Capi-

0 455 349 36 tan con el de Pontifice, ani-

1 482 347 41 mó á su pobre pueblo, y

0 516 347 36 enjugó las lagrimas de todos

2 544 342 37 para mostrarle el primer vis-

3 577 346 38 lumbre de la esperanza que

1 603 347 39 concibieron de su amada li-

0 637 104 29 bertad.

37 660 310 43 Despachó correos por

0 694 348 38 rodas parres, y mandó á las

2 724 345 36 Ciudades que estaban ame-

0 757 348 33 nazadas con el paso de estas

1 780 347 38 crueles, y soberbias tro-

2 813 342 43 pas, que contribuyesen lo

0 845 345 36 posible con dinero, armas,

3 874 342 38 hombres, y viveres para re-

0 906 345 35 chazar al comun enemigo;

2 934 342 49 y sobre todo, que tomasen

2 964 351 37 los pasos estrechos de los

5 994 346 39 montes, para estorvarle la

1 1025 346 34 venida, donde poca gente

2 1058 345 34 podria hacer mucho, antes

1 1083 347 39 que aguardarle en la Cam-

1 1115 347 35 paña, en que fuerzas tan po-

4 1146 341 36 derosas se tragarian quanto

2 1178 345 60 se les pusiese delante. Ade-

363 43 345 25 masdé esto, mando se hicie-

366 67 344 34 sen rogativas publicas, en

365 94 346 38 que el Altar de Dios estaba

360 122 350 40 cubierto de cilicio, los Sa-

361 153 350 37 cerdotes estaban con un sa-

361 182 350 36 co, y todo el Pueblo en ora-

361 213 348 40 cion en ayunos, y sollozos.

364 246 347 36 Los niños tambien postra-

370 279 346 33 dos en tierra, imploraban

368 306 344 32 con las voces de su inocen-

369 331 344 40 cia la misericordia de Dios.

371 361 341 41 Este excelenre Pontifice, no

371 392 342 36 ignorando que juntamente

363 423 346 35 con la prudencia es menes-

362 458 349 34 ter menear las manos, no se

362 482 345 37 contentó con solo llorar de-

366 513 347 37 lante del Altar, sino que

371 539 336 40 visiró en persona las Ciuda-

366 572 346 38 des, y Aldeas, consolando

363 599 344 43 á los afligidos, animando á

368 633 341 39 los cobardes, y fortifican-

366 660 190 43 do á los flacos.

406 691 303 41 Llegó la nueva á Holo-

366 723 343 40 fernes, que los Judios se pre-

369 755 342 35 venian a la defensa, y que-

369 780 344 43 rian oponerse á su poder, de

361 812 345 40 que se encolerizó mucho,

366 844 346 37 y llamó á los Principes de

365 869 347 40 los Amonitas, y Moabitas,

361 903 348 38 que estaban en su Ejerciro

360 932 349 42 para informarse de las fuer-

364 966 350 35 zas que podria tener aquel

371 989 342 39 Pueblo, que se disponia á

366 1023 347 35 hacerle cara : y respirando

366 1052 346 43 bolcanes, equivocó la con-

372 1083 337 35 sulta con terminos de ame-

366 1116 346 36 naza : Qué Reyno es este

371 1171 343 2 Soldados? les dixo: Qué nu-

366 1171 345 65 mero de Ciudades son las que

657 1207 52 39 ha-
