943 1317
741 9 35 33 17

39 15 364 51 tonces, y la dejase comer de

39 59 364 35 lo que su esclava la trahia.

36 86 367 40 El se lo concedió gustoso,

35 116 368 38 dejandola hacer toda su vo-

40 150 325 39 luntad por no disgustarla.

79 178 322 41 Teniase ya entonces Ho-

35 208 366 36 lofernes por el hombre mas

32 238 366 37 dichoso del mundo, mani-

34 268 364 37 festandolo con un sumo pla-

34 305 366 31 cer, y alegria : bebia abun-

35 333 371 37 dantemente, y se mostra-

35 359 363 43 ba gallardo, y placentero

35 396 363 35 por estremo, de lo que Ju-

32 421 367 36 dith daba muestras de ale-

32 452 367 38 grarse diciendo gustaba mu-

32 488 367 32 cho de verle tan contento, y

31 511 368 38 que de alli adelante podria

31 543 368 40 contar aquel dia por el mas

31 577 368 34 dichoso, y feliz de los que

30 604 368 35 habia vivido. El, por darla

31 632 367 41 gusto, bebia mucho mas,

31 667 363 37 de manera, que se em-

30 692 364 41 briagó con una profunda

30 721 364 40 borrachera. Conoció ella

30 753 364 41 que aquel hombre estaba

31 790 365 30 fuera de si, y que no tenia

30 812 366 44 juicio para pasar adelante

29 841 370 40 en sus malos intentos, es-

29 871 370 44 tando privado de la razon,

30 906 368 36 por el demasiado vino que

30 930 368 41 habia bebido. Viendole tan

30 961 364 38 embriagado Vagao su Cama-

31 993 363 36 rero, pues estaba hecho

32 1021 362 38 una uba, procuró meterle

31 1052 363 37 en la cama, lo que ejecuró

31 1082 364 40 desnudandole. Dejóle he-

32 1113 363 37 cho un tronco en su cama,

36 1141 361 38 y tornando la puerta, le de-

32 1168 365 76 jó solo con Judith. Todos los

424 35 367 30 demas criados habian bebido

425 63 366 36 tanto, que no necesitaban

423 86 365 39 sino dormir. Judith solo que-

423 118 365 40 dó en vela, y bien despier-

425 150 363 38 ta. Dió orden á su esclava,

421 178 368 41 que la aguardase detras de

420 208 368 42 la puerta, y de alli no se

418 239 370 40 apartase, para que al menor

418 274 369 36 aviso, concurriese á lo que

425 300 156 41 la mandase.

463 328 324 41 Ya se hallaba sola la bue-

419 359 367 40 na Judih con Holofernes en

419 389 365 42 su retrete, y bien que sola,

417 424 367 35 pues este estaba como muer-

417 451 369 35 to con el sueño profundo

417 479 369 43 de su embriaguez. Pusose

416 510 370 38 a contemplar en aquel bar-

418 541 365 37 baro General, que dormia, y

418 577 366 36 roncaba con demasia. Quan-

420 600 364 38 do la pareció poner en prac-

420 633 364 37 tica sus designios se llegó á

418 661 365 42 la cama, donde se detuvo por

417 692 366 42 algun rato, suplicandole ar-

414 722 366 41 dientemente entre sí á Dios,

414 753 367 37 que fuese servido de dar cum-

414 782 369 43 plimiento por su mano al

413 812 369 40 grande hecho que tenia pre-

414 841 366 41 meditado. Ya resuelta de dar

416 874 364 38 principio á la obra, cogió el

413 901 366 40 alfange ó cimitarra del mis-

413 930 365 40 mo Holofernes, y desembay-

413 961 366 42 nando su acero animosamen-

414 996 365 32 te, llegó á aquel dormido

413 1022 365 34 tronco. Cogióle de los cabe-

412 1049 368 44 llos, y diciendo solo en su co-

412 1081 366 35 razon Dios mio, alentad aho-

412 1109 367 40 ra mi brazo, ejecutó varonil-

413 1141 365 39 mente el golpe, de suerte,

413 1168 366 67 que de dos cuchiladas le

589 1198 41 46 C

718 1205 58 57 cor-
