943 1317
180 0 38 27 16

163 33 366 24 ced, que era la dejasen salir

160 59 366 32 antes del dia para hacer sus

160 83 366 41 oraciones al Dios que adora-

155 116 371 39 ba, segun su costumbre, y

155 144 371 40 atravesar todo su Campo

156 175 372 40 con toda libertad, sin que

154 205 374 38 ninguno osase impedirla, ni

156 235 370 42 perturbarla : para lo qual

154 265 372 35 echó Holofernes un vando

156 296 368 36 riguroso, con el fin de que

154 327 370 35 se cumpliese todo confor-

155 362 371 33 me lo pedia. Por esta causa

156 390 370 32 en el silencio de la noche

156 417 373 39 se fue á lavar á una fuente

159 447 370 35 secrera, para purificarse

158 480 370 36 del comercio con los In-

156 505 372 42 fieles, y rogó á Dios ince-

156 537 375 35 sablemente fuese servido de

155 566 376 35 conducir sus designios para

157 596 315 39 la libertad de su Patria.

203 625 326 41 Quatro dias habian ya

156 656 373 37 pasado, que Judith estaba

158 687 372 38 en los Reales de Holofer-

159 718 374 38 nes aguardando ocasion de

159 751 373 35 ejecutar lo que tenia pen-

158 781 374 32 sado, quando este quiso de

161 806 370 39 puro contento hacer un

160 835 371 37 festin, con intencion de con-

162 864 370 43 vidar á su huespeda, pen-

162 895 370 42 sando, que con este aga-

161 925 371 38 sajo la atraheria á su voluntad.

160 954 372 40 Pero como los Asirios tie-

162 988 370 37 nen por deshonra enamorar

163 1015 369 40 á una muger sin alcanzarla.

164 1045 368 41 No se atrevia á aventurar en

166 1074 366 38 declararse, sino que lo en-

166 1104 366 37 comendo á Bagao, que era

167 1132 366 39 su Camarero Mayor, para

167 1163 366 62 que lo diligenciase. Este hi-

546 36 361 29 zo lo que pudo, diciendola

544 60 362 29 estaba muy adelantada en la

544 84 357 43 buena gracia de su Señor, y

544 115 362 41 que aquel dia tenia dispues-

544 145 361 39 to un banquete, en que la

543 177 362 34 deseaba ver á solas, que no

542 210 364 35 tenia que hacer escrupulo en

544 241 362 31 obedecer, pues era una de

543 272 363 29 las mayores honras que po-

544 297 363 35 dia tener en su vida. Aña-

543 329 363 36 dió tambien, que era menes-

544 358 363 37 ter estar alegre, y pasar el

544 387 364 37 tiempo sin melancolia. Bien

547 417 359 37 entendió ella á lo que tira-

547 447 360 35 ba, y respondió que esta-

546 477 361 39 ba dispuesta á obedecer en

546 508 362 40 todo las ordenes de su Se-

546 545 364 31 nor, y no queria tener mas

545 569 361 39 voluntad que la suya, y

545 599 365 38 luego al punto se adornó,

548 625 360 45 y aliñó lo mejor que pudo,

548 657 363 43 por parecerle mejor, y asi

547 688 225 37 pasó á su retrete.

587 722 7 33 Al mismo instante que la

549 747 362 43 vió sola junto á si se le al-

548 777 362 41 borotó el corazon, y pare-

548 809 366 32 cia que los explendores que

548 836 364 39 salian de los ojos de esta bel-

549 864 362 42 dad le habian sacado fue-

549 894 362 37 ra de si. Su pasion no le da-

551 925 360 41 ba lugar á hablar mucho,

549 959 359 32 segun estaba alboratado: con-

549 984 361 36 rentóse solamente con con-

549 1018 359 37 vidarla á regocijarse ase-

549 1043 362 44 gurandola, que le habia

551 1075 360 40 grangeado el corazon. La

549 1104 362 39 santa Judith le suplicó tuvie-

552 1134 360 41 se por bien de que ella se

552 1164 359 49 portase á su modo por en-

859 1199 53 46 ton-
