939 1332
725 4 29 23 15

25 24 354 36 tán todos tan amedrantados,

25 52 354 40 que no os lo puedo ponderar

25 83 357 37 mas. Fuera, que la hambre,

25 113 360 38 y la sed conspiran en su des-

24 140 360 42 truccion, y están resueltos á

23 175 359 34 matar todos los animales, pa-

24 202 358 41 ra beber la sangre, sin per-

24 233 361 36 donar aun las cosas consa-

31 256 354 49 gradas á la Magestad Divi-

26 290 359 39 na ; que es una señal de ma-

25 318 360 41 nifiesta reprobacion. Por esta

27 352 361 37 causa, Señor, he dejado esta

24 381 364 40 Ciudad y vengo de parte de

24 410 364 39 mi Dios á darte este aviso.

27 440 358 41 Has de saber, que el Dios

24 469 362 41 que yo adoro es muy grande

25 501 361 41 y que no dejaré de rogarle

23 533 362 36 por tu Ejercito, para saber

18 559 367 39 su volantad, y deciros el

19 589 368 40 tiempo que tiene determinado

19 621 364 36 para la ultima desdicha de

18 651 365 34 esta infeliz Ciudad. Y pue-

19 680 363 39 des estar seguro, que te en-

18 708 366 38 traré dentro de Jerusalén,

18 739 367 37 entregandote todo su Pueblo

18 768 370 38 como ovejas sin Pastor, sin

19 799 366 38 que baya siquiera un perro

18 829 364 35 que te ose ladrar ; siendo

17 856 364 37 justo que los hombres y los

17 887 363 33 animales se sujeten á un po-

17 916 362 34 der tan formidable ; conduci-

17 944 362 39 de por mano del Altisimo,

18 975 361 38 siendo esta la orden de su

19 1004 157 40 Providencia.

62 1033 320 42 Holofernes que yá esta-

22 1066 366 38 ba preso por los ojos, fue

18 1094 364 42 encadenado por los oidos

17 1123 365 44 con dulzura, y utilidad de

24 1158 360 63 estos discursos , no siendo ya

403 29 372 32 su corazon suyo. Acaricióla

402 54 372 37 mucho, prometiendola, que

400 84 374 35 su Dios seria el suyo, que

402 111 373 39 la haria grande en la casa de

403 140 369 40 Nabucodonosor, y nombra-

403 174 371 38 da por toda la tierra. Los que

404 204 370 37 se hallaron presentes á este

405 231 369 36 razonamiento se admira-

404 260 366 43 ron mucho de su eloquen-

408 295 364 35 cia y sabiduria, y se decian

407 323 365 37 unos á otros : No hay muger

408 354 364 37 semejante sobre la tierra, por

408 386 360 34 su aspecto, su hermosura, y

408 415 365 36 su loquela. Hizola luego en-

407 446 368 36 trar en su Camara Holofer-

406 473 369 37 nes donde estaban sus te-

406 503 367 40 soros para que viese su gran-

404 532 368 39 deza, y la señaló cierta can-

406 560 366 38 tidad que se la diese cada

402 591 371 40 dia para su plato. A que ella

399 623 374 38 resrondió, que aun no le

399 653 371 38 era permitido, segun su ley,

398 688 374 31 comer á una mesa con per-

400 712 372 39 sonas de otra Religion que

405 744 365 35 la suya ; y con esta pre-

402 771 370 37 vencion trahia consigo todo

405 801 366 39 lo necesario. Pero quando

402 831 365 38 vuestra provision se acabáre,

399 860 369 36 dixo Holofernes, que hemos

399 890 369 35 de hacer con vos ? Y ella re-

400 918 370 41 plicó, que esperaba cum-

399 950 368 39 plir el negocio que tenia tra-

400 981 367 35 zado antes que se le acabase

400 1007 366 40 el sustento que habia trahido.

442 1036 322 42 Mandó Holofernes des-

397 1069 367 38 pues de esto que la aloja-

397 1099 368 36 sen en una rica tienda para

402 1126 362 41 que reposase, y antes de se-

393 1157 371 52 pararse le pidió una mer-

701 1186 58 44 ced,
