945 1320
179 5 36 36 18

162 42 364 26 cortó, y separó lá cabeza de

162 63 364 34 los hombros. Llamò pronto

162 93 366 38 á la esclava, y la entregó la

162 124 366 35 cabeza de Holofernes, y es-

163 154 366 36 ta la metió en el saco en que

161 182 368 39 habia trahido la comida. Em-

165 213 361 39 volvió Judith el cuerpo en-

161 245 365 35 tre las sabanas, recogiendo

162 276 367 35 el pavellon, y el alfange,

163 305 366 36 se salieron de la tienda muy

164 335 370 36 disimuladas. Atravesaron los

165 366 369 37 Reales sin que persona, ni

164 396 367 39 Soldado alguno les impidie-

163 428 368 37 se, por la orden que ya te-

164 456 224 40 nian del General.

207 486 322 40 Llegaron de noche á la

164 517 365 40 puerta de la Ciudad de Be-

164 548 365 33 thulia, y desde lejos comen-

163 576 366 38 zaron á dar voces á las Cen-

163 609 370 34 tinelas, diciendo : Abrid, que

165 638 368 38 Dios está con nosotros, y ha-

164 667 366 37 hecho maravillas en lsrael,

165 696 365 36 Fueron corriendo á avisar al

166 726 366 40 Sacerdote Ozias, y á todos

165 757 367 40 los demas, que con toda

166 788 367 37 prisa salieron á recibirla.

167 816 366 39 El Pueblo todo, luego que

167 846 366 41 se estendió la noticia, corria

166 877 367 39 por las calles ansioso por

168 906 364 39 ver á Judith : rodearonla

167 936 365 36 multitud de hombres, mu-

170 967 364 40 geres, y niños, dandola en

168 998 366 38 altas voces el parabien de

169 1028 365 38 su vuelta, y venida, pues

170 1058 364 37 pensaban antes, que ya se ha-

170 1087 360 38 bia perdido, y la miraban co-

170 1118 360 41 mo si viniera del otro mun-

170 1148 65 42 do.

214 1174 318 64 Mandó Judith encen-

548 47 359 20 der faroles, y subienido á un

548 62 359 36 lugar eminente, donde se so-

546 93 363 39 lia hablar al Pueblo, despues

546 123 363 36 de pedir silencio, dixo asi:

546 154 363 38 "Señores, y compatrioras

546 183 364 38 "mios, dad gracias à Dios

549 214 362 38 "nuestro Señor, que nunca

549 244 361 36 "ha desamparado á los su-

549 275 362 35 "yos, y por su gracia ha

549 304 362 37 "cumplido el dia de hoy en

554 335 357 36 "mi, su humildisima sierva,

554 365 357 38 "la promesa que tenia hecha

551 394 360 40 "á su Pueblo escogido;

551 427 360 37 "porque esta noche he

541 461 8 28 "muerto por mis manos al

549 485 361 37 "enemigo comun de nues-

549 515 362 40 "tra Nacion." Mas dicien-

552 547 359 33 do esto, pidió á la esclava el

552 574 359 40 talego donde trahia la cabe-

553 607 358 35 za horrible de Holofernes;

553 637 358 38 y sacandola, se la manifes-

552 668 359 36 tó á todos los concurrentes,

552 695 359 37 diciendo : Veis ahi la cabe-

551 725 362 40 "za de Holofernes General

551 756 360 38 "del Ejercito de los Asy-

552 787 361 37 "rios,  "y desenvolviendo

552 816 361 39 el pavellon, dixo : "Este es

549 846 365 39 "el pavellon en que dormia

549 877 364 38 "Holofernes su embriaguez

552 905 359 39 "y Dios le ha mucrto por

552 935 359 37 "manos de una muger. Pon-

552 965 358 40 "go por testigo á Dios vi-

552 998 359 38 "vo, que con la proteccion

551 1027 360 38 "de su Santo Angel me ha

551 1057 359 37 "conservado pura en la ida,

553 1086 358 38 "vuelta, y estancia en su

553 1116 358 41 "Campo: sin permitir, que

548 1147 363 35 "persona alguna intentase

549 1174 362 63 "contra mi honor; y asi que

848 1205 63 46 "do
