939 1332
186 0 25 29 14

162 24 371 30 ducia tan bellas mugeres me-

160 48 368 38 recian qualquiera trabajo para

159 79 162 37 conquistarla.

203 108 325 38 Holofernes la mandó le-

159 138 374 37 vantar luego al punto, y ella

156 168 370 38 fingia tener algun miedo, y

154 199 372 38 haberse turbado por la pro-

154 229 372 38 funda reverencia que se de-

153 259 373 34 bia á la presencia de un tan

152 290 374 38 gran General, sabiendo que

150 322 372 36 era muy vano, y que de es-

150 355 372 33 ta suerte le podria vencer

149 379 373 39 mejor. El habló con in-

148 409 372 35 creible dulzura, asegurando-

148 440 372 35 la, que no era tan terrible

146 471 374 38 como le hacia ; y que des-

148 501 369 39 pues que gobernaba las Ar-

145 531 372 36 mas de esta gran Monarquia

144 560 373 37 no habia hecho agravio á

144 591 372 38 persona alguna que desease

142 621 373 37 dar la obediencia á su Se-

142 651 372 34 ñor. Que él no queria tan mal

142 680 372 35 á su Nacion, antes bien, si

142 709 370 40 hubiera ella hecho su deber,

142 742 370 36 no hubiera dado lugar á

141 769 373 36 que se desembainrra una es-

140 798 374 38 pada contra ella. Por lo qual

140 830 374 37 deseaba saber por qué ha-

141 859 373 38 bia dejado su Ciudad, y ha-

141 888 372 39 bia venido á su campo. En-

141 919 371 38 tonces esta Dama, santamen-

139 948 372 38 te artificiosa, comenzó á

139 980 372 36 hablarle con tal agasajo, y

140 1007 371 38 dulzura, que cien Holofer-

139 1037 372 39 nes tuvieran harto que hacer

139 1068 370 36 en defenderse de aquella ma-

138 1097 371 39 quina amorosa. Suplicóle la

139 1127 369 38 oyese con atencion ; y ad-

139 1159 369 43 mitiese su razonamiento, pues

543 17 356 39 Dios lo tomaba por instru-

540 49 358 38 mento para tan gran nego-

545 78 352 38 cio. Diola licencia para ha-

540 108 357 40 blar, y empezó, diciendo.

580 139 319 39 Bien sé, Señor, que Na-

538 167 358 37 bucodonosor es electo por

538 199 356 38 Dios para Rey del mundo,

538 228 359 39 y que todo el poder de su Mo-

538 259 358 34 narquía se encierra en Ho-

538 288 358 38 lofernes, donde vive y triun-

538 320 357 37 fa magnificamente para bien

538 350 356 37 de los buenos, y castigo de los

538 378 355 37 malos. No soy Señor tan igno-

532 408 361 36 rante de las cosas del mun-

532 438 362 37 do, que no haya conocido la

532 470 361 38 prudencia, y el valor de un

533 500 360 37 Holfernes, que tenia la hon-

533 529 360 37 ra de ser el unico en todo el

533 560 354 37 Reyno de Nabucodonosor, y

532 589 360 39 que habia llegado á este al-

532 620 359 37 to colmo del poder, con quien

529 651 361 33 cosa del mundo no se pue-

529 678 361 37 da igualar, por la bondad de

529 709 361 39 su corazon, pues no queria

529 740 360 36 ser poderoro, sino solo por

527 768 363 37 hacer bien, como lo testi-

527 797 360 39 ficaban todas las Provincias,

527 828 361 37 en quien habia puesto tan bue-

527 857 363 38 na orden para los asuntos

527 887 360 38 del Reyno. He sabido lo que

526 919 355 37 ha pasado con Achior, y

526 947 359 37 es cierto que él ha conoci-

524 976 362 37 do verdaderamente el debil

524 1006 357 38 espiritu de mi Nacion, y

523 1036 362 39 asi haceis muy bien al pre-

523 1067 361 36 sente, que Dios está irri-

520 1095 364 39 tado contra ella, y la tiene

521 1126 362 38 amenazada por sus Profetas

521 1158 361 43 su ruina. Por esta caura es-

839 1189 46 52 tan
