1753 2480
1399 97 52 122 3

88 190 379 68 almirez, chocolatera,

84 221 443 80 trébedes, cacillos, rallo,

86 276 439 60 caldera, sarten, peroles,

86 314 492 72 cántaros, cestas, cernacho,

93 367 465 64 parrillas, barril, embudo,

93 407 388 70 paleta, piquete, cazo,

88 452 358 64 asadores y tenazas,

90 485 406 66 morillo para al asado,

93 535 413 62 espétera, chucharones,

97 566 593 85 y un tiesto en que beba el gato,

97 622 405 64 manteles y servilletas,

97 665 434 62 fuentes y fino vidriado,

99 706 440 62 un velon y palmatorias;

99 744 430 68 bujías y algunos cabos:

99 791 390 66 cubiletes, enajaderas,

99 830 465 83 mandil, escoba, estropajo,

101 888 395 54 alcuza para el aceite,

107 921 459 73 y para vinagre un jarro,

101 961 440 68 el cestillo de las yescas,

105 1008 440 62 anafes, ruedo y canasto.

107 1056 484 62 En el corredor dos mapas,

107 1097 405 60 almanaques y diarios;

107 1134 440 66 un farol en la escalera,

107 1175 575 79 que de noche esté alumbrando:

109 1227 409 58 cordel en el picaporte

111 1264 403 66 dos paises en el patio,

111 1304 525 78 y un sillon ó escaño grande

107 1349 424 70 en él habrá preparado,

115 1395 447 76 para que sentarse pueda

111 1440 509 72 el que tenga que esperarlo.

113 1483 453 67 Todo lo que he referido,

109 1521 523 70 le costará ( y no me alargo,

113 1566 589 74 si ha de hacerlo como he dicho )

115 1614 509 60 muy cerca de mil ducados.

115 1657 455 64 Lo que cuesta una mujer

115 1694 509 70 despues de tantos cuidados !

121 1750 418 58 Y si ella sale traviesa,

119 1793 420 67 y de genio alborotado,

115 1831 443 66 amiga de pelendengues,

117 1882 395 56 y visitar los estrados,

115 1915 432 69 inclinada á los cortejos

121 1965 422 58 y cada dia ir mudando

119 2015 472 64 las modas de mejor gusto

117 2058 530 60 que es comun en estos años,

117 2097 490 60 que cargue Judas con ella,

124 2134 481 147 y con la honda los diablos.

795 136 468 101 ¡Que cuesta tanto dinero

789 208 366 62 un enemigo diario,

795 245 517 73 que siempre tiene el castigo

797 291 517 66 para el marido en la mano !

797 332 492 68 Tambien se ha de prevenir

795 386 391 54 de todo lo necesario,

800 429 427 58 como es aceite, carbon,

802 460 529 67 vinagre, especies, garbanzos,

802 512 427 68 y las demas zarandajas

804 547 465 79 para el consumo del año.

802 601 365 58 Y sino diariamente

800 640 494 73 habrá de estar aguantando

800 686 398 60 el pobre los apellidos

804 721 490 72 que la mujer le va dando.

804 768 620 66 Pues si acaso es Juan su nombre

804 814 411 72 le dirá con desenfado;

806 851 533 72 Juan, carnero: Juan, carbon:

808 894 587 75 Juan, especies: Juan, garbanzos:

806 944 514 68 Juan, aceite: Juan, vinagre:

808 983 539 71 Juan, tomates: Juan, visaltos:

810 1027 556 66 Juan, lechugá: Juan, limones:

808 1076 535 60 Juan, huevos: Juan, bacalao:

810 1122 575 66 Juan, acelgas: Juan, pimientos:

812 1155 531 70 Juan, zanahorias: Juan, ajos.

812 1209 542 59 Juan, cisco si es en invierno:

812 1252 533 56 Juan, nieve, si es en verano:

814 1293 490 71 y tambien: Juan chocolate:

816 1335 653 64 ya es Juan dúlce, ya es Juan ágrio

814 1386 535 60 hasta que enfadado el pobre,

814 1423 544 69 dice: Juan cuernos me llamo.

818 1463 554 68 Y ha de ir el pobre por todo.

814 1519 519 57 ó ha de mantener el criado

816 1556 558 68 que monta mas lo que guisan,

818 1603 457 62 que su soldada ó salario.

818 1647 467 60 Pues para ella es preciso

818 1688 436 62 una criada, que al lado

822 1729 538 77 le esté en cuanto se disponga

816 1775 451 66 de la comida y fregado,

822 1818 385 70 como dama de labor,

816 1860 418 66 asentada en el estrado.

822 1911 509 60 Por san Andres, la matanza

818 1955 403 57 es otro preciso gasto:

828 2000 565 72 pues un cerdo de ocho arrobas,

822 2039 478 64 que es un peso moderado,

820 2087 428 66 le ha de venir á costar

820 2132 484 141 quinientos reales cerrados,
