1124 1593
442 93 111 40 —21—

102 132 780 34 tar, al oficiante se le cayó la sagrada hostia, y Adalmira, con mu-

101 158 783 40 cho fervor, sin acordarse de la falta de sus manos, se inclinó á co-

100 192 784 43 gerla; pero cuál no seria el asombro de toda la comunidad y del sa-

100 226 783 42 cerdote mismo que oficiaba cuando vieron que Adalmira cogió con

100 260 783 39 sus bellísimas manos la sagrada forma, pues Dios, compadecido de

100 292 781 40 ella y movido de su grandísima piedad, se las devolvió, más her-

101 325 780 37 mosas aun de lo que las tenía cuando se las cortó. Ante un milagro

100 356 779 44 tan evidente y grandioso, no dudaron ya las monjas de que Adal-

100 391 780 39 mira era una verdadera santa, pues Dios había permitido conceder-

99 422 780 40 le el precioso don de las manos, de que había estado privada du-

99 454 778 40 rante tanto tiempo. No fué menor la sorpresa y alegría de Adalmi-

99 485 778 39 ra al verse tan de improviso con sus tan hermosas y tan lloradas ma-

100 520 777 37 nos, y dió gracias á Dios de todo corazón por la grande merced que

99 550 776 42 se había servido concederle, y que era capaz por sí sola de compen-

98 584 776 39 sar todas las amarguras y dolores que había pasado y todas las in-

100 617 398 41 jurias y ofensas que había sufrido.

132 649 742 41 La madre abadesa dispuso que en acción de gracias por tan se-

99 682 775 41 ñalada merced se hiciese una solemne función, y durante varios

100 715 773 41 días las monjas estuvieron consagradas á los ejercicios extraordi-

100 747 772 43 narios y despues se dirigieron en procesión á la portería de Adal-

97 784 773 34 mira, y llevando la superiora la voz de todas ellas, nombraron aba-

97 814 773 40 desa á Adalmira. Ella no quiso admitir en manera alguna, pero tuvo

96 847 773 39 que ceder ante las reiteradas instancias de la comunidad, y fué tan-

97 878 772 39 to lo que estimaron las monjas el que accediese, que durante mu-

97 910 771 43 chos días no hacían más que entonar cánticos y salmodias de puro

95 942 105 43 regocijo.

128 973 738 40 Adalmira no se hallaba de contenta al ver recuperadas sus ma-

95 1007 770 37 nos, y eran tan hermosas y blancas, que parecían hechas por los

94 1039 771 39 mismos ángeles del cielo, y acudió tanta gente á besárselas, atrai-

94 1072 769 41 das por el milagro, que desde por la mañana hasta por la noche

95 1107 767 38 estuvo toda una semana seguida recibiendo el homenaje de las

94 1138 768 40 personas devotas y no hacía más que recibir en ellas besos de paz

94 1170 767 41 y bendiciones. Además de esto, las rentas del convento, que estaban

93 1206 767 39 muy mermadas cuando llegó á sus puertas Adalmira, crecieron de

93 1239 767 38 tal manera con los donativos de las personas piadosas, atraidas de

93 1269 767 40 la fama de la virtud de Adalmira, que de allí en adelante fué la

92 1300 766 39 más rica comunidad en veinte leguas á la redonda, y se hicieron

91 1333 766 38 obras para embellecer la iglesia, y se restauraron las pinturas, y se

92 1366 766 40 decoraron de nuevo los tabernáculos y retablos, y en fin, quedó

91 1398 765 51 convertido aquel humilde convento en una de las más hermosas
