1084 1585
449 86 111 44 —25—

101 125 795 46 ba, pero luego se confundía y saltaba á bordo con las mayores

100 162 796 43 pruebas de sentimiento y lanzando al espacio los más tristes aulli-

99 195 797 44 dos. Así estuvieron por espacio de muchos meses, haciendo arriba-

99 228 796 44 da en todos los puertos y preguntando á todos los marinos y pesca-

100 261 794 41 dores si habían visto una mujer amarrada en una lancha con un

100 293 344 41 niño, y nadie les daba razón.

139 324 753 38 Al conde le acometían violentos accesos de furor durante los

96 357 796 37 cuales nadie osaba acercársele, y cuanto más lejana estaba la espe-

97 390 795 40 ranza de hallar á Adalmira, más sombría y torba se volvía su mira-

99 425 791 37 da, en términos que muchas veces creyeron los tripulantes que el

98 455 792 38 mismo dolor de no hallar viva ni muerta á su mujer le trastornaba

95 488 794 39 el juicio, y un día le sorprendieron á tiempo que quería arrojarse al

95 519 792 39 mar de cabeza, persuadido de que eran completamente inútiles to-

95 551 766 37 das las gestiones que hacía por encontrar á su esposa idolatrada.

131 585 754 39 Como última esperanza decidió correr todos los puertos, uno

93 614 791 42 por uno, ofreciendo gruesas cantidades de dinero al que le sumi-

93 647 792 38 nistrase alguna noticia de lo que le podía haber sucedido á Adal-

91 678 793 40 mira y al niño; pero todo fué en balde, pues nadie le daba razón ni

94 713 789 38 se sabía nada de semejante persona. Sin embargo, no desmayaba

93 745 785 39 nunca, como si una voz secreta le dijese que Adalmira era viva, y

90 777 790 40 no hallaba otro consuelo que el de conversar con el perro, que le

90 809 789 38 escuchaba muy atentamente, y á lo mejor se arrojaba al agua, y el

89 843 790 41 conde seguía con interés sus movimientos, ordenando las manio-

88 874 789 41 bras según los varios y muchas veces contradictorios rumbos se-

88 907 428 38 guidos por aquel inteligente animal.

125 939 752 42 Ultimamente unos navegantes que se encontraron al paso, le

88 973 789 40 dijeron que hacía mucho tiempo habían hallado como restos de una

87 1006 787 39 embarcación pequeña, completamente desarbolada y sin vestigios

84 1038 790 38 de persona alguna, con lo cual el conde recibió gran pesar, pues le

85 1068 788 40 arrebataban la esperanza de que Adalmira se hubiese salvado. Todo

84 1100 786 42 hacía creer, pues, que el conde era viudo y que la desventurada y

84 1135 786 37 bella Adalmira había servido de pasto á los peces. Con tan descon-

82 1166 788 37 soladoras noticias, el conde hizo celebrar á bordo una misa de re-

81 1197 789 41 quiem por el alma de su pobre esposa y de su hijo, y se tornó tris-

82 1231 788 37 te y meditabundo, consumiéndole de día en día la pena de no haber

81 1260 788 40 tenido la precaución de haberla dejado mejor protegida contra los

80 1294 789 43 ódios de la condesa su madre, que tan preciados séres le había

81 1327 137 47 arrebatado.

578 1423 124 41 HUNGRÍA.—4
