1088 1577
575 56 109 65 —22—

229 124 795 32 abadías, llegando la fama de su riqueza hasta el Papa, que envió su

228 153 795 38 bendición desde Roma, distinguiendo á Adalmira como si hubiese

228 183 792 42 sido canonizada, pues mandó que en adelante se celebrase fiesta

227 215 790 38 en el convento todos los años por el dia en que se verificó el mi-

229 249 439 38 lagro de la reaparición de las manos.

512 307 224 45 CAPÍTULO XI.

248 347 753 49 Batalla de Túnez, muerte del rey de Francia y regreso del conde

350 386 546 38 de Provenza por haberse terminado la guerra.

229 444 786 39 Entretanto tocaba á su fin la octava Cruzada, y el rey de Francia

227 479 788 37 dispuso lo conveniente para dar el asalto sobre Túnez, donde se

229 509 786 37 habían replegado los infieles. Allí estaban todos los reyes de la

226 541 789 41 cristiandad y los más esforzados guerreros, puesto que se encon-

228 576 784 37 traban los reyes de Francia, de Sicilia, de Dinamarca, de Aragón,

228 607 785 36 de Normandía, de Navarra y otros muchos, cuyo solo relato ocu-

228 637 783 42 paría muchas páginas; todos ellos rodeados de lo mejor de sus tro-

228 674 784 38 pas y de los más aguerridos capitanes. La infantería ocupaba mu-

228 704 785 39 chas leguas y estaba protegida por infinidad de escuadrones de

228 736 784 37 lanceros, que ocupaban una dilatada extensión de terreno. Todos

229 770 781 36 los estandartes se veían allí y banderas de todas las naciones. Los

228 802 781 39 infieles, parapetados en los muros de Túnez, habían hecho grandes

228 834 781 35 zanjas y esperaban el asalto dispuestos á pagar caras sus vidas. Por

227 867 782 40 todas partes las lanzas y las ballestas relucían, y todo anunciaba un

227 898 264 38 formidable encuentro.

267 928 742 43 Amaneció el día señalado para dar el ataque, y desde muy tem-

226 962 784 42 prano el ruido de los timbales y el toque de las bocinas se unió al

226 996 783 42 chocar de los arneses y de las lanzas. Había en los campamentos

226 1028 782 40 una animación extraordinaria, pues si se lograba arrojar á los in-

226 1063 782 36 fieles de Túnez, podía darse por terminada la guerra. El rey de

225 1095 782 36 Francia, sobre todo, estaba muy impaciente y ardía en deseos de

224 1126 783 41 comenzar la facha. Dióse la señal para el asalto, y los más bravos

225 1159 781 37 saeteros fueron comisionados para formar la vanguardia. En los

225 1190 778 40 primeros momentos fué tan grande el ardor por una y otra parte,

226 1222 780 41 y tan extratrodinario el número de saetas disparadas, que se anubló

225 1255 779 38 la luz del sol. Caían los hombres á millares y el furor de los com-

224 1289 461 34 batientes parecía no saciarse con nada.

262 1319 744 40 Defendíanse los infieles con mucho denuedo, pero no era menor

222 1350 785 40 el ardor de los cristianos, que animados por la santa causa de la

224 1384 781 47 Cruz peleaban con extraordinario arrojo y bizarría, batiendo los
