1149 1579
511 99 108 36 — 17—

166 138 791 34 señal de aprecio y regocijo por la boda de su hija, y contestado que

165 164 792 41 no por el de Provenza, quedó un buen rato pensativo y cabizbajo.

165 198 793 37 Como el de Provenza continuase fiero, Clotaldo refirió minuciosa-

165 230 794 38 mente todo cuanto había pasado desde que los caballeros del conde

165 263 794 41 pisaron tierra en sus dominios, hasta que se hicieron á la mar, cu-

166 294 791 40 yo relato testificaron sobre la cruz de sus espadas los caballeros y

166 328 796 42 grandes magnates de su corte que le habían acompañado á la

167 360 794 42 guerra, por donde se vino en conocimiento de la verdad de lo

167 392 792 41 ocurrido, es á saber: que debieron perderse en la mar y perecer,

167 424 537 41 como en efecto sucedió según queda referido.

206 458 753 40 Convencido el conde de Provenza de la verdad de aquel relato,

168 489 793 42 quitóse el capacete y humilló de buen grado la cerviz al valeroso

170 521 792 40 Clotaldo, refiriéndole el suceso de su casamiento con Adalmira y el

170 557 792 39 nacimiento del niño, con todo lo demás que es sabido, de lo cual

170 586 792 38 alegróse mucho Clotaldo, demostrándoselo con un buen abrazo que

171 621 789 40 dió al conde y convidándole á comer en su mesa. Desde aquel día,

171 650 789 41 Clotaldo y el conde de Provenza fueron muy grandes amigos, y

172 687 790 39 realizaban prodigios de valor en las batallas á que asistían; pero en

173 717 790 35 una de ellas el rey Clotaldo, que se había internado temerariamen-

172 750 791 41 te entre los infieles, recibió un terrible golpe de lanza en el pecho

173 782 791 37 que le derribó en tierra, así como á su caballo, y sus soldados hún-

173 814 791 42 garos le recogieron y lo llevaron á sus tiendas, lejos del alcance

174 848 791 39 de sus enemigos. Tan pronto como el conde supo la desgracia

176 879 790 37 acaecida á Clotaldo, corrió á su tienda y lo halló moribundo, echan-

176 912 789 44 do sangre por la herida, y en cuanto le vió Clotaldo, le llamó por

176 944 791 42 señas y mandó que todos menos el conde se retirasen, y en cuanto

178 977 789 42 se hubo verificado su orden, haciendo un gran esfuerzo dirigió la

179 1009 786 41 palabra al de Provenza, diciéndole, que á más andar se moría, y

177 1049 791 34 que quería pedirle perdon por los desafueros y atropellos de todo

179 1078 789 41 género que en otro tiempo había cometido con Adalmira, su hija, á

179 1110 790 36 la sazón mujer del conde, por estar muy arrepentido de toda su

180 1141 787 42 vida pasada, y también le dijo que puesto que moría sin sucesión,

179 1175 790 37 como no fuese la dicha Adalmira, que la nombraba heredera del

179 1207 790 39 reino para sí y sus sucesores. En esto le entraron á Clotaldo las

179 1240 793 41 convulsiones de la agonía, y á los gritos de socorro que daba el

180 1273 789 42 conde de Provenza acudieron todos los caballeros y grandes mag-

181 1306 789 40 nates de la corte de Clotaldo que le habían acompañado á la guerra,

182 1343 792 36 y á presencia de ellos el rey de Hungría ratificó cuanto dicho

182 1372 792 42 queda exhalando el último suspiro en los brazos del conde. Gran

183 1407 790 44 pesar recibió el de Provenza de la muerte de Clotaldo, pues apar-

692 1440 125 38 HUNGRÍA.—3
