<?xml version="1.0" encoding="UTF-8"?>
<alto xmlns:xsi="http://www.w3.org/2001/XMLSchema-instance"
      xmlns="http://www.loc.gov/standards/alto/ns-v4#"
      xsi:schemaLocation="http://www.loc.gov/standards/alto/ns-v4# http://www.loc.gov/standards/alto/v4/alto-4-2.xsd">
  <Description>
    <MeasurementUnit>pixel</MeasurementUnit>
    <sourceImageInformation>
      <fileName>Varios_447_20.jpg</fileName>
      
    </sourceImageInformation>
  </Description>
  
  <Tags>
    <OtherTag ID="BT225" LABEL="GraphicZone:ornamentation" DESCRIPTION="block type GraphicZone:ornamentation"/><OtherTag ID="BT226" LABEL="MainZone" DESCRIPTION="block type MainZone"/><OtherTag ID="BT228" LABEL="MarginTextZone:colophon" DESCRIPTION="block type MarginTextZone:colophon"/><OtherTag ID="BT227" LABEL="MainZone:columns" DESCRIPTION="block type MainZone:columns"/><OtherTag ID="BT229" LABEL="MarginTextZone:note" DESCRIPTION="block type MarginTextZone:note"/><OtherTag ID="BT230" LABEL="MusicZone" DESCRIPTION="block type MusicZone"/><OtherTag ID="BT231" LABEL="NumberingZone:page" DESCRIPTION="block type NumberingZone:page"/><OtherTag ID="BT232" LABEL="QuireMarksZone:catchwords" DESCRIPTION="block type QuireMarksZone:catchwords"/><OtherTag ID="BT233" LABEL="QuireMarksZone:signature" DESCRIPTION="block type QuireMarksZone:signature"/><OtherTag ID="BT234" LABEL="RunningTitleZone" DESCRIPTION="block type RunningTitleZone"/><OtherTag ID="BT221" LABEL="CustomZone:impresorNum" DESCRIPTION="block type CustomZone:impresorNum"/><OtherTag ID="BT222" LABEL="CustomZone:numero_pliego" DESCRIPTION="block type CustomZone:numero_pliego"/><OtherTag ID="BT223" LABEL="CustomZone:title" DESCRIPTION="block type CustomZone:title"/><OtherTag ID="BT224" LABEL="GraphicZone:illustration" DESCRIPTION="block type GraphicZone:illustration"/>
    <OtherTag ID="LT83" LABEL="DefaultLine" DESCRIPTION="line type DefaultLine"/><OtherTag ID="LT81" LABEL="CustomLine:propriedad" DESCRIPTION="line type CustomLine:propriedad"/><OtherTag ID="LT82" LABEL="CustomLine:trailer" DESCRIPTION="line type CustomLine:trailer"/><OtherTag ID="LT84" LABEL="HeadingLine" DESCRIPTION="line type HeadingLine"/>
  </Tags>
  
  <Layout>
    <Page WIDTH="1124"
          HEIGHT="1593"
          PHYSICAL_IMG_NR="163"
          ID="eSc_dummypage_">
      <PrintSpace HPOS="0"
                  VPOS="0"
                  WIDTH="1124"
                  HEIGHT="1593">
        
        <TextBlock HPOS="489"
                   VPOS="61"
                   WIDTH="160"
                   HEIGHT="84"
                   ID="block_2"
                   TAGREFS="BT231">
          <Shape><Polygon POINTS="649 61 649 145 489 145 489 61"/></Shape>
          
          
          <TextLine ID="line_0"
                    TAGREFS="LT83"
                    BASELINE="521 124 594 126" 
                    HPOS="520"
                    VPOS="100"
                    WIDTH="74"
                    HEIGHT="38">
            <Shape><Polygon POINTS="521 124 520 135 577 138 577 138 578 138 593 132 594 126 593 100 521 102 521 124"/></Shape>
	    <String CONTENT="— 20—"
                    HPOS="520"
                    VPOS="100"
                    WIDTH="74"
                    HEIGHT="38"></String>
          </TextLine>

          
        </TextBlock>
        
        <TextBlock HPOS="146"
                   VPOS="140"
                   WIDTH="860"
                   HEIGHT="173"
                   ID="block_0"
                   TAGREFS="BT226">
          <Shape><Polygon POINTS="1006 140 1006 300 146 313 146 140"/></Shape>
          
          
          <TextLine ID="line_1"
                    TAGREFS="LT83"
                    BASELINE="181 163 961 156" 
                    HPOS="180"
                    VPOS="140"
                    WIDTH="781"
                    HEIGHT="32">
            <Shape><Polygon POINTS="959 140 950 140 941 140 932 140 923 140 915 140 906 140 897 140 888 140 879 140 870 140 862 140 853 140 844 140 835 140 826 140 817 140 808 140 800 140 791 140 782 140 773 140 764 140 755 140 746 140 738 140 729 140 720 140 711 140 702 140 693 140 685 140 676 140 667 140 658 140 649 140 640 140 631 140 623 140 614 140 605 140 596 140 587 140 578 140 569 140 561 140 552 140 543 140 534 140 525 140 516 140 508 140 499 140 490 140 481 140 472 140 463 140 454 140 446 140 437 140 428 140 419 140 410 140 401 140 392 140 384 140 375 140 366 140 357 140 348 140 339 140 331 140 322 140 313 140 304 140 295 140 287 140 180 144 181 163 181 172 960 169 961 156 959 140 959 140"/></Shape>
	    <String CONTENT="cho de no hablar mal de nadie, no solo por ser esto impropio de las"
                    HPOS="180"
                    VPOS="140"
                    WIDTH="781"
                    HEIGHT="32"></String>
          </TextLine>

          
          
          <TextLine ID="line_2"
                    TAGREFS="LT83"
                    BASELINE="182 194 962 189" 
                    HPOS="181"
                    VPOS="163"
                    WIDTH="781"
                    HEIGHT="41">
            <Shape><Polygon POINTS="182 194 182 204 822 204 822 203 823 203 824 203 837 199 961 202 962 189 961 167 847 163 846 163 846 163 845 163 839 168 837 169 760 169 751 169 702 164 701 164 659 169 653 169 644 169 575 165 574 165 523 170 520 170 519 170 513 166 512 166 511 166 460 166 459 166 405 171 402 171 400 171 343 167 342 167 311 172 309 172 308 172 271 168 270 168 269 168 269 168 261 173 181 173 182 194"/></Shape>
	    <String CONTENT="esposas de Jesucristo, sino también porque Adalmira no daba lugar"
                    HPOS="181"
                    VPOS="163"
                    WIDTH="781"
                    HEIGHT="41"></String>
          </TextLine>

          
          
          <TextLine ID="line_3"
                    TAGREFS="LT83"
                    BASELINE="181 226 962 220" 
                    HPOS="180"
                    VPOS="196"
                    WIDTH="782"
                    HEIGHT="42">
            <Shape><Polygon POINTS="181 226 181 238 962 234 962 220 961 200 802 196 801 196 800 196 800 196 793 200 792 200 784 200 725 197 724 197 705 200 697 201 681 200 628 196 627 196 626 196 613 200 606 202 588 200 554 197 554 197 486 198 485 198 475 200 465 203 436 200 403 198 402 198 401 198 390 200 377 204 367 200 361 199 361 199 292 199 291 199 290 199 282 200 266 205 180 201 181 226"/></Shape>
	    <String CONTENT="á ser reprendida, pues edificaba su ejemplar conducta y se com-"
                    HPOS="180"
                    VPOS="196"
                    WIDTH="782"
                    HEIGHT="42"></String>
          </TextLine>

          
          
          <TextLine ID="line_4"
                    TAGREFS="LT83"
                    BASELINE="183 259 962 252" 
                    HPOS="182"
                    VPOS="227"
                    WIDTH="780"
                    HEIGHT="47">
            <Shape><Polygon POINTS="183 259 183 274 209 269 246 272 246 272 282 268 293 272 294 272 295 272 377 267 459 272 473 273 474 273 475 273 477 272 498 266 562 270 563 270 594 265 650 271 654 271 655 271 656 271 657 271 680 264 741 270 744 270 745 270 749 270 820 265 833 269 834 269 835 269 961 269 962 252 960 231 904 227 903 227 866 231 862 231 844 231 698 228 697 228 645 232 628 233 620 232 600 229 600 229 546 232 519 234 511 232 497 230 496 230 443 232 416 234 367 233 300 231 300 231 299 231 292 233 277 237 182 234 183 259"/></Shape>
	    <String CONTENT="portaba con un celo tan grande en los deberes de su cargo, que no"
                    HPOS="182"
                    VPOS="227"
                    WIDTH="780"
                    HEIGHT="47"></String>
          </TextLine>

          
          
          <TextLine ID="line_5"
                    TAGREFS="LT83"
                    BASELINE="183 290 438 286" 
                    HPOS="182"
                    VPOS="262"
                    WIDTH="256"
                    HEIGHT="40">
            <Shape><Polygon POINTS="183 290 183 300 372 302 373 302 438 296 438 286 436 266 261 262 260 262 182 269 183 290"/></Shape>
	    <String CONTENT="había más que pedir."
                    HPOS="182"
                    VPOS="262"
                    WIDTH="256"
                    HEIGHT="40"></String>
          </TextLine>

          
        </TextBlock>
        
        <TextBlock HPOS="137"
                   VPOS="312"
                   WIDTH="878"
                   HEIGHT="164"
                   ID="block_3"
                   TAGREFS="BT223">
          <Shape><Polygon POINTS="471 312 686 317 735 364 1015 383 1015 476 137 476 137 378 440 368"/></Shape>
          
          
          <TextLine ID="line_6"
                    TAGREFS="LT84"
                    BASELINE="472 349 676 351" 
                    HPOS="471"
                    VPOS="321"
                    WIDTH="205"
                    HEIGHT="40">
            <Shape><Polygon POINTS="472 349 471 360 674 361 676 351 675 323 472 321 472 349"/></Shape>
	    <String CONTENT="CAPÍTULO X."
                    HPOS="471"
                    VPOS="321"
                    WIDTH="205"
                    HEIGHT="40"></String>
          </TextLine>

          
          
          <TextLine ID="line_7"
                    TAGREFS="LT84"
                    BASELINE="187 401 964 399" 
                    HPOS="186"
                    VPOS="358"
                    WIDTH="778"
                    HEIGHT="56">
            <Shape><Polygon POINTS="187 401 188 414 207 409 374 412 416 413 417 413 432 412 474 408 598 410 703 412 704 412 705 412 714 409 720 407 963 407 964 399 962 367 861 371 848 365 847 365 846 365 846 365 845 365 843 365 831 369 800 365 791 364 790 364 789 364 785 365 768 369 744 365 710 358 709 358 708 358 708 358 700 364 689 360 688 360 687 360 686 360 677 364 668 369 649 364 648 364 647 364 646 364 628 373 511 373 490 362 483 360 482 360 446 359 446 359 352 361 346 361 300 373 265 361 261 360 261 360 260 360 186 360 187 401"/></Shape>
	    <String CONTENT="De cómo Adalmira edifica con sus virtudes y santidad, y recobra"
                    HPOS="186"
                    VPOS="358"
                    WIDTH="778"
                    HEIGHT="56"></String>
          </TextLine>

          
          
          <TextLine ID="line_8"
                    TAGREFS="LT84"
                    BASELINE="223 428 964 424" 
                    HPOS="222"
                    VPOS="402"
                    WIDTH="742"
                    HEIGHT="37">
            <Shape><Polygon POINTS="223 428 223 439 963 436 964 424 962 408 933 402 932 402 931 402 931 402 923 408 831 408 813 402 812 402 811 402 810 402 795 407 779 402 778 402 777 402 777 402 765 408 677 404 677 404 623 408 611 404 610 404 609 404 575 409 528 404 527 404 503 408 467 404 466 404 465 404 446 409 427 404 426 404 425 404 369 409 286 405 285 405 284 405 284 405 275 410 235 405 234 405 233 405 222 410 223 428"/></Shape>
	    <String CONTENT="por intercesión de Dios las manos en premio de su mucha"
                    HPOS="222"
                    VPOS="402"
                    WIDTH="742"
                    HEIGHT="37"></String>
          </TextLine>

          
          
          <TextLine ID="line_9"
                    TAGREFS="LT84"
                    BASELINE="225 452 319 454" 
                    HPOS="224"
                    VPOS="428"
                    WIDTH="95"
                    HEIGHT="40">
            <Shape><Polygon POINTS="280 428 279 428 278 428 225 431 225 452 224 468 318 468 319 454 319 434 301 429 300 429 300 429 299 429 298 429 291 434 290 434 281 428 280 428"/></Shape>
	    <String CONTENT="piedad."
                    HPOS="224"
                    VPOS="428"
                    WIDTH="95"
                    HEIGHT="40"></String>
          </TextLine>

          
        </TextBlock>
        
        <TextBlock HPOS="153"
                   VPOS="505"
                   WIDTH="872"
                   HEIGHT="980"
                   ID="block_1"
                   TAGREFS="BT226">
          <Shape><Polygon POINTS="1025 505 1025 1485 153 1485 153 505"/></Shape>
          
          
          <TextLine ID="line_10"
                    TAGREFS="LT83"
                    BASELINE="187 515 964 512" 
                    HPOS="186"
                    VPOS="505"
                    WIDTH="778"
                    HEIGHT="25">
            <Shape><Polygon POINTS="956 505 947 505 939 505 930 505 921 505 912 505 903 505 894 505 885 505 877 505 868 505 859 505 850 505 841 505 832 505 823 505 815 505 806 505 797 505 788 505 779 505 770 505 762 505 753 505 744 505 735 505 726 505 717 505 708 505 700 505 691 505 682 505 673 505 664 505 655 505 646 505 638 505 629 505 620 505 611 505 602 505 593 505 585 505 576 505 567 505 558 505 549 505 540 505 531 505 523 505 514 505 505 505 496 505 487 505 478 505 469 505 461 505 452 505 443 505 434 505 425 505 416 505 408 505 399 505 390 505 381 505 372 505 363 505 354 505 346 505 337 505 328 505 319 505 310 505 301 505 292 505 284 505 275 505 266 505 257 505 248 505 239 505 230 505 222 505 213 505 204 505 195 505 186 505 187 515 187 530 243 525 261 529 261 529 262 529 263 529 270 524 347 529 348 529 382 523 427 523 435 528 436 528 437 528 438 528 438 528 448 523 525 528 526 528 606 523 674 527 675 527 814 523 962 526 964 512 962 505 956 505"/></Shape>
	    <String CONTENT="A pesar de que Adalmira no se hacía vioiencia minguna en apare-"
                    HPOS="186"
                    VPOS="505"
                    WIDTH="778"
                    HEIGHT="25"></String>
          </TextLine>

          
          
          <TextLine ID="line_11"
                    TAGREFS="LT83"
                    BASELINE="186 547 966 545" 
                    HPOS="185"
                    VPOS="520"
                    WIDTH="781"
                    HEIGHT="38">
            <Shape><Polygon POINTS="186 547 186 558 965 557 966 545 964 526 882 526 882 525 874 520 873 520 872 520 871 520 870 520 854 525 854 526 731 526 730 525 723 521 723 521 722 521 721 521 720 521 705 525 702 526 700 525 690 521 689 521 688 521 687 521 670 525 666 526 656 525 614 521 613 521 592 525 587 526 582 525 561 521 560 521 506 525 491 526 484 525 459 521 458 521 409 525 394 526 391 525 384 523 383 523 382 523 381 523 376 525 371 527 357 525 339 523 338 523 325 525 319 526 317 525 313 522 312 522 311 522 310 522 289 525 280 526 277 525 270 522 269 522 269 522 268 522 254 525 245 527 185 525 186 547"/></Shape>
	    <String CONTENT="cer muy fervorosa de las prácticas del convento, pues era de natu-"
                    HPOS="185"
                    VPOS="520"
                    WIDTH="781"
                    HEIGHT="38"></String>
          </TextLine>

          
          
          <TextLine ID="line_12"
                    TAGREFS="LT83"
                    BASELINE="187 580 965 577" 
                    HPOS="186"
                    VPOS="555"
                    WIDTH="779"
                    HEIGHT="39">
            <Shape><Polygon POINTS="187 580 187 589 326 589 340 590 388 594 389 594 408 590 415 589 421 590 440 594 441 594 442 594 443 594 447 591 451 588 544 591 644 593 645 593 666 591 693 588 772 592 804 592 805 592 806 592 810 592 826 587 860 592 868 592 869 592 869 592 873 592 888 587 901 592 903 592 904 592 905 592 964 592 965 577 963 559 186 555 187 580"/></Shape>
	    <String CONTENT="ral bondadosa y pía, puso especial empeño en congraciarse con la"
                    HPOS="186"
                    VPOS="555"
                    WIDTH="779"
                    HEIGHT="39"></String>
          </TextLine>

          
          
          <TextLine ID="line_13"
                    TAGREFS="LT83"
                    BASELINE="187 612 965 610" 
                    HPOS="186"
                    VPOS="586"
                    WIDTH="779"
                    HEIGHT="38">
            <Shape><Polygon POINTS="187 612 187 622 963 624 965 610 963 592 867 592 867 591 851 586 850 586 849 586 848 586 847 586 841 591 840 592 631 592 630 591 621 586 620 586 619 586 584 591 575 592 572 591 565 587 564 587 563 587 186 590 187 612"/></Shape>
	    <String CONTENT="madre abadesa y todas las demás religiosas, pues conociendo que"
                    HPOS="186"
                    VPOS="586"
                    WIDTH="779"
                    HEIGHT="38"></String>
          </TextLine>

          
          
          <TextLine ID="line_14"
                    TAGREFS="LT83"
                    BASELINE="188 644 967 642" 
                    HPOS="187"
                    VPOS="618"
                    WIDTH="780"
                    HEIGHT="40">
            <Shape><Polygon POINTS="188 644 188 654 544 658 545 658 563 655 586 653 612 656 623 657 623 657 686 656 886 653 965 657 967 642 965 623 917 618 916 618 916 618 915 618 908 623 827 618 826 618 825 618 824 618 817 623 722 623 688 618 687 618 652 623 642 618 641 618 640 618 639 618 626 623 597 618 596 618 595 618 575 623 531 619 530 619 529 619 510 623 504 619 503 619 502 619 501 619 466 623 402 619 401 619 400 619 391 624 325 624 271 619 270 619 269 619 254 623 201 619 200 619 200 619 187 623 188 644"/></Shape>
	    <String CONTENT="allí podría estar al abrigo de las maldades del mundo, tenía miedo"
                    HPOS="187"
                    VPOS="618"
                    WIDTH="780"
                    HEIGHT="40"></String>
          </TextLine>

          
          
          <TextLine ID="line_15"
                    TAGREFS="LT83"
                    BASELINE="188 676 966 674" 
                    HPOS="187"
                    VPOS="653"
                    WIDTH="779"
                    HEIGHT="37">
            <Shape><Polygon POINTS="188 676 188 686 964 690 966 674 963 653 187 654 188 676"/></Shape>
	    <String CONTENT="de volver á pasar trabajos y á sufrir venganzas por culpas que no"
                    HPOS="187"
                    VPOS="653"
                    WIDTH="779"
                    HEIGHT="37"></String>
          </TextLine>

          
          
          <TextLine ID="line_16"
                    TAGREFS="LT83"
                    BASELINE="189 708 967 707" 
                    HPOS="188"
                    VPOS="682"
                    WIDTH="779"
                    HEIGHT="38">
            <Shape><Polygon POINTS="189 708 189 720 966 720 967 707 965 688 939 682 938 682 937 682 922 687 921 687 855 682 854 682 854 682 837 687 835 688 722 688 719 686 712 682 711 682 710 682 677 682 677 682 659 686 652 687 641 685 613 682 612 682 611 682 610 682 605 685 603 687 590 685 569 683 568 683 555 685 542 689 510 689 504 685 499 683 498 683 497 683 496 683 489 684 478 689 426 689 417 684 413 683 412 683 411 683 401 684 384 688 365 684 356 683 355 683 341 684 306 688 188 684 189 708"/></Shape>
	    <String CONTENT="había cometido. Al poco tiempo de estar allí, ya todas la querían"
                    HPOS="188"
                    VPOS="682"
                    WIDTH="779"
                    HEIGHT="38"></String>
          </TextLine>

          
          
          <TextLine ID="line_17"
                    TAGREFS="LT83"
                    BASELINE="189 742 967 739" 
                    HPOS="188"
                    VPOS="715"
                    WIDTH="779"
                    HEIGHT="41">
            <Shape><Polygon POINTS="189 742 189 756 223 752 395 754 446 755 447 755 448 755 449 755 450 754 456 751 584 753 677 754 677 754 698 752 715 750 966 750 967 739 965 721 934 715 933 715 932 715 931 715 925 720 852 715 851 715 850 715 839 721 762 721 718 715 717 715 716 715 706 721 705 721 700 721 674 716 673 716 650 721 646 721 642 721 618 716 617 716 616 716 608 721 607 722 532 722 531 721 522 716 521 716 520 716 443 721 412 723 336 723 333 721 330 717 329 717 328 717 327 717 326 717 320 721 316 722 310 721 295 717 294 717 188 720 189 742"/></Shape>
	    <String CONTENT="porque era muy servicial y buena y hacía verdaderos actos de pie-"
                    HPOS="188"
                    VPOS="715"
                    WIDTH="779"
                    HEIGHT="41"></String>
          </TextLine>

          
          
          <TextLine ID="line_18"
                    TAGREFS="LT83"
                    BASELINE="188 775 968 771" 
                    HPOS="187"
                    VPOS="746"
                    WIDTH="781"
                    HEIGHT="40">
            <Shape><Polygon POINTS="188 775 188 785 966 786 968 771 966 752 859 752 858 751 845 746 844 746 843 746 842 746 841 746 834 751 833 752 771 752 762 751 732 747 731 747 715 751 709 753 625 753 622 751 617 747 616 747 615 747 615 747 531 750 485 752 479 750 469 747 469 747 468 747 445 750 431 752 415 750 393 747 392 747 379 750 370 752 187 750 188 775"/></Shape>
	    <String CONTENT="dad y ejercicios de contrición. Parecía que estaba animada su mira-"
                    HPOS="187"
                    VPOS="746"
                    WIDTH="781"
                    HEIGHT="40"></String>
          </TextLine>

          
          
          <TextLine ID="line_19"
                    TAGREFS="LT83"
                    BASELINE="188 806 969 806" 
                    HPOS="188"
                    VPOS="785"
                    WIDTH="781"
                    HEIGHT="35">
            <Shape><Polygon POINTS="188 806 188 816 968 820 969 806 968 785 188 785 188 806"/></Shape>
	    <String CONTENT="da por un destello divino, y al cabo de algunas semanas se la tenía"
                    HPOS="188"
                    VPOS="785"
                    WIDTH="781"
                    HEIGHT="35"></String>
          </TextLine>

          
          
          <TextLine ID="line_20"
                    TAGREFS="LT83"
                    BASELINE="189 838 968 837" 
                    HPOS="188"
                    VPOS="814"
                    WIDTH="780"
                    HEIGHT="40">
            <Shape><Polygon POINTS="189 838 189 849 199 854 200 854 200 854 201 854 209 849 211 848 303 848 315 850 336 854 337 854 338 854 349 850 356 848 364 850 377 854 378 854 379 854 380 854 390 850 396 848 418 850 448 854 449 854 469 851 485 848 489 851 493 854 494 854 495 854 496 854 538 854 538 854 538 854 539 854 543 851 549 848 665 852 709 853 710 853 716 852 739 847 747 852 748 853 749 853 750 853 751 854 819 854 819 853 822 853 843 847 850 853 851 853 852 853 853 853 858 853 905 848 966 853 968 837 966 815 228 814 227 814 188 818 189 838"/></Shape>
	    <String CONTENT="por una verdadera santa, y decían las monjas que por muy gran"
                    HPOS="188"
                    VPOS="814"
                    WIDTH="780"
                    HEIGHT="40"></String>
          </TextLine>

          
          
          <TextLine ID="line_21"
                    TAGREFS="LT83"
                    BASELINE="190 869 969 868" 
                    HPOS="189"
                    VPOS="844"
                    WIDTH="780"
                    HEIGHT="43">
            <Shape><Polygon POINTS="190 869 190 887 230 882 312 886 313 886 338 882 407 886 408 886 408 886 428 882 477 886 478 886 511 882 726 885 727 885 728 885 741 881 754 885 754 885 755 886 816 886 816 885 817 885 818 885 825 881 834 885 835 885 836 886 968 886 969 868 967 848 582 844 581 844 551 848 215 845 215 845 189 849 190 869"/></Shape>
	    <String CONTENT="pecadora que hubiese sido, era imposible que Dios no la perdonase"
                    HPOS="189"
                    VPOS="844"
                    WIDTH="780"
                    HEIGHT="43"></String>
          </TextLine>

          
          
          <TextLine ID="line_22"
                    TAGREFS="LT83"
                    BASELINE="190 902 571 902" 
                    HPOS="190"
                    VPOS="882"
                    WIDTH="381"
                    HEIGHT="32">
            <Shape><Polygon POINTS="190 902 190 914 571 913 571 902 571 882 190 882 190 902"/></Shape>
	    <String CONTENT="haciendo una vida tan ejemplar."
                    HPOS="190"
                    VPOS="882"
                    WIDTH="381"
                    HEIGHT="32"></String>
          </TextLine>

          
          
          <TextLine ID="line_23"
                    TAGREFS="LT83"
                    BASELINE="227 934 970 934" 
                    HPOS="227"
                    VPOS="911"
                    WIDTH="743"
                    HEIGHT="35">
            <Shape><Polygon POINTS="227 934 227 946 970 946 970 934 970 914 227 911 227 934"/></Shape>
	    <String CONTENT="Contribuyó á aumentar su buen nombre el capellan del conven-"
                    HPOS="227"
                    VPOS="911"
                    WIDTH="743"
                    HEIGHT="35"></String>
          </TextLine>

          
          
          <TextLine ID="line_24"
                    TAGREFS="LT83"
                    BASELINE="189 967 970 967" 
                    HPOS="189"
                    VPOS="946"
                    WIDTH="781"
                    HEIGHT="36">
            <Shape><Polygon POINTS="189 967 189 978 970 982 970 967 970 946 189 946 189 967"/></Shape>
	    <String CONTENT="to, que habiendo oido á Adalmira en confesión general, pudo saber"
                    HPOS="189"
                    VPOS="946"
                    WIDTH="781"
                    HEIGHT="36"></String>
          </TextLine>

          
          
          <TextLine ID="line_25"
                    TAGREFS="LT83"
                    BASELINE="191 998 970 1000" 
                    HPOS="190"
                    VPOS="974"
                    WIDTH="780"
                    HEIGHT="41">
            <Shape><Polygon POINTS="191 998 190 1010 194 1014 195 1014 196 1014 197 1014 541 1010 581 1015 582 1015 970 1010 970 1000 969 976 603 979 556 975 544 974 543 974 533 975 501 978 191 975 191 998"/></Shape>
	    <String CONTENT="la elevada jerarquía de su penitente, y cuán lejos había estado de"
                    HPOS="190"
                    VPOS="974"
                    WIDTH="780"
                    HEIGHT="41"></String>
          </TextLine>

          
          
          <TextLine ID="line_26"
                    TAGREFS="LT83"
                    BASELINE="191 1033 970 1031" 
                    HPOS="190"
                    VPOS="1008"
                    WIDTH="780"
                    HEIGHT="35">
            <Shape><Polygon POINTS="191 1033 191 1043 970 1042 970 1031 969 1008 190 1008 191 1033"/></Shape>
	    <String CONTENT="ser una gran pecadora, como había dicho al principio temiendo no"
                    HPOS="190"
                    VPOS="1008"
                    WIDTH="780"
                    HEIGHT="35"></String>
          </TextLine>

          
          
          <TextLine ID="line_27"
                    TAGREFS="LT83"
                    BASELINE="191 1065 971 1063" 
                    HPOS="190"
                    VPOS="1038"
                    WIDTH="781"
                    HEIGHT="41">
            <Shape><Polygon POINTS="191 1065 191 1079 580 1079 580 1078 585 1078 639 1074 970 1077 971 1063 969 1038 934 1044 747 1044 734 1040 724 1038 723 1038 707 1040 687 1043 676 1041 663 1038 662 1038 632 1041 611 1043 602 1041 587 1038 586 1038 557 1042 539 1044 530 1042 515 1039 514 1039 458 1043 437 1044 429 1043 401 1039 400 1039 400 1039 387 1044 385 1044 384 1044 375 1039 374 1039 373 1039 353 1044 352 1044 351 1044 338 1039 337 1039 336 1039 302 1044 301 1044 215 1039 215 1039 190 1045 191 1065"/></Shape>
	    <String CONTENT="ser creida. Sin revelar el secreto de la confesión, el capellan halló"
                    HPOS="190"
                    VPOS="1038"
                    WIDTH="781"
                    HEIGHT="41"></String>
          </TextLine>

          
          
          <TextLine ID="line_28"
                    TAGREFS="LT83"
                    BASELINE="191 1097 972 1097" 
                    HPOS="191"
                    VPOS="1071"
                    WIDTH="781"
                    HEIGHT="37">
            <Shape><Polygon POINTS="191 1097 191 1108 972 1108 972 1097 972 1077 940 1072 939 1072 939 1072 938 1072 931 1077 877 1077 868 1071 867 1071 866 1071 865 1071 831 1077 750 1077 729 1071 728 1071 727 1071 726 1071 713 1076 699 1071 698 1071 612 1071 611 1071 610 1071 600 1077 531 1071 531 1071 504 1077 487 1071 486 1071 431 1071 431 1071 409 1076 387 1071 386 1071 385 1071 374 1077 318 1077 292 1071 291 1071 258 1077 228 1071 227 1071 226 1071 225 1071 217 1077 191 1077 191 1097"/></Shape>
	    <String CONTENT="modo de hacer comprender á las monjas, y sobre todo á la madre"
                    HPOS="191"
                    VPOS="1071"
                    WIDTH="781"
                    HEIGHT="37"></String>
          </TextLine>

          
          
          <TextLine ID="line_29"
                    TAGREFS="LT83"
                    BASELINE="191 1128 973 1130" 
                    HPOS="190"
                    VPOS="1103"
                    WIDTH="783"
                    HEIGHT="43">
            <Shape><Polygon POINTS="191 1128 190 1142 365 1144 366 1144 374 1143 403 1139 421 1143 425 1144 426 1144 437 1143 485 1139 517 1144 522 1144 523 1144 529 1144 581 1139 598 1144 599 1144 600 1144 600 1144 609 1144 717 1140 725 1145 726 1145 727 1145 728 1146 791 1146 791 1145 794 1145 823 1140 848 1145 850 1145 851 1145 852 1145 862 1140 920 1140 927 1145 928 1145 929 1145 930 1146 972 1146 973 1130 972 1109 901 1104 731 1104 730 1104 729 1104 720 1108 719 1108 716 1108 700 1104 700 1104 699 1104 698 1104 685 1108 681 1109 592 1109 589 1108 584 1104 583 1104 582 1104 581 1104 553 1108 549 1108 548 1108 537 1103 536 1103 535 1103 511 1108 508 1108 496 1108 419 1103 418 1103 191 1106 191 1128"/></Shape>
	    <String CONTENT="abadesa, que Adalmira era persona muy principal y tan alta en es-"
                    HPOS="190"
                    VPOS="1103"
                    WIDTH="783"
                    HEIGHT="43"></String>
          </TextLine>

          
          
          <TextLine ID="line_30"
                    TAGREFS="LT83"
                    BASELINE="192 1162 973 1162" 
                    HPOS="192"
                    VPOS="1138"
                    WIDTH="781"
                    HEIGHT="39">
            <Shape><Polygon POINTS="192 1162 192 1177 250 1172 273 1177 274 1177 275 1177 487 1177 487 1177 488 1177 490 1177 504 1172 558 1177 568 1177 569 1177 580 1176 639 1172 674 1176 683 1177 684 1177 688 1176 707 1172 756 1172 762 1176 763 1177 764 1177 765 1177 766 1177 773 1176 795 1172 818 1176 827 1177 828 1177 973 1175 973 1162 973 1144 902 1144 901 1143 893 1138 892 1138 891 1138 890 1138 859 1143 856 1144 801 1144 800 1143 794 1138 793 1138 792 1138 792 1138 740 1142 729 1143 726 1142 712 1138 711 1138 710 1138 649 1142 643 1142 642 1142 632 1138 631 1138 541 1138 540 1138 539 1138 530 1141 525 1144 486 1144 483 1141 478 1138 477 1138 477 1138 476 1138 454 1141 447 1142 439 1141 424 1138 423 1138 423 1138 422 1138 418 1141 415 1143 406 1141 391 1138 390 1138 367 1140 350 1143 346 1140 343 1138 342 1138 341 1138 340 1138 312 1140 286 1144 254 1144 248 1140 245 1138 244 1138 243 1138 242 1138 241 1138 233 1140 223 1143 215 1140 209 1138 208 1138 207 1138 192 1139 192 1162"/></Shape>
	    <String CONTENT="tirpe que despues de Dios no había en la tierra quien pudiese su-"
                    HPOS="192"
                    VPOS="1138"
                    WIDTH="781"
                    HEIGHT="39"></String>
          </TextLine>

          
          
          <TextLine ID="line_31"
                    TAGREFS="LT83"
                    BASELINE="192 1196 973 1192" 
                    HPOS="191"
                    VPOS="1168"
                    WIDTH="782"
                    HEIGHT="42">
            <Shape><Polygon POINTS="192 1196 192 1210 217 1205 273 1205 279 1209 280 1209 281 1209 282 1209 283 1209 284 1209 291 1205 341 1209 342 1209 372 1205 382 1209 383 1209 384 1209 384 1209 385 1209 394 1204 437 1208 438 1208 471 1204 477 1208 478 1208 479 1208 480 1208 481 1208 493 1204 502 1208 503 1208 504 1208 505 1208 518 1204 581 1208 582 1208 622 1203 762 1208 762 1208 800 1202 827 1207 828 1207 877 1202 971 1207 973 1192 971 1174 940 1168 939 1168 907 1173 851 1169 850 1169 849 1169 839 1174 789 1174 782 1169 781 1169 780 1169 779 1169 778 1169 762 1175 692 1175 679 1168 678 1168 677 1168 677 1168 653 1174 639 1168 638 1168 603 1168 602 1168 601 1168 600 1168 592 1174 574 1169 573 1169 572 1169 571 1169 555 1175 540 1169 539 1169 462 1169 461 1169 461 1169 443 1175 416 1169 415 1169 363 1175 353 1169 352 1169 321 1169 320 1169 319 1169 307 1176 259 1169 258 1169 257 1169 256 1169 250 1174 230 1171 229 1171 191 1177 192 1196"/></Shape>
	    <String CONTENT="perarla, ni igualarla siquiera. Asombradas quedaron las monjas"
                    HPOS="191"
                    VPOS="1168"
                    WIDTH="782"
                    HEIGHT="42"></String>
          </TextLine>

          
          
          <TextLine ID="line_32"
                    TAGREFS="LT83"
                    BASELINE="192 1227 973 1225" 
                    HPOS="191"
                    VPOS="1202"
                    WIDTH="782"
                    HEIGHT="39">
            <Shape><Polygon POINTS="192 1227 192 1237 415 1241 415 1241 447 1237 451 1237 454 1237 481 1241 482 1241 507 1237 508 1237 509 1237 520 1241 521 1241 522 1241 571 1237 585 1236 590 1237 606 1240 607 1240 638 1237 648 1236 660 1237 700 1240 701 1240 724 1237 731 1236 739 1237 769 1240 769 1240 972 1236 973 1225 972 1208 957 1202 956 1202 955 1202 933 1208 829 1208 817 1202 816 1202 816 1202 815 1202 814 1202 808 1208 769 1208 750 1202 749 1202 748 1202 685 1207 631 1202 631 1202 630 1202 613 1207 585 1202 584 1202 583 1202 572 1208 558 1203 557 1203 556 1203 522 1208 324 1203 323 1203 280 1208 241 1203 240 1203 191 1208 192 1227"/></Shape>
	    <String CONTENT="con la novedad y quisieron relevarla del cargo de portera, pero ella"
                    HPOS="191"
                    VPOS="1202"
                    WIDTH="782"
                    HEIGHT="39"></String>
          </TextLine>

          
          
          <TextLine ID="line_33"
                    TAGREFS="LT83"
                    BASELINE="192 1260 974 1257" 
                    HPOS="191"
                    VPOS="1236"
                    WIDTH="783"
                    HEIGHT="39">
            <Shape><Polygon POINTS="192 1260 192 1275 238 1269 390 1269 415 1273 415 1273 438 1269 449 1274 450 1274 451 1274 452 1274 455 1274 492 1268 625 1272 626 1272 685 1269 692 1272 692 1273 693 1273 694 1273 695 1273 708 1272 771 1267 789 1271 790 1271 791 1271 792 1271 810 1267 831 1271 836 1272 837 1272 973 1270 974 1257 972 1236 191 1236 192 1260"/></Shape>
	    <String CONTENT="pidió con mucho afán que se lo conservasen, y desde aquel día fué"
                    HPOS="191"
                    VPOS="1236"
                    WIDTH="783"
                    HEIGHT="39"></String>
          </TextLine>

          
          
          <TextLine ID="line_34"
                    TAGREFS="LT83"
                    BASELINE="193 1291 974 1289" 
                    HPOS="192"
                    VPOS="1264"
                    WIDTH="782"
                    HEIGHT="43">
            <Shape><Polygon POINTS="193 1291 193 1300 317 1306 318 1306 361 1300 363 1300 364 1300 376 1306 377 1306 377 1307 435 1307 435 1306 478 1300 479 1300 480 1300 498 1306 499 1306 500 1306 543 1300 544 1300 582 1306 583 1306 608 1300 631 1305 632 1305 659 1300 662 1300 668 1300 719 1305 720 1305 745 1300 747 1300 760 1300 919 1305 920 1305 973 1299 974 1289 972 1271 893 1271 893 1270 876 1265 875 1265 874 1265 873 1265 872 1265 865 1270 864 1271 811 1271 809 1270 781 1264 780 1264 736 1270 733 1270 732 1270 715 1264 715 1264 658 1264 657 1264 656 1264 638 1270 637 1270 636 1270 627 1264 626 1264 625 1264 603 1264 602 1264 574 1269 567 1271 562 1269 551 1265 550 1265 549 1265 490 1269 467 1271 442 1269 403 1267 402 1267 386 1269 376 1271 370 1269 360 1265 359 1265 358 1265 357 1265 341 1269 337 1270 331 1269 313 1265 312 1265 286 1269 272 1271 192 1269 193 1291"/></Shape>
	    <String CONTENT="tan considerada por sus virtudes, y llegó á adquirir un predicamen-"
                    HPOS="192"
                    VPOS="1264"
                    WIDTH="782"
                    HEIGHT="43"></String>
          </TextLine>

          
          
          <TextLine ID="line_35"
                    TAGREFS="LT83"
                    BASELINE="192 1323 974 1323" 
                    HPOS="192"
                    VPOS="1299"
                    WIDTH="782"
                    HEIGHT="36">
            <Shape><Polygon POINTS="192 1323 192 1334 973 1335 974 1323 974 1304 864 1299 863 1299 862 1299 847 1303 845 1303 842 1303 823 1299 822 1299 821 1299 820 1299 814 1302 810 1305 784 1305 767 1302 738 1299 737 1299 708 1302 687 1304 680 1301 672 1299 671 1299 670 1299 646 1301 622 1304 608 1301 597 1299 596 1299 595 1299 594 1299 591 1301 585 1305 495 1305 489 1300 487 1299 486 1299 485 1299 437 1299 436 1299 435 1299 431 1300 423 1304 414 1300 413 1300 412 1300 411 1300 408 1300 377 1304 335 1300 326 1299 325 1299 324 1299 323 1300 312 1305 248 1305 233 1299 232 1299 231 1299 230 1299 217 1304 192 1299 192 1323"/></Shape>
	    <String CONTENT="to tan grande por todas las cercanías, que venían gentes á verla y"
                    HPOS="192"
                    VPOS="1299"
                    WIDTH="782"
                    HEIGHT="36"></String>
          </TextLine>

          
          
          <TextLine ID="line_36"
                    TAGREFS="LT83"
                    BASELINE="193 1354 974 1356" 
                    HPOS="192"
                    VPOS="1330"
                    WIDTH="782"
                    HEIGHT="42">
            <Shape><Polygon POINTS="193 1354 192 1364 231 1371 232 1371 233 1371 254 1366 344 1371 345 1371 346 1371 354 1367 386 1371 387 1371 388 1371 389 1371 397 1366 408 1371 408 1371 409 1372 490 1372 490 1371 491 1371 492 1371 499 1366 500 1366 582 1366 585 1367 592 1372 592 1372 593 1372 594 1372 638 1367 644 1367 685 1367 687 1368 694 1372 695 1372 696 1372 697 1372 973 1369 974 1356 973 1338 931 1331 931 1331 930 1331 916 1336 863 1331 862 1331 862 1331 850 1336 847 1338 735 1338 731 1335 727 1331 726 1331 725 1331 724 1331 670 1334 649 1335 627 1334 583 1331 582 1331 565 1333 546 1337 453 1337 440 1331 438 1331 438 1331 437 1331 433 1331 408 1336 380 1331 375 1331 374 1331 367 1331 327 1336 318 1331 317 1331 316 1331 276 1331 269 1331 269 1331 236 1336 193 1330 193 1354"/></Shape>
	    <String CONTENT="á besarle las ropas, con gran confusión de ella, que en modo algu-"
                    HPOS="192"
                    VPOS="1330"
                    WIDTH="782"
                    HEIGHT="42"></String>
          </TextLine>

          
          
          <TextLine ID="line_37"
                    TAGREFS="LT83"
                    BASELINE="193 1389 688 1387" 
                    HPOS="192"
                    VPOS="1363"
                    WIDTH="496"
                    HEIGHT="42">
            <Shape><Polygon POINTS="193 1389 193 1400 382 1405 383 1405 384 1405 392 1400 661 1404 662 1404 688 1399 688 1387 686 1369 631 1363 630 1363 629 1363 610 1369 609 1369 574 1369 573 1369 568 1363 567 1363 566 1363 565 1363 469 1368 429 1370 388 1370 383 1368 375 1364 374 1364 373 1364 372 1364 362 1368 354 1369 335 1367 309 1364 308 1364 192 1366 193 1389"/></Shape>
	    <String CONTENT="no creía fuese tan extraordinaria su fama."
                    HPOS="192"
                    VPOS="1363"
                    WIDTH="496"
                    HEIGHT="42"></String>
          </TextLine>

          
          
          <TextLine ID="line_38"
                    TAGREFS="LT83"
                    BASELINE="237 1422 976 1420" 
                    HPOS="236"
                    VPOS="1394"
                    WIDTH="740"
                    HEIGHT="49">
            <Shape><Polygon POINTS="237 1422 237 1442 288 1436 341 1441 352 1442 353 1442 360 1441 389 1436 414 1440 423 1442 424 1443 466 1443 466 1442 467 1442 473 1440 484 1436 546 1439 605 1442 606 1442 648 1441 649 1441 659 1438 669 1435 679 1438 693 1441 694 1441 695 1441 737 1437 761 1435 837 1435 839 1436 846 1441 846 1441 847 1441 848 1441 897 1435 902 1435 905 1435 932 1441 933 1441 975 1434 976 1420 974 1400 929 1394 928 1394 927 1394 919 1399 912 1394 911 1394 910 1394 869 1394 869 1394 868 1394 867 1394 862 1399 861 1399 832 1394 831 1394 831 1394 822 1399 818 1399 766 1394 765 1394 764 1394 750 1399 748 1399 746 1399 717 1394 716 1394 635 1399 605 1400 579 1398 531 1395 530 1395 529 1395 519 1398 513 1400 491 1398 454 1395 453 1395 452 1395 445 1398 440 1400 434 1398 424 1395 423 1395 423 1395 393 1398 371 1400 236 1398 237 1422"/></Shape>
	    <String CONTENT="Un día que Adalmira oraba, como de costumbre, al pié del al-"
                    HPOS="236"
                    VPOS="1394"
                    WIDTH="740"
                    HEIGHT="49"></String>
          </TextLine>

          
        </TextBlock>
        

        
      </PrintSpace>
    </Page>
  </Layout>
</alto>
