1096 1569
534 94 109 36 — 10—

189 123 787 43 parándola el amor de aquel hermoso y noble caballero, que no con-

188 159 790 38 tento con haberla salvado de la miseria y de haberla alojado en su

188 192 789 37 casa, la honraba hasta el extremo de quererla para esposa, en lo

186 224 792 38 cual su amor hácia el conde se convirtió en idolatría. Aun cuando

186 256 791 40 el conde no la había dicho nada de la embajada que había mandado

185 288 791 42 al rey Clotaldo, ella lo supo por una de sus doncellas, así como

184 322 790 40 también que la madre de su bien amado no veía con gusto aque-

185 355 790 41 llas relaciones de su hijo con la que se le figuraba aventurera. Por

183 387 790 41 esta razón, Adalmira esperaba con sobresalto el regreso de los em-

183 420 791 41 bajadores del conde, porque si Clotaldo negaba el consentimiento

183 453 790 39 que se le pedía y además declaraba no ser Adalmira hija suya, to-

183 487 790 34 dos sus bellos pensamientos tan tiernamente acariciados se desva-

183 517 789 37 necerían como el humo en el aire. A la verdad, si Adalmira abrigaba

183 549 790 41 aquel fundado temor, no era porque el conde de Provenza desistie-

183 582 790 38 se de casarse con ella, sino porque creyese que lo había engañado

183 612 789 40 contándole una historia falsa y se figurase que pagaba con la más

183 645 760 42 negra ingratitud las grandes mercedes que de él habia recibido.

222 679 750 37 Estos temores la hacían sufrir mucho y se pasaba las noches

183 710 788 37 llorando su desgracia, y tanto pudo en su ánimo la certeza de que

180 741 789 40 Clotaldo destruiría de un golpe toda su felicidad, que no podía de-

183 775 787 39 sechar la tristeza, hasta el punto que el conde se apercibió de sus

183 808 787 38 aflicciones, y por más que hizo no logró que Adalmira le esplicase

183 839 786 39 la causa. En vano suplicaba conocer el motivo de la tristeza de su

181 872 788 37 amada, pues Adalmira en vez de contestar suspiraba, concluyendo

181 903 787 41 siempre en abundantes sollozos. Condolida del dolor el conde la

181 936 786 42 doncella de Adalmira, le refirió como la tristeza de su señora pro-

183 969 786 36 venía sin duda de haber sabido que la madre del conde llevaba á

181 1002 786 42 disgusto aquellos amores, sabido lo cual por él, corrió á ver á su

181 1035 786 39 amada haciéndola tales protestas de cariño y prometiéndola tan

180 1066 786 42 firmemente no hacer caso de las amenazas de su madre, que Adal-

180 1100 786 40 mira no tuvo más remedio que fingir que había sido aquella la causa

180 1134 787 38 de su tristeza y que se le había disipado ante las ardorosas protestas

179 1163 787 44 del conde; pero no era verdad, porque su aflicción venía de Clotal-

180 1202 784 35 do, y para no desesperar al conde tuvo que disimular sus penas y

181 1229 784 41 fingir una alegría que no sentía. Con esto el conde se sosegó y es-

182 1263 784 39 peraba impaciente la llegada de los emisarios que había mandado

180 1293 785 39 al rey Clotaldo, para de cualquier modo celebrar la boda en cuanto

183 1327 780 36 viniesen, aun cuando no trajesen el consentimiento que esperaba,

183 1358 779 42 y que fundadamente creía alcanzar por ser su nobleza de las más

181 1391 443 42 antiguas y acreditadas de la Provenza.
