1189 1565
522 81 110 33 —31—

178 104 785 43 á lo cual contestó el conde, que los reyes tienen que sacrificarse

178 144 784 39 por sus pueblos y sufrir con paciencia todas las incomodidades y

175 173 788 41 molestias que son consiguientes á su elevado rango. Objetó Adal-

175 206 788 40 mira que así lo reconocía, pero que habiendo pasado tantos traba-

174 239 788 40 jos desde su niñez, estaba deseosa de disfrutar tranquilamente del

176 277 785 36 sosiego del hogar, y que así, si el conde su esposo lo aprobaba,

173 304 788 42 queria abdicar la corona en su hijo el condesito, y resignar interi-

174 338 788 40 namente el mando en su esposo hasta que el príncipe tuviese la

174 370 787 41 edad necesaria para reinar por sí mismo; todo lo cual se hizo con-

173 402 788 42 forme á sus deseos. En su consecuencia el conde de Provenza to-

173 434 786 43 mó en calidad de tutor de su hijo las riendas del gobierno, y gober-

172 467 786 43 nó tan acertadamente que empezó á prosperar todo bajo sus sabias

170 502 788 37 disposiciones, pues aumentaron las rentas públicas, y para que to-

170 533 787 42 do saliese bien parece que Dios enviaba su bendición sobre el rei-

169 568 787 38 no, pues las cosechas eran abundantes y sazonadas, la industria

168 597 787 42 cada día más floreciente, y la paz y el sosiego hacían del pueblo

168 632 787 40 húngaro uno de los más venturosos y felices, pues hasta los ladro-

167 666 785 39 nes desaparecieron, por lo cual más que una mansion terrestre

167 694 304 49 parecía un país del cielo.

435 751 246 53 CAPÍTULO XVI.

166 797 780 39 En que Adalmira y el conde tuvieron varios hijos y cómo despues

204 830 703 40 de una larga vida murieron llorados por todos sus pueblos.

164 879 778 48 Feliz Adalmira con el amor de su esposo y de su hijo y la cariñosa

162 919 780 39 adhesión de todos sus pueblos, no cesaba de dar gracias á Dios por

161 951 780 36 las muchas bondades que con ella tenía. Instituyó muchas funda-

160 981 781 38 ciones piadosas, fundó colegios y estableció asilos para los desva-

160 1018 780 39 lidos, y empleaba santamente sus riquezas en promover obras pú-

160 1049 780 36 blicas con que pudiesen emplearse muchos braceros. Mientras tan-

157 1078 781 37 to el conde celebraba pactos y alianzas con los monarcas más po-

157 1110 781 37 derosos de la tierra, y en poco tiempo llegó á ser la Hungría una de

156 1145 781 38 las primeras naciones del mundo. Adalmira y el conde vivieron fe-

155 1173 782 39 lices muchos años y tuvieron varios hijos é hijas, que todos alcan-

153 1205 783 40 zaron venturosa suerte, pues uno llegó á ser rey de Hungría, el

153 1238 781 41 otro Pontífice, y de las hijas, que todas salieron tan bellas y discre-

153 1270 782 41 tas como su madre, la una casó con el rey de Aragón, otra con el

151 1301 783 45 de Francia, otra con el de Castilla, otra con el de Inglaterra y en

151 1336 782 43 fin emparentaron con todas las casas más ilustres, vinculándose de

151 1366 547 45 este modo la virtud y la hermosura en su raza.
