1128 1600
561 117 99 49 —28—

485 193 241 45 CAPÍTULO XIV.

216 233 785 55 Donde Adalmira explica el milagro de las manos, y el conde, con

250 278 750 36 sentimiento de las monjas, se la lleva á Marsella, en donde su-

248 304 433 41 pieron la muerte de la vieja condesa.

212 359 785 44 Pasada la natural sorpresa y emoción de tan feliz encuentro,

210 393 788 44 Adalmira explicó á su esposo como había sido el milagro de las ma-

209 427 788 43 nos y el empeño que toda la comunidad había tenido en que fuese

208 459 788 41 de allí adelante la madre superiora del convento, y él le refirió todo

208 494 787 40 cuanto le había pasado en las Cruzadas, sin omitir el encuentro con

209 525 784 43 el rey Clotaldo y la valerosa y cristiana muerte que recibió, ex-

208 563 784 35 halando su postrer suspiro en los brazos del conde, de lo cual,

208 592 785 40 aparte el sentimiento que le causó lo triste de la noticia, holgóse

208 624 784 41 Adalmira, pues no había podido hallar mejor reposo su padre en la

208 657 782 37 hora de la muerte que los cariñosos brazos del marido de su hija.

209 690 783 40 Todas las monjas se maravillaron cuando supieron que su abadesa

207 722 784 42 era llamada á regir los destinos del pueblo de Hungría, y en medio

205 753 784 42 del dolor que les causaba tener que separarse de tan piadosa com-

205 787 784 42 pañera, alegráronse mucho de su buena suerte, así como de la del

205 826 782 36 tierno principito, que no cabía de puro gozo al saber que su madre

202 855 785 39 era reina y él sería con el tiempo un rey. Mandó el conde que en

202 886 782 40 celebración de aquel encuentro tan anhelado se hiciese una solem-

201 918 784 37 ne función y se repartiesen buenas limosnas á los pobres de la

200 950 784 37 comarca, y á más de esto hizo al convento donación de una parte

200 983 785 40 de sus bienes en agradecimiento de lo bien que habían tratado á

200 1014 783 38 Adalmira y á su hijo el condesito de Provenza, y de allí á pocos

200 1047 782 39 días resolvió emprender la marcha de regreso para Marsella, para

200 1080 782 42 despues dirigirse á Hungría para que Adalmira pudiese tomar po-

199 1113 229 38 sesión de su reino.

238 1144 742 40 Como había corrido la nueva de tan extraño suceso por todas las

196 1177 784 41 cercanías, fué mucha la gente que acudió á despedirlos, y formaron

196 1212 783 38 arcos de ramaje para que pasase Adalmira por bajo de ellos, y el

196 1243 781 40 suelo fué cubierto de ricas telas de damasco para que no se lasti-

197 1274 780 41 mase al andar. Todas las mujeres y muchos hombres se humilla-

194 1311 782 38 ban á su paso y le besaban los vestidos, y cogían en brazos al niño

194 1339 781 43 dándole muchos besos. Adalmira y el conde fueron muy conmovi-

193 1371 782 40 dos durante todo el tiempo que tardaron en llegar al buque, y por

192 1407 782 38 todas partes se mostraba á la par el más vivo regocijo por las

193 1441 780 44 venturas que Dios se complacía en derramar sobre las cabezas de
