1073 1590
565 103 109 39 —24—

221 128 783 48 les salieron tan demacrados que parecían difuntos, pues tal los puso

224 166 651 41 la penosa y larga prisión que sin merecerla sufrieron.

498 227 243 43 CAPÍTULO XII.

227 268 780 56 Como el conde de Provenza, persuadido de la inocencia de Adalmi-

266 314 741 39 ra, fleta una embarcación para buscar á su mujer por la inmen-

267 340 228 34 sidad de los mares.

230 405 778 34 Apenas el noble perro de Adalmira se vió libre de la prisión, sin

231 430 778 40 esperar á nada se dirigió á todo correr hácia el mar y se arrojó á

229 462 780 37 él, empezando á nadar hasta que se le perdió de vista; pero á los

231 494 776 42 pocos días volvió dando lastimeros aullidos y meneando la cola de-

233 527 777 41 lante del conde, como invitándole á que le acompañara. El viejo

233 560 777 43 criado explicó lo que había pasado y como todo lo que se le impu-

234 593 777 38 taba era falso, y que el habérsele encerrado era para que no pu-

234 626 778 41 diese evitar el triste fin que le estaba reservado á su señora la con-

236 660 776 41 desa Adalmira y á su hijo, todo lo cual fué confirmado por los de-

236 691 775 42 más criados, que viendo en casa al conde su señor cobraron ánimos

239 724 772 41 y le perdieron el miedo grandísimo que le tenían á la vieja señora.

236 755 774 40 Mucho irritó al conde la crueldad de su madre, y le dijo que Adal-

237 790 775 40 mira era reina de Hungría y por consiguiente de nobleza más alta

238 822 773 39 que la suya, pero que áun cuando no lo hubiese sido, el proceder tan

237 853 775 40 menguado que con ella había tenido era indigno de personas teme-

239 887 773 39 rosas de Dios, y que si Adalmira era muerta, caería toda la respon-

240 920 773 36 sabilidad sobre la anciana condesa, pues estaba llamada, por muer-

239 952 773 39 te de su padre el rey Clotaldo, á regir los destinos de la noble na-

239 984 775 41 ción de Hungría, que le había dejado en herencia para ella y para

240 1017 773 43 sus sucesores en la hora de la muerte, todo lo cual lo había presen-

240 1053 774 39 ciado el conde, y por consiguiente, que mirase como iba á contestar

242 1085 772 42 á los magiares cuando le pidiesen cuentas de lo que había hecho de

242 1116 113 39 su reina.

279 1145 737 44 Atemorizóse con esto la anciana condesa y cantó de plano, y di-

243 1185 775 38 jo todo lo que había pasado, con lo cual el conde fletó una embar-

244 1214 773 37 cación y se hizo á la mar en busca de Adalmira, acompañado de su

246 1246 771 39 viejo y fiel criado y del perro de Adalmira, que no cesaba de saltar

244 1279 773 39 de puro contento, y anduvieron muchos días sin rumbo fijo, des-

246 1312 772 42 orientados y confusos, no pudiendo encontrar quién les diese razón

248 1345 771 42 de Adalmira ni hallar rastro alguno. El perro se arrojaba muchas

250 1379 770 41 veces al agua como si hubiese encontrado indicios de donde pudie-

248 1412 771 49 ra estar su ama, y los navegantes seguían la dirección que él lleva-
