1173 1558
539 83 105 26 —19—

234 96 747 49 Era aquel un convento de monjas, muy retirado del trato del

195 135 786 42 mundo, y á Adalmira se le ensanchó el corazón considerando la

195 168 786 44 gran merced que Dios le había concedido encaminándola en direc-

196 206 786 38 ción de aquella santa casa. Todas las monjas se esforzaban á porfía

195 236 787 41 en consolar á la pobre Adalmira, y la facilitaron ropas para susti-

197 267 785 41 tuir á las humildes y destrozadas que traía, y buscaron una nodriza

197 305 784 38 para el niño. Adalmira no quiso contar su historia verdadera por

197 334 785 40 temor de que no la creyesen, y así contestó á las repetidas pre-

196 369 784 41 guntas de las monjas, diciendo que había sido una gran pecadora, y

197 402 786 38 que por causa de sus culpas había sido abandonada en medio del

197 432 786 41 mar por su familia—También fué interrogada acerca de la falta de

197 466 785 42 sus manos, y dijo que le habían sido cortadas en castigo de sus

196 502 784 38 grandes culpas. Horrorizáronse aquellas santas mujeres de la mag-

198 535 785 39 nitud del castigo, y se compadecieron de su triste suerte y de la

198 565 785 40 que le esperaba á aquel pobrecito niño tan hermoso, por todo lo

198 597 785 40 cual le dijeron que si quería quedarse allí que podía hacerlo, pues

199 633 785 35 era mansión de paz y de misericordia y que allí podría hacer peni-

199 662 786 39 tencia. Con lágrimas en los ojos pagó Adalmira la solicitud de

199 696 784 38 aquellas buenas mujeres, y les expresó su agradecimiento con pa-

199 728 785 37 labras de mansedumbre y humildad, por todo lo cual las monjitas

198 760 785 43 quedaron encantadas y le confiaron el cuidado de la portería del

198 793 124 35 convento.

239 823 743 37 Con toda humildad desemnpeñó Adalmira este cargo tan impro-

199 856 780 41 pio de una reina, pero el amor de su hijo le daba fuerzas para todo,

199 888 783 41 y como además ella de por sí nunca habia sido orgullosa, se con-

198 923 785 36 sideraba muy feliz en haber encontrado aquel asilo, en el cual no

197 952 784 41 tenía que temer las asechanzas de nadie. Sin embargo, no dejó de

198 985 784 40 haber algunas monjas que desearon conocer á fondo todos los mis-

197 1017 784 38 terios de su vida, y como vieran que Adalmira se encerraba en un

198 1049 783 39 prudente silencio, empezaron á murmurar de ella, y á decir que

198 1081 782 41 podría ser perjudicial á la comunidad la presencia en aquella santa

197 1114 783 38 casa de una tan grande pecadora; pero la verdad es que si decian

197 1145 784 39 aquello, más bien era por envidia de la mansedumbre de Adalmira

198 1178 784 39 y por su mucha belleza, pues la pobre princesa apenas se atrevía á

198 1210 783 39 levantar los ojos del suelo delante de las religiosas ni se ocupaba en

197 1242 785 40 otra cosa que en cuidar la portería del convento y en atender á su

197 1273 785 43 niño, que de día en día iba siendo más hermoso y lucido. En cuanto

197 1304 785 44 llegó á oidos de la superiora del convento lo que decían las mur-

198 1337 784 41 muradoras de Adalmira, las llamó á todas á su cuarto y las echó

196 1369 783 47 una severa amonestación, para que en lo sucesivo se cuidasen mu-
