<?xml version="1.0" encoding="UTF-8"?>
<alto xmlns:xsi="http://www.w3.org/2001/XMLSchema-instance"
      xmlns="http://www.loc.gov/standards/alto/ns-v4#"
      xsi:schemaLocation="http://www.loc.gov/standards/alto/ns-v4# http://www.loc.gov/standards/alto/v4/alto-4-2.xsd">
  <Description>
    <MeasurementUnit>pixel</MeasurementUnit>
    <sourceImageInformation>
      <fileName>Varios_447_14.jpg</fileName>
      
    </sourceImageInformation>
  </Description>
  
  <Tags>
    <OtherTag ID="BT225" LABEL="GraphicZone:ornamentation" DESCRIPTION="block type GraphicZone:ornamentation"/><OtherTag ID="BT226" LABEL="MainZone" DESCRIPTION="block type MainZone"/><OtherTag ID="BT228" LABEL="MarginTextZone:colophon" DESCRIPTION="block type MarginTextZone:colophon"/><OtherTag ID="BT227" LABEL="MainZone:columns" DESCRIPTION="block type MainZone:columns"/><OtherTag ID="BT229" LABEL="MarginTextZone:note" DESCRIPTION="block type MarginTextZone:note"/><OtherTag ID="BT230" LABEL="MusicZone" DESCRIPTION="block type MusicZone"/><OtherTag ID="BT231" LABEL="NumberingZone:page" DESCRIPTION="block type NumberingZone:page"/><OtherTag ID="BT232" LABEL="QuireMarksZone:catchwords" DESCRIPTION="block type QuireMarksZone:catchwords"/><OtherTag ID="BT233" LABEL="QuireMarksZone:signature" DESCRIPTION="block type QuireMarksZone:signature"/><OtherTag ID="BT234" LABEL="RunningTitleZone" DESCRIPTION="block type RunningTitleZone"/><OtherTag ID="BT221" LABEL="CustomZone:impresorNum" DESCRIPTION="block type CustomZone:impresorNum"/><OtherTag ID="BT222" LABEL="CustomZone:numero_pliego" DESCRIPTION="block type CustomZone:numero_pliego"/><OtherTag ID="BT223" LABEL="CustomZone:title" DESCRIPTION="block type CustomZone:title"/><OtherTag ID="BT224" LABEL="GraphicZone:illustration" DESCRIPTION="block type GraphicZone:illustration"/>
    <OtherTag ID="LT83" LABEL="DefaultLine" DESCRIPTION="line type DefaultLine"/><OtherTag ID="LT81" LABEL="CustomLine:propriedad" DESCRIPTION="line type CustomLine:propriedad"/><OtherTag ID="LT82" LABEL="CustomLine:trailer" DESCRIPTION="line type CustomLine:trailer"/><OtherTag ID="LT84" LABEL="HeadingLine" DESCRIPTION="line type HeadingLine"/>
  </Tags>
  
  <Layout>
    <Page WIDTH="1114"
          HEIGHT="1589"
          PHYSICAL_IMG_NR="157"
          ID="eSc_dummypage_">
      <PrintSpace HPOS="0"
                  VPOS="0"
                  WIDTH="1114"
                  HEIGHT="1589">
        
        <TextBlock HPOS="509"
                   VPOS="54"
                   WIDTH="181"
                   HEIGHT="98"
                   ID="block_2"
                   TAGREFS="BT231">
          <Shape><Polygon POINTS="690 54 690 152 509 152 509 54"/></Shape>
          
          
          <TextLine ID="line_0"
                    TAGREFS="LT83"
                    BASELINE="545 131 660 131" 
                    HPOS="545"
                    VPOS="108"
                    WIDTH="115"
                    HEIGHT="37">
            <Shape><Polygon POINTS="545 131 546 145 553 140 570 144 577 145 578 145 660 140 660 131 660 117 624 117 619 114 599 108 598 108 598 108 545 111 545 131"/></Shape>
	    <String CONTENT="— 14—"
                    HPOS="545"
                    VPOS="108"
                    WIDTH="115"
                    HEIGHT="37"></String>
          </TextLine>

          
        </TextBlock>
        
        <TextBlock HPOS="171"
                   VPOS="151"
                   WIDTH="841"
                   HEIGHT="754"
                   ID="block_1"
                   TAGREFS="BT226">
          <Shape><Polygon POINTS="1012 154 1005 905 171 905 171 151"/></Shape>
          
          
          <TextLine ID="line_1"
                    TAGREFS="LT83"
                    BASELINE="201 166 994 166" 
                    HPOS="201"
                    VPOS="138"
                    WIDTH="793"
                    HEIGHT="43">
            <Shape><Polygon POINTS="978 138 970 138 961 138 952 138 943 138 939 138 938 138 937 138 923 144 882 144 872 138 871 138 871 138 870 138 846 143 824 138 823 138 822 138 821 138 801 143 652 138 651 138 620 143 590 138 589 138 553 143 481 139 480 139 479 139 464 143 395 138 394 138 394 138 377 144 290 144 248 138 247 138 201 143 201 166 201 181 994 177 994 166 994 143 979 138 978 138"/></Shape>
	    <String CONTENT="tan lejanas tierras, en primer lugar por el gran peligro que corría"
                    HPOS="201"
                    VPOS="138"
                    WIDTH="793"
                    HEIGHT="43"></String>
          </TextLine>

          
          
          <TextLine ID="line_2"
                    TAGREFS="LT83"
                    BASELINE="200 200 993 197" 
                    HPOS="199"
                    VPOS="174"
                    WIDTH="794"
                    HEIGHT="36">
            <Shape><Polygon POINTS="200 200 200 210 992 210 993 197 991 174 199 175 200 200"/></Shape>
	    <String CONTENT="de perecer allí víctima de su deber, pues todo el mundo se hacía"
                    HPOS="199"
                    VPOS="174"
                    WIDTH="794"
                    HEIGHT="36"></String>
          </TextLine>

          
          
          <TextLine ID="line_3"
                    TAGREFS="LT83"
                    BASELINE="200 232 993 229" 
                    HPOS="199"
                    VPOS="204"
                    WIDTH="794"
                    HEIGHT="38">
            <Shape><Polygon POINTS="200 232 200 242 992 240 993 229 991 204 199 207 200 232"/></Shape>
	    <String CONTENT="lenguas de su bravura militar, y en segundo, porque recelaba que"
                    HPOS="199"
                    VPOS="204"
                    WIDTH="794"
                    HEIGHT="38"></String>
          </TextLine>

          
          
          <TextLine ID="line_4"
                    TAGREFS="LT83"
                    BASELINE="200 264 993 263" 
                    HPOS="199"
                    VPOS="237"
                    WIDTH="794"
                    HEIGHT="41">
            <Shape><Polygon POINTS="200 264 200 273 583 278 584 278 585 278 596 272 598 272 602 272 632 277 633 277 670 272 674 272 678 272 706 277 707 277 750 272 753 272 754 272 760 277 761 277 762 277 763 277 801 272 803 272 803 272 819 277 820 277 821 278 912 278 912 277 913 277 914 277 920 272 954 277 954 277 955 277 956 277 963 272 971 277 972 277 973 277 974 277 993 271 993 263 991 237 963 241 744 239 615 237 614 237 598 240 580 242 466 240 286 238 285 238 199 242 200 264"/></Shape>
	    <String CONTENT="una vez ido el conde, quedaría ella á merced de su suegra y sería"
                    HPOS="199"
                    VPOS="237"
                    WIDTH="794"
                    HEIGHT="41"></String>
          </TextLine>

          
          
          <TextLine ID="line_5"
                    TAGREFS="LT83"
                    BASELINE="200 296 992 294" 
                    HPOS="199"
                    VPOS="270"
                    WIDTH="793"
                    HEIGHT="38">
            <Shape><Polygon POINTS="200 296 200 306 991 308 992 294 990 272 897 274 890 272 879 270 879 270 878 270 877 270 865 272 858 274 841 272 806 270 805 270 784 273 776 274 771 273 757 270 756 270 755 270 719 273 708 274 689 273 604 270 603 270 578 274 572 276 429 276 427 275 405 271 404 271 403 271 385 275 367 271 366 271 251 271 250 271 199 276 200 296"/></Shape>
	    <String CONTENT="víctima de toda clase de vejaciones y venganzas. Lloró, suplicó"
                    HPOS="199"
                    VPOS="270"
                    WIDTH="793"
                    HEIGHT="38"></String>
          </TextLine>

          
          
          <TextLine ID="line_6"
                    TAGREFS="LT83"
                    BASELINE="198 329 993 326" 
                    HPOS="197"
                    VPOS="304"
                    WIDTH="796"
                    HEIGHT="39">
            <Shape><Polygon POINTS="198 329 198 343 220 338 403 341 507 343 508 343 509 343 510 343 514 340 520 338 590 339 688 343 689 343 728 338 747 337 803 338 970 342 970 342 971 342 993 336 993 326 991 304 197 306 198 329"/></Shape>
	    <String CONTENT="por la salud de su hijo y por la suya propia al conde, para que de-"
                    HPOS="197"
                    VPOS="304"
                    WIDTH="796"
                    HEIGHT="39"></String>
          </TextLine>

          
          
          <TextLine ID="line_7"
                    TAGREFS="LT83"
                    BASELINE="198 361 992 359" 
                    HPOS="197"
                    VPOS="333"
                    WIDTH="795"
                    HEIGHT="39">
            <Shape><Polygon POINTS="198 361 198 371 992 372 992 359 989 333 969 338 960 333 959 333 958 333 957 333 954 333 908 338 868 334 857 333 856 333 848 334 823 338 804 335 796 333 795 333 783 335 762 338 756 335 753 333 752 333 751 333 661 333 660 333 640 337 627 338 614 337 595 333 594 333 572 337 558 339 467 338 236 334 235 334 197 340 198 361"/></Shape>
	    <String CONTENT="sistiese de aquella empresa, pero el conde, aun cuando de buena"
                    HPOS="197"
                    VPOS="333"
                    WIDTH="795"
                    HEIGHT="39"></String>
          </TextLine>

          
          
          <TextLine ID="line_8"
                    TAGREFS="LT83"
                    BASELINE="197 392 989 394" 
                    HPOS="197"
                    VPOS="365"
                    WIDTH="792"
                    HEIGHT="40">
            <Shape><Polygon POINTS="197 392 197 405 988 404 989 394 988 372 923 372 922 371 911 366 910 366 909 366 739 371 723 371 722 371 713 367 712 367 630 366 629 366 628 366 618 371 616 371 614 371 593 365 592 365 591 365 542 370 541 370 539 370 402 365 401 365 401 365 389 370 388 370 386 370 364 366 363 366 326 370 322 370 320 370 302 365 301 365 300 365 276 370 272 370 197 370 197 392"/></Shape>
	    <String CONTENT="gana hubiese desistido, no pudo complacerla, y todo fué en vano,"
                    HPOS="197"
                    VPOS="365"
                    WIDTH="792"
                    HEIGHT="40"></String>
          </TextLine>

          
          
          <TextLine ID="line_9"
                    TAGREFS="LT83"
                    BASELINE="197 425 991 425" 
                    HPOS="197"
                    VPOS="398"
                    WIDTH="794"
                    HEIGHT="41">
            <Shape><Polygon POINTS="197 425 197 439 991 436 991 425 990 398 969 403 920 403 913 398 912 398 911 398 910 398 907 398 856 402 834 398 832 398 831 398 826 398 792 403 727 403 719 399 718 398 717 398 716 398 711 399 687 402 658 399 649 398 648 398 642 399 622 402 606 399 601 398 600 398 599 398 598 399 591 402 578 399 575 398 574 398 573 398 560 399 527 402 493 399 477 398 477 398 465 399 443 402 428 399 420 398 419 398 409 399 393 402 386 399 382 398 381 398 380 398 197 399 197 425"/></Shape>
	    <String CONTENT="pues su deber y el honor de su escudo le llamaban á la guerra y era"
                    HPOS="197"
                    VPOS="398"
                    WIDTH="794"
                    HEIGHT="41"></String>
          </TextLine>

          
          
          <TextLine ID="line_10"
                    TAGREFS="LT83"
                    BASELINE="197 458 989 455" 
                    HPOS="196"
                    VPOS="429"
                    WIDTH="793"
                    HEIGHT="42">
            <Shape><Polygon POINTS="197 458 197 471 989 468 989 455 986 434 853 435 845 434 816 429 815 429 750 434 749 434 748 434 723 429 722 429 721 429 711 435 708 436 702 435 688 431 687 431 588 435 555 436 544 435 497 430 496 430 468 435 458 436 428 436 363 432 362 432 361 432 348 436 344 436 341 436 327 431 326 431 325 431 196 436 197 458"/></Shape>
	    <String CONTENT="preciso ir, toda vez que el mismo rey daba el ejemplo arrancándo-"
                    HPOS="196"
                    VPOS="429"
                    WIDTH="793"
                    HEIGHT="42"></String>
          </TextLine>

          
          
          <TextLine ID="line_11"
                    TAGREFS="LT83"
                    BASELINE="197 490 988 489" 
                    HPOS="197"
                    VPOS="462"
                    WIDTH="791"
                    HEIGHT="41">
            <Shape><Polygon POINTS="197 490 197 498 986 503 988 489 985 465 738 467 725 466 691 462 690 462 689 462 680 466 677 467 667 466 639 463 638 463 637 463 626 466 623 467 614 466 575 463 574 463 573 463 572 463 566 467 563 469 536 469 533 467 526 463 525 463 524 463 523 463 503 467 500 468 496 467 480 463 479 463 478 463 453 468 448 468 439 468 370 463 369 463 334 468 327 463 326 463 325 463 325 463 324 463 310 467 241 463 240 463 197 469 197 490"/></Shape>
	    <String CONTENT="se á las dulzuras de la familia y exponiendo su vida como el más"
                    HPOS="197"
                    VPOS="462"
                    WIDTH="791"
                    HEIGHT="41"></String>
          </TextLine>

          
          
          <TextLine ID="line_12"
                    TAGREFS="LT83"
                    BASELINE="197 522 986 522" 
                    HPOS="197"
                    VPOS="495"
                    WIDTH="789"
                    HEIGHT="39">
            <Shape><Polygon POINTS="197 522 197 534 986 534 986 522 986 500 423 495 422 495 421 495 412 499 348 495 348 495 301 499 258 495 257 495 197 499 197 522"/></Shape>
	    <String CONTENT="humilde soldado. Adalmira comprendió lo inútil de sus ruegos, y"
                    HPOS="197"
                    VPOS="495"
                    WIDTH="789"
                    HEIGHT="39"></String>
          </TextLine>

          
          
          <TextLine ID="line_13"
                    TAGREFS="LT83"
                    BASELINE="197 555 987 557" 
                    HPOS="197"
                    VPOS="526"
                    WIDTH="790"
                    HEIGHT="40">
            <Shape><Polygon POINTS="197 555 197 566 986 564 987 557 986 532 911 532 910 531 898 527 897 527 896 527 869 531 863 531 840 530 735 527 734 527 701 529 682 531 650 529 606 527 605 527 604 527 598 529 591 531 578 528 561 526 560 526 560 526 554 528 551 530 197 527 197 555"/></Shape>
	    <String CONTENT="pidió á la Virgen de las Angustias, su abogada, velase por la vida"
                    HPOS="197"
                    VPOS="526"
                    WIDTH="790"
                    HEIGHT="40"></String>
          </TextLine>

          
          
          <TextLine ID="line_14"
                    TAGREFS="LT83"
                    BASELINE="195 589 985 587" 
                    HPOS="194"
                    VPOS="558"
                    WIDTH="791"
                    HEIGHT="41">
            <Shape><Polygon POINTS="195 589 195 598 984 599 985 587 983 558 936 565 890 561 889 561 888 561 887 561 879 566 836 566 826 560 826 560 825 560 824 560 794 565 786 560 784 558 783 558 782 558 781 558 768 560 741 564 726 560 719 559 719 559 718 559 714 560 698 565 659 561 644 559 643 559 642 559 641 559 638 561 629 567 551 567 543 562 541 560 540 560 539 560 538 560 538 560 533 562 522 566 504 562 490 559 489 559 427 563 396 564 376 564 330 560 329 560 328 560 327 560 322 564 317 568 281 568 275 564 269 560 268 560 267 560 266 560 194 564 195 589"/></Shape>
	    <String CONTENT="de su querido esposo y lo sacase con bien de aquella guerra. El"
                    HPOS="194"
                    VPOS="558"
                    WIDTH="791"
                    HEIGHT="41"></String>
          </TextLine>

          
          
          <TextLine ID="line_15"
                    TAGREFS="LT83"
                    BASELINE="195 621 986 619" 
                    HPOS="194"
                    VPOS="592"
                    WIDTH="792"
                    HEIGHT="42">
            <Shape><Polygon POINTS="195 621 195 634 985 631 986 619 984 596 922 599 914 596 905 593 904 593 903 593 871 596 849 599 841 596 824 592 823 592 822 592 795 597 782 599 770 597 748 594 747 594 746 594 735 597 728 600 666 600 662 598 650 593 649 593 591 592 591 592 590 592 589 592 579 598 575 601 553 601 542 598 505 593 411 593 410 593 409 593 409 593 400 598 361 593 360 593 359 593 333 600 330 601 278 601 275 600 221 593 220 593 219 593 194 600 195 621"/></Shape>
	    <String CONTENT="conde se preparó de todas armas, y despues de mandar decir una"
                    HPOS="194"
                    VPOS="592"
                    WIDTH="792"
                    HEIGHT="42"></String>
          </TextLine>

          
          
          <TextLine ID="line_16"
                    TAGREFS="LT83"
                    BASELINE="195 651 986 653" 
                    HPOS="195"
                    VPOS="625"
                    WIDTH="791"
                    HEIGHT="42">
            <Shape><Polygon POINTS="195 651 195 665 441 662 477 666 479 666 480 666 483 666 530 662 545 666 545 666 546 666 547 666 560 662 572 666 573 666 574 667 574 666 575 666 587 662 792 662 802 667 803 667 803 667 815 667 951 662 985 667 986 653 984 625 968 630 950 625 949 625 948 625 947 625 947 625 939 631 904 625 901 625 901 625 895 625 834 631 806 626 801 625 800 625 793 626 763 630 749 626 745 625 744 625 743 625 736 626 713 630 649 626 621 625 620 625 619 625 616 626 610 630 606 627 604 625 603 625 602 625 601 625 600 625 599 625 598 627 591 631 568 627 562 626 561 626 554 627 535 630 524 627 515 625 514 625 513 625 512 625 502 627 492 630 471 627 447 625 446 625 445 625 435 627 428 630 423 627 416 625 416 625 415 625 385 628 363 630 195 629 195 651"/></Shape>
	    <String CONTENT="misa en la capilla del Castillo, se marchó á unirse á las tropas del"
                    HPOS="195"
                    VPOS="625"
                    WIDTH="791"
                    HEIGHT="42"></String>
          </TextLine>

          
          
          <TextLine ID="line_17"
                    TAGREFS="LT83"
                    BASELINE="194 687 984 684" 
                    HPOS="193"
                    VPOS="658"
                    WIDTH="791"
                    HEIGHT="42">
            <Shape><Polygon POINTS="194 687 194 700 250 694 485 694 524 699 525 699 594 693 626 698 627 698 628 698 644 693 666 698 667 698 729 693 782 698 783 698 784 698 796 692 982 697 984 684 981 662 891 663 885 662 863 658 863 658 818 662 807 663 803 662 785 658 784 658 783 658 740 662 725 664 705 663 653 659 652 659 651 659 637 663 633 665 569 665 561 663 547 660 546 660 545 660 545 660 534 663 531 664 526 663 503 660 502 660 501 660 491 663 486 665 474 663 450 661 449 661 413 664 387 666 363 664 322 661 321 661 193 664 194 687"/></Shape>
	    <String CONTENT="rey, no sin encomendar de todo corazón á su viejo criado que se"
                    HPOS="193"
                    VPOS="658"
                    WIDTH="791"
                    HEIGHT="42"></String>
          </TextLine>

          
          
          <TextLine ID="line_18"
                    TAGREFS="LT83"
                    BASELINE="194 717 984 717" 
                    HPOS="194"
                    VPOS="692"
                    WIDTH="790"
                    HEIGHT="36">
            <Shape><Polygon POINTS="194 717 194 727 983 728 984 717 984 699 967 692 966 692 920 692 919 692 918 692 917 692 909 699 872 692 871 692 803 699 794 699 788 698 757 694 756 694 739 698 735 699 734 698 726 692 725 692 724 692 676 692 675 692 674 692 663 698 659 700 590 700 585 697 577 692 576 692 575 692 503 697 461 699 194 695 194 717"/></Shape>
	    <String CONTENT="constituyese durante su ausencia en protector y guardián de su"
                    HPOS="194"
                    VPOS="692"
                    WIDTH="790"
                    HEIGHT="36"></String>
          </TextLine>

          
          
          <TextLine ID="line_19"
                    TAGREFS="LT83"
                    BASELINE="193 749 982 751" 
                    HPOS="193"
                    VPOS="722"
                    WIDTH="789"
                    HEIGHT="38">
            <Shape><Polygon POINTS="193 749 193 760 981 759 982 751 980 723 927 730 904 723 903 723 902 723 901 723 788 724 787 724 786 724 777 730 757 724 752 723 751 723 750 723 742 724 713 730 681 725 667 723 666 723 642 725 590 730 560 726 533 722 488 722 487 722 486 722 475 726 467 729 380 729 375 727 355 722 354 722 310 728 298 729 288 728 254 722 253 722 252 722 236 728 234 729 193 729 193 749"/></Shape>
	    <String CONTENT="querida Adalmira y de su hijo, cuya suerte le confiaba, con otras"
                    HPOS="193"
                    VPOS="722"
                    WIDTH="789"
                    HEIGHT="38"></String>
          </TextLine>

          
          
          <TextLine ID="line_20"
                    TAGREFS="LT83"
                    BASELINE="191 783 982 781" 
                    HPOS="190"
                    VPOS="754"
                    WIDTH="792"
                    HEIGHT="44">
            <Shape><Polygon POINTS="191 783 192 798 212 793 293 793 303 798 304 798 305 798 306 798 320 798 408 793 421 796 427 798 428 798 429 798 438 796 454 792 469 796 477 797 477 797 478 797 481 796 488 792 603 794 714 796 715 796 716 796 717 796 721 793 723 791 734 792 760 796 761 796 762 796 771 792 772 791 773 792 779 796 780 796 780 796 781 796 782 796 797 792 801 791 820 791 968 796 969 796 970 796 982 790 982 781 979 754 936 760 904 755 903 755 793 760 742 756 723 755 722 755 705 757 666 760 625 758 604 756 603 756 602 756 601 756 599 758 594 761 545 761 539 759 534 756 533 756 532 756 515 759 500 760 467 759 422 757 421 757 420 757 412 760 407 762 254 762 251 761 232 757 231 757 190 761 191 783"/></Shape>
	    <String CONTENT="comisiones y encargos que le mandó y que el antiguo servidor su-"
                    HPOS="190"
                    VPOS="754"
                    WIDTH="792"
                    HEIGHT="44"></String>
          </TextLine>

          
          
          <TextLine ID="line_21"
                    TAGREFS="LT83"
                    BASELINE="194 814 978 816" 
                    HPOS="194"
                    VPOS="788"
                    WIDTH="784"
                    HEIGHT="41">
            <Shape><Polygon POINTS="194 814 194 828 404 824 414 828 415 828 416 828 416 829 512 829 512 828 513 828 514 828 526 824 547 828 549 828 550 828 553 828 585 824 608 828 614 829 615 829 630 828 679 825 713 828 723 829 724 829 734 828 769 825 786 828 790 829 791 829 792 829 795 828 805 825 977 828 978 816 977 791 857 789 856 789 856 789 855 789 851 791 848 793 840 791 826 789 826 789 803 791 780 794 754 791 727 789 726 789 690 791 660 794 657 791 652 789 651 789 651 789 650 789 608 791 598 792 592 792 565 788 564 788 533 792 522 793 513 792 484 788 483 788 482 788 464 792 459 793 431 792 352 789 351 789 285 792 269 793 267 792 257 788 257 788 224 788 223 788 194 792 194 814"/></Shape>
	    <String CONTENT="yo le prometió cumplir bien y fielmente, con lo cual se marchó,"
                    HPOS="194"
                    VPOS="788"
                    WIDTH="784"
                    HEIGHT="41"></String>
          </TextLine>

          
          
          <TextLine ID="line_22"
                    TAGREFS="LT83"
                    BASELINE="192 848 978 848" 
                    HPOS="192"
                    VPOS="821"
                    WIDTH="786"
                    HEIGHT="42">
            <Shape><Polygon POINTS="192 848 192 858 500 862 501 862 502 862 514 858 516 858 530 858 594 862 595 862 628 858 632 858 634 858 646 862 647 862 648 862 649 862 650 862 656 858 658 858 708 858 709 858 718 862 719 862 719 863 781 863 781 862 782 862 791 858 797 862 798 862 799 862 800 863 855 863 855 862 899 858 901 858 901 858 948 862 949 862 978 857 978 848 978 823 828 821 827 821 826 821 818 824 804 828 791 824 781 821 780 821 735 821 735 821 734 821 725 825 715 829 615 829 609 826 604 823 603 823 602 823 601 823 594 826 586 829 434 829 422 828 388 823 387 823 386 823 376 828 373 829 290 829 284 828 212 822 212 822 211 822 192 828 192 848"/></Shape>
	    <String CONTENT="si no contento, á lo menos tranquilo y sosegado, porque dejaba"
                    HPOS="192"
                    VPOS="821"
                    WIDTH="786"
                    HEIGHT="42"></String>
          </TextLine>

          
          
          <TextLine ID="line_23"
                    TAGREFS="LT83"
                    BASELINE="191 882 975 881" 
                    HPOS="190"
                    VPOS="855"
                    WIDTH="785"
                    HEIGHT="48">
            <Shape><Polygon POINTS="191 882 191 898 254 890 264 895 265 895 265 895 325 890 349 898 350 898 351 898 383 891 422 896 423 896 482 890 497 897 498 897 499 897 522 895 530 898 538 903 538 903 539 903 657 902 658 902 659 902 663 898 671 893 708 890 766 898 790 902 791 902 792 902 798 898 813 891 853 894 854 894 855 894 871 889 973 898 975 881 973 855 856 855 855 855 852 855 824 861 729 861 722 856 721 856 720 856 719 856 718 856 689 860 680 856 678 855 677 855 676 855 675 855 673 856 660 861 578 862 533 862 519 857 516 856 515 856 515 856 508 857 486 860 473 857 469 856 468 856 467 856 466 856 462 857 449 861 423 857 413 856 347 856 346 856 345 856 338 858 323 861 312 858 307 856 306 856 305 856 190 858 191 882"/></Shape>
	    <String CONTENT="persona de confianza al cuidado y amparo de su querida familia."
                    HPOS="190"
                    VPOS="855"
                    WIDTH="785"
                    HEIGHT="48"></String>
          </TextLine>

          
        </TextBlock>
        
        <TextBlock HPOS="144"
                   VPOS="921"
                   WIDTH="875"
                   HEIGHT="153"
                   ID="block_3"
                   TAGREFS="BT223">
          <Shape><Polygon POINTS="1019 921 1019 1061 144 1074 171 923"/></Shape>
          
          
          <TextLine ID="line_24"
                    TAGREFS="LT84"
                    BASELINE="472 945 700 943" 
                    HPOS="471"
                    VPOS="905"
                    WIDTH="229"
                    HEIGHT="54">
            <Shape><Polygon POINTS="472 945 472 953 491 959 492 959 492 959 493 959 516 954 550 959 551 959 552 959 567 953 592 956 593 956 638 952 639 952 640 952 648 958 649 958 650 958 651 959 680 959 680 958 681 958 700 951 700 943 698 913 651 913 613 905 613 905 612 905 611 905 611 906 606 911 585 907 584 907 546 913 526 906 525 906 483 906 482 906 481 906 480 906 471 912 472 945"/></Shape>
	    <String CONTENT="CAPÍTULO VII."
                    HPOS="471"
                    VPOS="905"
                    WIDTH="229"
                    HEIGHT="54"></String>
          </TextLine>

          
          
          <TextLine ID="line_25"
                    TAGREFS="LT84"
                    BASELINE="191 994 977 994" 
                    HPOS="191"
                    VPOS="969"
                    WIDTH="786"
                    HEIGHT="38">
            <Shape><Polygon POINTS="191 994 191 1007 977 1004 977 994 977 975 722 969 721 969 720 969 712 972 708 975 553 975 540 971 530 969 530 969 529 969 528 969 521 971 512 974 502 971 497 969 496 969 495 969 494 969 493 969 491 971 485 974 419 971 393 969 392 969 391 969 386 970 371 974 341 970 339 970 338 970 336 970 299 974 274 969 272 969 271 969 268 969 243 974 231 969 230 969 191 969 191 994"/></Shape>
	    <String CONTENT="Cómo la madre del conde de Provenza se venga de Adalmira y cómo"
                    HPOS="191"
                    VPOS="969"
                    WIDTH="786"
                    HEIGHT="38"></String>
          </TextLine>

          
          
          <TextLine ID="line_26"
                    TAGREFS="LT84"
                    BASELINE="229 1020 973 1023" 
                    HPOS="228"
                    VPOS="997"
                    WIDTH="745"
                    HEIGHT="42">
            <Shape><Polygon POINTS="229 1020 228 1031 269 1038 270 1038 271 1038 294 1032 329 1038 330 1038 331 1038 351 1032 352 1032 477 1032 482 1034 497 1039 498 1039 499 1039 566 1039 566 1039 567 1039 568 1039 572 1035 574 1033 581 1035 596 1039 597 1039 598 1039 972 1039 973 1023 971 1002 871 1004 865 1002 861 1000 860 1000 859 1000 858 1000 852 1002 845 1004 831 1002 810 999 810 999 809 999 808 999 804 1002 801 1004 789 1002 773 999 772 999 772 999 764 1002 758 1004 753 1002 747 999 746 999 745 999 723 1002 712 1003 709 1002 699 998 698 998 642 998 641 998 577 1002 553 1003 546 1002 530 998 530 998 529 998 503 1002 494 1003 490 1002 477 997 476 997 475 997 431 1002 424 1002 409 1002 320 997 319 997 318 997 318 997 310 1002 310 1002 303 1002 261 998 260 998 229 1001 229 1020"/></Shape>
	    <String CONTENT="esta vuelve à ser amarrada en una lancha con su hijo y entrega-"
                    HPOS="228"
                    VPOS="997"
                    WIDTH="745"
                    HEIGHT="42"></String>
          </TextLine>

          
          
          <TextLine ID="line_27"
                    TAGREFS="LT84"
                    BASELINE="230 1047 502 1050" 
                    HPOS="229"
                    VPOS="1023"
                    WIDTH="273"
                    HEIGHT="47">
            <Shape><Polygon POINTS="230 1047 229 1063 352 1069 353 1069 371 1068 410 1062 445 1069 452 1070 453 1070 454 1070 456 1069 469 1066 500 1070 502 1050 501 1031 469 1026 469 1026 447 1031 446 1031 443 1031 411 1024 410 1024 409 1024 395 1028 358 1024 357 1024 356 1024 344 1030 343 1030 340 1030 298 1023 297 1023 296 1023 279 1029 278 1029 230 1029 230 1047"/></Shape>
	    <String CONTENT="da al capricho del mar."
                    HPOS="229"
                    VPOS="1023"
                    WIDTH="273"
                    HEIGHT="47"></String>
          </TextLine>

          
        </TextBlock>
        
        <TextBlock HPOS="139"
                   VPOS="1077"
                   WIDTH="879"
                   HEIGHT="430"
                   ID="block_0"
                   TAGREFS="BT226">
          <Shape><Polygon POINTS="1018 1077 1018 1507 139 1507 139 1077"/></Shape>
          
          
          <TextLine ID="line_28"
                    TAGREFS="LT83"
                    BASELINE="189 1110 974 1110" 
                    HPOS="189"
                    VPOS="1077"
                    WIDTH="785"
                    HEIGHT="46">
            <Shape><Polygon POINTS="923 1077 914 1077 905 1077 896 1077 887 1077 879 1077 870 1077 861 1077 852 1077 843 1077 834 1077 826 1077 817 1077 808 1077 799 1077 795 1077 794 1077 793 1077 792 1077 781 1084 778 1086 737 1084 637 1077 636 1077 583 1078 582 1078 581 1078 575 1082 568 1086 478 1082 477 1082 430 1086 422 1081 421 1081 420 1081 419 1081 386 1087 294 1087 280 1082 280 1082 279 1082 237 1086 224 1078 223 1078 222 1078 189 1077 189 1110 189 1123 217 1119 241 1123 242 1123 242 1123 243 1123 271 1119 287 1123 287 1123 288 1123 289 1123 290 1123 291 1123 307 1119 322 1123 323 1123 324 1123 325 1123 327 1123 356 1119 410 1123 419 1123 420 1123 426 1123 457 1119 485 1122 492 1123 492 1123 504 1122 546 1119 561 1122 565 1123 566 1123 567 1123 580 1122 620 1119 654 1122 668 1123 669 1123 686 1122 722 1119 774 1119 780 1122 781 1123 782 1123 783 1123 784 1123 795 1122 810 1119 826 1122 835 1123 836 1123 974 1121 974 1110 974 1087 929 1077 923 1077"/></Shape>
	    <String CONTENT="Durante algun tiempo despues de la marcha del conde á la"
                    HPOS="189"
                    VPOS="1077"
                    WIDTH="785"
                    HEIGHT="46"></String>
          </TextLine>

          
          
          <TextLine ID="line_29"
                    TAGREFS="LT83"
                    BASELINE="189 1143 973 1140" 
                    HPOS="188"
                    VPOS="1113"
                    WIDTH="785"
                    HEIGHT="43">
            <Shape><Polygon POINTS="189 1143 189 1156 231 1152 377 1152 399 1156 401 1156 401 1156 407 1156 463 1151 493 1155 494 1155 530 1151 542 1155 543 1155 544 1155 568 1151 590 1155 591 1155 591 1155 802 1151 828 1154 829 1154 830 1154 841 1150 971 1154 973 1140 971 1120 826 1120 822 1119 758 1113 757 1113 702 1114 701 1114 688 1119 684 1120 678 1119 654 1114 653 1114 608 1119 602 1119 601 1119 594 1114 593 1114 592 1114 542 1114 541 1114 540 1114 526 1118 521 1120 509 1118 489 1115 488 1115 467 1118 448 1121 433 1118 412 1114 411 1114 188 1117 189 1143"/></Shape>
	    <String CONTENT="guerra de las Cruzadas, la vieja condesa no dió señales de su ódio"
                    HPOS="188"
                    VPOS="1113"
                    WIDTH="785"
                    HEIGHT="43"></String>
          </TextLine>

          
          
          <TextLine ID="line_30"
                    TAGREFS="LT83"
                    BASELINE="188 1174 972 1174" 
                    HPOS="188"
                    VPOS="1150"
                    WIDTH="784"
                    HEIGHT="39">
            <Shape><Polygon POINTS="188 1174 188 1185 623 1189 624 1189 676 1185 680 1185 684 1185 765 1189 765 1189 839 1185 841 1185 842 1185 886 1189 886 1189 887 1189 898 1185 907 1189 908 1189 909 1189 972 1184 972 1174 972 1155 645 1150 644 1150 644 1150 643 1150 639 1152 636 1155 587 1155 553 1152 523 1150 522 1150 522 1150 515 1152 506 1154 494 1152 487 1150 486 1150 485 1150 485 1150 480 1152 473 1154 464 1152 460 1150 459 1150 458 1150 447 1151 423 1154 405 1151 399 1150 398 1150 390 1151 365 1154 295 1150 283 1150 282 1150 281 1150 280 1150 270 1154 188 1150 188 1174"/></Shape>
	    <String CONTENT="hacia Adalmira, y la pobre princesa vivió entregada en su dolor en"
                    HPOS="188"
                    VPOS="1150"
                    WIDTH="784"
                    HEIGHT="39"></String>
          </TextLine>

          
          
          <TextLine ID="line_31"
                    TAGREFS="LT83"
                    BASELINE="186 1207 971 1204" 
                    HPOS="185"
                    VPOS="1181"
                    WIDTH="786"
                    HEIGHT="41">
            <Shape><Polygon POINTS="186 1207 186 1222 211 1217 232 1221 233 1221 306 1217 454 1220 455 1220 456 1220 457 1220 465 1216 970 1219 971 1204 970 1188 873 1188 849 1181 848 1181 848 1181 847 1181 826 1187 771 1181 770 1181 769 1181 756 1188 703 1188 689 1182 689 1182 688 1182 659 1188 651 1182 650 1182 649 1182 520 1181 519 1181 492 1185 457 1181 456 1181 378 1182 378 1182 356 1189 339 1189 326 1182 325 1182 325 1182 240 1182 239 1182 185 1189 186 1207"/></Shape>
	    <String CONTENT="compañía de su hijo el condesito de Provenza, esperando con an-"
                    HPOS="185"
                    VPOS="1181"
                    WIDTH="786"
                    HEIGHT="41"></String>
          </TextLine>

          
          
          <TextLine ID="line_32"
                    TAGREFS="LT83"
                    BASELINE="187 1239 972 1237" 
                    HPOS="186"
                    VPOS="1214"
                    WIDTH="786"
                    HEIGHT="42">
            <Shape><Polygon POINTS="187 1239 187 1250 253 1255 254 1255 255 1255 256 1255 264 1250 265 1250 268 1250 294 1254 295 1254 313 1250 316 1250 333 1250 500 1254 500 1254 501 1254 513 1250 523 1255 524 1255 525 1256 577 1256 577 1255 617 1249 621 1249 625 1249 647 1254 648 1254 706 1249 711 1249 712 1249 718 1253 719 1253 719 1253 720 1253 745 1249 747 1249 748 1249 760 1254 761 1254 762 1255 851 1255 851 1254 852 1254 872 1249 873 1249 874 1249 932 1254 933 1254 971 1248 972 1237 970 1215 556 1219 552 1218 542 1214 541 1214 431 1214 431 1214 430 1214 429 1214 423 1219 422 1219 364 1219 363 1219 315 1214 314 1214 267 1219 260 1214 259 1214 258 1214 203 1214 202 1214 201 1214 186 1219 187 1239"/></Shape>
	    <String CONTENT="siedad noticias de su idolatrado esposo; pero despues y poco á po-"
                    HPOS="186"
                    VPOS="1214"
                    WIDTH="786"
                    HEIGHT="42"></String>
          </TextLine>

          
          
          <TextLine ID="line_33"
                    TAGREFS="LT83"
                    BASELINE="186 1273 971 1270" 
                    HPOS="185"
                    VPOS="1245"
                    WIDTH="786"
                    HEIGHT="38">
            <Shape><Polygon POINTS="186 1273 186 1283 970 1280 971 1270 970 1252 936 1246 935 1246 909 1250 902 1245 901 1245 901 1245 900 1245 876 1250 801 1246 800 1246 778 1251 772 1253 726 1253 723 1251 716 1247 715 1247 714 1247 713 1247 712 1247 712 1247 706 1251 704 1253 660 1253 658 1251 652 1248 651 1248 651 1248 650 1248 649 1248 640 1251 636 1252 635 1251 628 1247 628 1247 627 1247 626 1247 625 1247 614 1251 610 1252 605 1251 586 1246 585 1246 584 1246 583 1246 565 1251 555 1253 528 1250 485 1247 484 1247 429 1250 401 1252 394 1250 383 1247 382 1247 381 1247 380 1247 372 1250 364 1254 340 1250 321 1248 320 1248 306 1250 286 1254 185 1250 186 1273"/></Shape>
	    <String CONTENT="co, empezó á martirizarla recordándola su baja estofa é insultán-"
                    HPOS="185"
                    VPOS="1245"
                    WIDTH="786"
                    HEIGHT="38"></String>
          </TextLine>

          
          
          <TextLine ID="line_34"
                    TAGREFS="LT83"
                    BASELINE="184 1305 971 1305" 
                    HPOS="184"
                    VPOS="1280"
                    WIDTH="787"
                    HEIGHT="40">
            <Shape><Polygon POINTS="184 1305 184 1320 970 1320 971 1305 969 1280 958 1286 952 1281 951 1281 950 1281 949 1281 917 1287 907 1280 906 1280 905 1280 904 1280 901 1280 873 1287 763 1287 755 1281 754 1280 753 1280 752 1280 751 1280 742 1281 714 1285 679 1281 664 1280 663 1280 662 1280 658 1281 639 1287 613 1287 603 1282 600 1280 599 1280 598 1280 598 1280 594 1282 582 1287 507 1287 500 1282 495 1280 494 1280 493 1280 401 1281 400 1281 397 1283 389 1287 374 1283 365 1280 364 1280 363 1280 363 1280 355 1283 341 1287 320 1283 314 1282 313 1282 312 1282 311 1282 310 1283 304 1287 273 1287 267 1283 265 1281 264 1281 263 1281 262 1281 261 1281 256 1283 246 1287 184 1284 184 1305"/></Shape>
	    <String CONTENT="dola sin miramientos de ninguna clase, diciéndola que era una mala"
                    HPOS="184"
                    VPOS="1280"
                    WIDTH="787"
                    HEIGHT="40"></String>
          </TextLine>

          
          
          <TextLine ID="line_35"
                    TAGREFS="LT83"
                    BASELINE="185 1339 969 1336" 
                    HPOS="184"
                    VPOS="1312"
                    WIDTH="785"
                    HEIGHT="41">
            <Shape><Polygon POINTS="185 1339 185 1348 291 1353 292 1353 293 1353 310 1348 315 1348 321 1348 343 1353 344 1353 385 1349 401 1348 412 1349 437 1353 438 1353 439 1353 449 1349 457 1347 565 1347 574 1349 580 1352 581 1352 582 1352 610 1350 652 1347 686 1350 704 1352 704 1352 705 1352 709 1350 719 1346 732 1350 734 1351 735 1351 735 1352 910 1352 910 1351 911 1351 928 1346 935 1351 936 1351 937 1351 938 1352 968 1352 969 1336 967 1317 941 1312 940 1312 939 1312 930 1317 927 1319 838 1319 833 1317 823 1312 822 1312 821 1312 820 1312 819 1312 814 1317 810 1319 789 1319 786 1317 780 1312 779 1312 778 1312 729 1312 728 1312 711 1317 698 1319 691 1317 688 1315 687 1315 686 1315 685 1315 682 1316 675 1320 613 1320 606 1316 600 1313 599 1313 598 1313 598 1313 597 1313 593 1316 587 1320 561 1320 550 1316 541 1313 540 1313 539 1313 525 1316 507 1319 500 1316 494 1313 493 1313 453 1313 452 1313 451 1313 450 1313 447 1316 439 1320 348 1315 324 1314 323 1314 322 1314 320 1315 310 1320 295 1315 292 1314 291 1314 290 1314 279 1315 223 1320 184 1315 185 1339"/></Shape>
	    <String CONTENT="mujer que había engañado al conde con sus hechicerías y que las"
                    HPOS="184"
                    VPOS="1312"
                    WIDTH="785"
                    HEIGHT="41"></String>
          </TextLine>

          
          
          <TextLine ID="line_36"
                    TAGREFS="LT83"
                    BASELINE="185 1372 970 1369" 
                    HPOS="184"
                    VPOS="1346"
                    WIDTH="786"
                    HEIGHT="39">
            <Shape><Polygon POINTS="185 1372 185 1383 353 1385 354 1385 376 1383 401 1380 405 1383 407 1385 408 1385 409 1385 409 1385 455 1385 455 1385 456 1385 462 1383 471 1380 492 1383 507 1385 507 1385 536 1383 588 1379 595 1383 597 1384 598 1384 598 1385 772 1385 772 1384 808 1383 914 1378 969 1382 970 1369 966 1347 957 1351 935 1347 932 1347 932 1347 924 1347 849 1351 838 1347 837 1347 836 1347 835 1347 834 1347 833 1347 826 1352 764 1352 756 1347 754 1346 753 1346 752 1346 687 1346 686 1346 685 1346 682 1348 673 1352 624 1352 607 1348 605 1347 604 1347 603 1347 598 1348 566 1353 539 1348 534 1347 533 1347 529 1348 506 1353 498 1348 497 1347 496 1347 495 1347 494 1347 481 1348 428 1352 398 1348 389 1347 388 1347 387 1347 386 1347 386 1348 374 1354 184 1348 185 1372"/></Shape>
	    <String CONTENT="había de pagar todas juntas. El viejo servidor del conde intervino"
                    HPOS="184"
                    VPOS="1346"
                    WIDTH="786"
                    HEIGHT="39"></String>
          </TextLine>

          
          
          <TextLine ID="line_37"
                    TAGREFS="LT83"
                    BASELINE="183 1405 969 1403" 
                    HPOS="182"
                    VPOS="1377"
                    WIDTH="787"
                    HEIGHT="41">
            <Shape><Polygon POINTS="183 1405 183 1414 401 1418 402 1418 442 1415 466 1414 477 1415 494 1418 495 1418 513 1415 528 1414 599 1416 644 1417 644 1417 656 1416 687 1413 699 1416 703 1417 704 1417 704 1417 705 1417 706 1417 707 1416 713 1413 754 1413 763 1416 765 1417 765 1417 766 1418 919 1418 919 1417 920 1417 943 1413 967 1417 969 1403 966 1378 931 1383 912 1378 908 1377 907 1377 838 1377 837 1377 836 1377 833 1378 824 1383 809 1378 803 1378 803 1378 802 1378 782 1379 749 1382 744 1379 742 1378 741 1378 740 1378 739 1378 717 1379 686 1383 674 1380 660 1377 659 1377 659 1377 658 1377 647 1380 639 1383 607 1381 571 1378 570 1378 569 1378 560 1381 553 1384 549 1381 544 1378 543 1378 542 1378 471 1378 470 1378 429 1383 417 1384 415 1383 404 1378 403 1378 378 1378 378 1378 377 1378 376 1378 368 1383 366 1385 272 1385 251 1385 238 1379 237 1379 236 1379 182 1385 183 1405"/></Shape>
	    <String CONTENT="muchas veces en favor de Adalmira y pudo contener los ímpetus de"
                    HPOS="182"
                    VPOS="1377"
                    WIDTH="787"
                    HEIGHT="41"></String>
          </TextLine>

          
          
          <TextLine ID="line_38"
                    TAGREFS="LT83"
                    BASELINE="182 1438 965 1435" 
                    HPOS="181"
                    VPOS="1414"
                    WIDTH="784"
                    HEIGHT="46">
            <Shape><Polygon POINTS="182 1438 182 1458 273 1453 293 1458 298 1460 299 1460 300 1460 301 1460 305 1458 318 1453 414 1452 458 1458 469 1459 469 1459 477 1458 510 1452 548 1458 559 1459 560 1459 560 1459 566 1458 592 1451 654 1451 687 1457 692 1458 693 1458 703 1457 751 1452 803 1457 807 1457 808 1457 812 1457 862 1452 879 1457 881 1457 882 1457 883 1457 965 1456 965 1435 962 1414 181 1416 182 1438"/></Shape>
	    <String CONTENT="la vieja, pero esta cada vez estaba más irritada contra su nuera, y"
                    HPOS="181"
                    VPOS="1414"
                    WIDTH="784"
                    HEIGHT="46"></String>
          </TextLine>

          
        </TextBlock>
        

        
      </PrintSpace>
    </Page>
  </Layout>
</alto>
