2149 3035
1435.0 141.0 141.0 84.0 — 6 —

832.0 204.0 441.0 66.0 estos hijos os encargo

832.0 250.0 610.0 71.0 que ya sin madre se hallan.—

832.0 295.0 547.0 66.0 Los infantes se enternecen

837.0 341.0 512.0 68.0 y amargamente lloraban;

840.0 386.0 473.0 64.0 y á su madre la decían:

835.0 429.0 511.0 66.0 —Madre mía de mi alma,

830.0 465.0 544.0 78.0 no os desconsoléis, señora,

832.0 521.0 582.0 58.0 que la Virgen nos ampara.—

837.0 558.0 448.0 64.0 Y postrada de rodillas

835.0 607.0 390.0 63.0 en oración elevada ,

830.0 649.0 496.0 66.0 siendo raudales sus ojos,

827.0 690.0 539.0 71.0 las fuertes prisiones baña,

832.0 735.0 474.0 71.0 y después de la oración,

827.0 784.0 605.0 65.0 de aquesta suerte exclamaba:

835.0 827.0 544.0 65.0 —Adiós, celestial princesa ,

830.0 870.0 572.0 68.0 que sois la Luz de la gracia,

827.0 910.0 577.0 78.0 fuente hermosa de piedades,

832.0 958.0 494.0 68.0 que misericordia manas,

827.0 999.0 436.0 70.0 intercede con tu Hijo

825.0 1047.0 546.0 68.0 se compadezca de mi alma,

835.0 1092.0 531.0 68.0 y que perdone mis culpas ,

827.0 1138.0 575.0 68.0 que conozco que son tantas,

832.0 1186.0 512.0 60.0 que como arenas del mar

827.0 1224.0 552.0 70.0 no es posible enumerarlas;

830.0 1267.0 422.0 63.0 pero tu misericordia

827.0 1317.0 489.0 53.0 jamás á nadie le falta.—

830.0 1358.0 468.0 65.0 Y dichas estas razones,

827.0 1396.0 471.0 68.0 la mazmorra se llenaba

827.0 1434.0 539.0 80.0 de un resplandor celestial;

825.0 1489.0 481.0 63.0 entre nubes de oriflama

822.0 1532.0 522.0 61.0 se apareció la gran Reina

832.0 1573.0 514.0 70.0 y á los niños se arrimaba,

830.0 1618.0 552.0 68.0 quebrantando las prisiones:

825.0 1661.0 567.0 71.0 sueltos los dos se quedaban,

822.0 1709.0 549.0 63.0 se arriman hacia su madre,

830.0 1752.0 539.0 66.0 y con muy dulces palabras

825.0 1785.0 463.0 73.0 la decían:—Madre mía,

825.0 1838.0 536.0 66.0 ¿conoces á quien te habla?

827.0 1884.0 567.0 78.0 Quedó la cristiana entonces

822.0 1927.0 436.0 65.0 del caso maravillada ,

832.0 1972.0 438.0 66.0 y postrada de rodillas,

820.0 2018.0 562.0 63.0 así ha dicho en voces altas;

832.0 2058.0 557.0 69.0 — ¡Dime quién eres, Señora,

820.0 2104.0 519.0 93.0 que tanta alegría causas !

1536.0 207.0 610.0 83.0 —Yo soy la Virgen del Carmen;

1516.0 260.0 425.0 68.0 devota mía, levanta ,

1518.0 308.0 600.0 68.0 que vengo por tus tres hijos ,

1518.0 349.0 562.0 73.0 para cuando á  Roma vayas;

1521.0 397.0 531.0 65.0 ves aquí al infante bueno ,

1516.0 440.0 521.0 58.0 todas sus heridas sanas.—

1516.0 483.0 516.0 68.0 En los brazos se lo pone ,

1516.0 521.0 498.0 73.0 y el pecho se destapaba,

1518.0 571.0 446.0 66.0 y dándole el alimento

1518.0 617.0 436.0 63.0 de puro gozo lloraba.

1518.0 660.0 423.0 63.0 Mirábale á la cabeza ,

1518.0 703.0 524.0 68.0 y viendo que sano estaba ,

1513.0 743.0 592.0 76.0 se admiró del gran prodigio ,

1513.0 791.0 456.0 68.0 y con alegría extraña ,

1511.0 837.0 473.0 63.0 á la Reina de los cielos

1511.0 885.0 554.0 60.0 de aquesta suerte le habla:

1521.0 930.0 587.0 61.0 —¿De dónde á mí tanto bien

1518.0 973.0 618.0 56.0 siendo yo tu indigna esclava?

1511.0 1014.0 498.0 65.0 ¿Cuándo merecí, Señora,

1516.0 1059.0 562.0 63.0 que esta visita me hagas?—

1518.0 1100.0 504.0 65.0 Y la respondió la Virgen

1511.0 1143.0 521.0 63.0 aquestas dulces palabras:

1528.0 1198.0 504.0 58.0 —Hija, tu gran devoción

1516.0 1231.0 496.0 66.0 hizo que mi amor bajara

1511.0 1279.0 592.0 66.0 desde el cielo hasta la tierra,

1511.0 1325.0 579.0 63.0 que amor con amor se paga.

1513.0 1370.0 625.0 64.0 Has de saber que este hombre

1513.0 1411.0 534.0 66.0 que á ti tanto te maltrata,

1513.0 1454.0 532.0 68.0 fué en tiempo devoto mío,

1513.0 1499.0 494.0 64.0 y no quiero que su alma

1513.0 1545.0 529.0 61.0 se pierda, y de su rescate

1518.0 1580.0 593.0 63.0 tú sola has de ser la causa.—

1511.0 1628.0 488.0 64.0 Con esto se despidieron

1511.0 1671.0 473.0 66.0 con amorosas palabras;

1518.0 1714.0 501.0 61.0 muy alegres los infantes,

1511.0 1762.0 572.0 61.0 con su madre se abrazaban.

1518.0 1808.0 628.0 58.0 —Quédate en paz, y no temas

1511.0 1848.0 534.0 71.0 el castigo que te aguarda ,

1513.0 1894.0 613.0 76.0 que has de salir con victoria ,

1516.0 1937.0 534.0 66.0 libre, sin dolencia y saña ;

1518.0 1985.0 456.0 61.0 después proclama la fe

1513.0 2025.0 590.0 61.0 de nuestra Iglesia romana—

1513.0 2068.0 517.0 66.0 Remontóse y tomo vuelo

1513.0 2119.0 476.0 96.0 aquella preciosa Garza,
