2150 3035
887.0 1244.0 473.0 111.0 SEGUNDA PARTE

548.0 1370.0 1139.0 69.0 en que se da fin á los sucesos y trabajos que padeció

809.0 1423.0 599.0 71.0 doña Francisca la Cautiva.

470.0 1570.0 476.0 89.0 Sagrada Virgen María,

432.0 1631.0 486.0 66.0 hija de Joaquín y Ana;

432.0 1679.0 450.0 66.0 hoy, Señora, necesito

432.0 1707.0 607.0 86.0 que me ayudes con tu gracia,

440.0 1767.0 513.0 69.0 porque mi turbada pluma

435.0 1815.0 533.0 64.0 dé finiquito á este drama .

435.0 1856.0 409.0 66.0 Ya dije  cómo quedó

435.0 1906.0 516.0 61.0 en consulta esta canalla ,

435.0 1947.0 473.0 63.0 pero todos convinieron

432.0 1977.0 524.0 74.0 en que muriese quemada.

432.0 2033.0 579.0 68.0 Mandó el renegado al punto

435.0 2081.0 564.0 63.0 que en el centro de la plaza

427.0 2121.0 536.0 74.0 encendiesen una hoguera

1118.0 1568.0 589.0 86.0 con presteza y sin tardanza ;

1118.0 1633.0 574.0 66.0 lo que en breve ejecutaron ,

1123.0 1676.0 561.0 64.0 pues que su amo lo manda.

1115.0 1719.0 425.0 61.0 Dejemos en su tarea

1120.0 1752.0 496.0 79.0 á estos bárbaros piratas,

1123.0 1808.0 422.0 61.0 y vamos á la cautiva

1120.0 1831.0 577.0 86.0 que entre prisiones estaba.

1120.0 1891.0 551.0 71.0 Mirando á sus hijos dice :

1123.0 1934.0 584.0 71.0 —¡Ay, hijos de mis entrañas,

1120.0 1982.0 483.0 66.0 si no fuera por vosotros,

1120.0 2023.0 478.0 71.0 mi pena no fuera tanta!

1125.0 2056.0 549.0 81.0 Y á Vos, Aurora impecable,

1118.0 2109.0 473.0 78.0 María, llena de gracia,
