2480 3507
1476.0 207.0 27.0 111.0 — 7 —

792.0 292.0 488.0 76.0 la más cándida azucena,

795.0 344.0 526.0 70.0 llevándose en su compaña

795.0 391.0 532.0 70.0 los tres hermosos infantes,

801.0 438.0 468.0 58.0 y dejando á la cristiana

795.0 473.0 427.0 76.0 fortalecida, de suerte

795.0 511.0 532.0 88.0 que ya no le teme á nada;

801.0 572.0 327.0 59.0 sólo desea morir

798.0 610.0 509.0 73.0 por defender la ley santa.

798.0 654.0 512.0 76.0 Prevenido ya el martirio,

795.0 701.0 418.0 70.0 el vil renegado baja,

804.0 736.0 471.0 82.0 y como la ha visto sola ,

798.0 789.0 564.0 64.0 con descompuestas palabras

798.0 829.0 643.0 79.0 dice:—¿En dónde están tus hijos?

813.0 882.0 543.0 61.0 ¿dónde se han ido, malvada?

798 920 564 76 Infame, ¿no me respondes?—

804.0 964.0 462.0 70.0 Pero la noble cristiana

807.0 1008.0 459.0 73.0 le dió relación de todo,

798 1052 468 64 diciéndole lo que pasa

830.0 1087.0 594.0 84.0 —Señor, la Virgen del Carmen

795.0 1142.0 556.0 70.0 se los llevó en su compaña,

807.0 1186.0 488.0 70.0 y el niño que tu mataste

810.0 1236.0 526.0 67.0 otra vez con vida se halla.

801.0 1277.0 392.0 61.0 Al oir estas razones

798 1303 602 88 se enciende en cólera y saña ,

815.0 1364.0 477.0 70.0 y alzando cruel la mano

798.0 1394.0 403.0 73.0 le pegó tal bofetada ,

804.0 1440.0 506.0 76.0 que la derribó en el suelo

798.0 1490.0 506.0 70.0 sin sentido y desmayada ;

804.0 1534.0 547.0 82.0 y después que volvió en sí ,

798.0 1583.0 389.0 65.0 afligida se levanta ,

801.0 1624.0 453.0 71.0 diciéndole:—Di, señor,

795.0 1668.0 600.0 65.0 dime:¿por qué me maltratas?

804.0 1712.0 567.0 73.0 ¿No preguntas por mis hijos

810 1759 482 61 y te digo lo que pasa?

810.0 1800.0 453.0 73.0 Segunda vez la golpea,

792 1844 547 67 diciendo:—Calla, malvada,

798 1890 556 70 que pues no has hecho caso

798.0 1940.0 459.0 64.0 de mí, serás castigada.

798.0 1981.0 474.0 64.0 De la mazmorra se sale,

804.0 2028.0 485.0 67.0 y á recias voces gritaba:

853.0 2072.0 433.0 67.0 —¡Acudid, criados míos,

795.0 2104.0 597.0 84.0 pues ya tenéis puerta franca;

798 2159 442 62 esto no tiene remedio;

804.0 2200.0 441.0 79.0 sacadla ya de mi icasa,

1494.0 289.0 556.0 85.0 porque es cosa que me irrita

1482 344 562 73 mujer que es tan obstinada;

1491.0 388.0 620.0 85.0 pues que no teme á la muerte ,

1488 441 491 70 ea, al castigo llevadla!—

1491 482 409 67 Al oir estas razones

1491.0 523.0 465.0 73.0 á la mazmorra bajaban

1485.0 569.0 489.0 71.0 como unos leones fieros ,

1488.0 616.0 515.0 73.0 sus ropas a desnudaban ,

1497.0 660.0 462.0 73.0 y dándola recios golpes

1485.0 704.0 503.0 67.0 á la vergüenza la sacan ;

1506.0 745.0 418.0 70.0 pero ella, enardecida ,

1479 783 500 76 a santa ley proclamaba

1465 832 579 76 de nuestro Dios Jesucristo ,

1485.0 873.0 579.0 85.0 Redentor de nuestras almas.

1491.0 926.0 453.0 67.0 Llegaron al sitio donde

1485.0 967.0 521.0 79.0 el incendio la aguardaba,

1488 1014 448 64 y crueles la arrojaron

1482 1052 506 79 eentre las voraces lamas.

1497.0 1104.0 392.0 67.0 Apenas hubo caído ,

1485.0 1131.0 506.0 81.0 el fuego activo se apaga ;

1482 1186 544 67 perdió sus ardientes luces

1482 1227 576 76 sin que el pelo la agraviara.

1488.0 1280.0 570.0 78.0 Mas viendo que queda viya ,

1476 1312 448 76 aquel alevoso manda

1485.0 1358.0 527.0 82.0 que de la trenza del pelo ,

1482 1408 474 62 á una reja la colgaran ;

1500 1449 491 82 y al instante los ejecutan

1482 1484 445 76 lleno de furor y saña.

1485.0 1534.0 480.0 79.0 De una reja la colgaron

1485 1583 474 71 y en ella se la dejaban,

1479 1624 497 65 adonde estuvo tres días

1482 1671 544 64 publicando en voces, altas

1479.0 1715.0 571.0 64.0 de Dios sus sacros misterios

1491.0 1765.0 442.0 64.0 y de la Igesia romana.

1482.0 1797.0 515.0 76.0 Mas viendo que no moría,

1482.0 1849.0 480.0 68.0 anda ideando mil trazas

1491.0 1899.0 456.0 59.0 por donde poder quitar

1488.0 1934.0 544.0 70.0 la ida á aquesta cristiana .

1485.0 1978.0 532.0 70.0 Mandó trajesen dos potros

1497.0 2028.0 535.0 70.0 y á sus colas la amarraran,

1506.0 2074.0 506.0 65.0 y que por las calles fueran

1479.0 2104.0 585.0 79.0 hasta que pedazos la hagan ;

1488.0 2162.0 474.0 64.0 y por si acaso no muere,

1485.0 2209.0 509.0 70.0 que a maten á pedradas.
