1753 2480
74.0 57.0 527.0 64.0 si tardo un poch á vestirme ,

74.0 95.0 504.0 74.0 si es que llesta no m' llevo,

74.0 157.0 451.0 60.0 Perque passo moltas nits

74.0 198.0 533.0 74.0 sens fer un aguller de feyna,

68.0 243.0 382.0 64.0 ja la sentiréu cridar

70.0 287.0 616.0 78.0 ab grans crits dihent : Ah fleuma;

68.0 351.0 469.0 52.0 may te acabas de vestir ;

72.0 400.0 558.0 62.0 per molt quem vestesca llesta.

70.0 442.0 515.0 60.0 Després de estar ja llevada,

70.0 489.0 438.0 69.0 la criatura me entrega,

72.0 539.0 494.0 72.0 y gronxantla en lo bressol,

72.0 595.0 453.0 62.0 passo fins quel dia entra

70.0 636.0 502.0 70.0 per las cletxas dels portals

70.0 688.0 494.0 64.0 y espiralls de las finestras.

72.0 744.0 566.0 64.0 Encench foch , si es es hivern ;

70.0 783.0 510.0 62.0 y si es estiu ab gran pressa

68.0 830.0 504.0 66.0 men vaig á cercar la carn ;

68.0 876.0 475.0 72.0 peró lo dia magre fentne,

66.0 932.0 434.0 64.0 compro tot lo menester ,

70.0 973.0 570.0 66.0 peix , enciam , salsas y pebre,

70.0 1025.0 616.0 82.0 y en son temps compro escarola,

72.0 1078.0 417.0 66.0 y altras cosas caseras,

68.0 1118.0 500.0 74.0 las que se han de menester

68.0 1169.0 438.0 60.0 y se necessita de ellas :

66.0 1217.0 475.0 70.0 luego poso l' olla al foch,

66.0 1271.0 477.0 66.0 lo platillo y altras eynas ;

66.0 1322.0 485.0 60.0 ab la criatura als brassos

68.0 1370.0 465.0 62.0 he de fer totas las feynas.

68.0 1421.0 510.0 60.0 Quant arreglat lo esmorsar ,

66.0 1463.0 529.0 66.0 quedo de estas feynas llesta,

68.0 1519.0 525.0 59.0 baixa ab molt gran senyorío

66.0 1562.0 457.0 60.0 la bona de la mestressa,

66.0 1614.0 492.0 60.0 las gracias men va donant

66.0 1657.0 521.0 68.0 ab paraulas que molt pesan,

66.0 1715.0 409.0 52.0 renyant continuament

68.0 1760.0 494.0 58.0 que las vehinas ho sentan.

66.0 1802.0 459.0 72.0 Ja veyen que feyna fas ;

66.0 1853.0 620.0 66.0 jo no entench de lo ques queixan ;

64.0 1901.0 572.0 70.0 crech que pensan som esclavas;

64.0 1953.0 467.0 59.0 jo no sé lo que pretenan.

66.0 1998.0 496.0 58.0 ¿ No he de tenir sentiment,

62.0 2050.0 525.0 66.0 que sent lo descans de ellas,

64.0 2097.0 430.0 66.0 no oygam una paraula

62.0 2147.0 533.0 58.0 dita ab amor? es gran pena.

62.0 2190.0 471.0 73.0 Mes al instant respongué

66.0 2246.0 423.0 87.0 la bona de la Marieta :

975.0 57.0 455.0 67.0 Es just lo teu sentiment ;

977.0 115.0 461.0 52.0 peró escoltau ma queixa.

977.0 161.0 461.0 53.0 Jo servesch en una casa,

973.0 206.0 515.0 62.0 que té un geni la mestressa

973.0 256.0 465.0 58.0 molt contrari de la teva ;

977.0 305.0 439.0 56.0 peró jo passo ma pena,

975.0 347.0 529.0 68.0 que tot lo dia está renyanta ;

973.0 405.0 552.0 66.0 encara que ab molta fleuma ;

979.0 444.0 437.0 62.0 y per ser beata ó santa,

975.0 496.0 418.0 66.0 es gelosa que reventa;

975.0 541.0 482.0 62.0 sempre pensa lo mes mal ;

977.0 589.0 449.0 70.0 jo en forat ni en finestra

975.0 642.0 434.0 58.0 no só senyora de eixir,

975.0 684.0 469.0 74.0 ademés que ella ho veja,

975.0 735.0 478.0 66.0 que luego tinch de sentir,

975.0 785.0 521.0 58.0 que no es cosa de donsellas,

973.0 832.0 376.0 69.0 sinó estar recatadas,

973.0 878.0 550.0 68.0 dihentme ques volen pérdrer ;

977.0 934.0 381.0 66.0 y es tanta la gelosía,

975.0 979.0 552.0 70.0 que sempre me busca excusas

975.0 1033.0 503.0 62.0 perque no vaja á comprar,

975.0 1072.0 405.0 70.0 ni menos á la taberna

975.0 1130.0 325.0 56.0 á cercar oli ni vi,

973.0 1173.0 449.0 71.0 ni lo que se m'oferesca.

977.0 1221.0 527.0 64.0 Ara en quant á anar pulida,

979.0 1277.0 490.0 58.0 Deu vos guart si ella veya

973.0 1322.0 496.0 62.0 que portés lo front lluhent,

973.0 1364.0 445.0 64.0 las faldillas ab tabellas ,

971.0 1413.0 428.0 77.0 lo devantal ben plegat,

975.0 1471.0 410.0 60.0 y sabatas ab civellas ;

977.0 1512.0 368.0 62.0 luego me faria patá

975.0 1558.0 519.0 68.0 que axó es cosa de rameras.

975.0 1609.0 509.0 58.0 No puch dir res als fadrins

973.0 1663.0 461.0 66.0 ni de burlas ni de veras,

973.0 1713.0 449.0 54.0 ni menos als aprenents ;

975.0 1752.0 505.0 68.0 ¿se pot estar mes subjecta?

975.0 1808.0 567.0 89.0 Ay Den men guart , respongué

971.0 1855.0 416.0 67.0 la que se deya Beleta,

973.0 1901.0 492.0 64.0 no hi estaria en tals casas,

971.0 1950.0 536.0 62.0 encara que de or me fessan :

971.0 2000.0 461.0 56.0 axó es ho pera sas fillas :

973.0 2046.0 449.0 62.0 peró las criadas de ellas

973.0 2093.0 565.0 64.0 no han de estar tan oprimidas,

971.0 2153.0 407.0 58.0 ademés desta manera:

973.0 2192.0 414.0 68.0 no hi estaria una hora

971.0 2240.0 411.0 97.0 ab tals paternostreras,
