1860 2629
668.0 1384.0 433.0 107.0 CONVERSACIÓ

335.0 1483.0 1103.0 125.0 EN QUE SIS CRIADAS

405.0 1586.0 961.0 116.0 TREYAN A  VENAL LA CONDICIÓ DE SAS MESTRESSAS.

171.0 1717.0 377.0 64.0 Un dia estant retirat

125.0 1768.0 467.0 67.0 en una part molt secreta,

120.0 1816.0 412.0 68.0 sens serne vist ni ohit,

122.0 1862.0 378.0 63.0 escoltí una conversa

120.0 1910.0 445.0 66.0 de un cónclave de junta

125.0 1962.0 397.0 68.0 de criadas diferentas:

122.0 2008.0 468.0 73.0 totas se estavan queixant,

122.0 2059.0 533.0 72.0 quiscuna en campanya treya

122.0 2098.0 437.0 79.0 lo que li estava passant

122.0 2149.0 437.0 83.0 en casa de la mestressa,

125.0 2203.0 394.0 73.0 y las raras condicions

122.0 2249.0 514.0 71.0 que unas y altras sufreixan,

122.0 2295.0 435.0 79.0 Lo cónclave era de sis :

120.0 2342.0 369.0 72.0 una se diu Marieta ,

114.0 2398.0 486.0 73.0 dos Antonia y Margarida ;

120.0 2438.0 441.0 96.0 la quarta se din Elena ;

1017.0 1735.0 450.0 63.0 Rosa té l' altra per nom,

1013.0 1774.0 357.0 64.0 y la sisena Beleta :

1011.0 1833.0 432.0 59.0 jo no tinguí millor rato

1011.0 1881.0 462.0 62.0 que sentir tal tratagema :

1015.0 1925.0 384.0 64.0 axí comensá la Rosa

1006.0 1969.0 470.0 68.0 á introduhir la conversa.

1015.0 2019.0 461.0 71.0 Filletas , vos vull contar,

1015.0 2068.0 428.0 70.0 procurau estar atentas ,

1011.0 2122.0 451.0 66.0 y sabréu lo que jo passo

1006.0 2171.0 452.0 57.0 en casa de la mestressa :

1008.0 2219.0 538.0 70.0 advertint que antes de dirho ,

1011.0 2260.0 467.0 73.0 vos vull explicar la feyna

1011.0 2322.0 412.0 63.0 que tots los dias jo fas

1006.0 2368.0 446.0 61.0 en casa de la mestressa.

1008.0 2414.0 441.0 57.0 Al matí avans las cinch

1008.0 2458.0 492.0 114.0 he de saltar del Ilit Ilesta :
