1707 2309
221 117 650 96 "que diere contra mí el malva-

219 209 652 62 "do Achitophel, que aunque él

221 248 650 65 "es bien entendido, quizá le

217 300 654 63 "vencerá tu entendimiento, pues

219 346 652 56 "tú obras con justicia, y él o-

221 396 417 56 "brará contra razon."

267 436 602 62 Mucho le sirvió esto á Da-

221 479 648 63 vid, porque Chusai se volvió lue-

219 529 650 67 go con su muger á Jerusalem,

219 577 650 65 antes que Absalon entrase en ella.

217 627 652 58 Hízose mucho con él, y aun-

217 669 652 69 que á los principios procedió sos-

223 717 646 66 pechoso, porque bien sabia, que

213 765 656 66 era fiel vasallo de su padre, su-

225 819 644 60 po despues hacerle tan suyo,

213 860 656 65 que le constituyó su Consiliario.

219 917 647 50 Asistía á las juntas, y determi-

219 954 639 65 naciones que se tomaban, y

221 1008 646 59 procuraba oponerse á los conse-

223 1056 644 56 jos que daba Achitophel, de tal

215 1094 652 58 manera, que aunque los abraza-

213 1139 654 61 ba el nuevo Rey, luego que sa-

213 1183 654 63 lian de su boca, al punto que

211 1231 656 62 daba el suyo Chusai, mudaba de

221 1279 646 71 parecer, y abrazaba este. Al mis-

211 1327 653 60 mo tiempo daba aviso á David

211 1373 653 66 de todo lo que acontecía, y las

215 1421 649 64 determinaciones que se ordena-

215 1468 649 67 ban contra él, para que se

230 1522 177 63 guardase.

269 1562 593 65 Proseguía David con su gen-

215 1608 652 58 te la huida : dirigia su camino

217 1656 650 62 por la ladera del Monte hácia la

215 1700 649 62 Ciudad de Bahurin, cuyos Ciu-

217 1745 645 63 dadanos fueron tan groseros,

217 1795 647 65 que viendo pasar á su Rey de

217 1843 635 65 aquella suerte, no dieron la me-

221 1889 643 58 nor muestra de alojarle, ni sacar-

219 1935 635 64 le un refresco. Eran de la paren-

219 1983 637 62 tela de Saul, y en esto manifes-

217 2029 652 95 taron el odio que le tenian á Da-

898 130 631 79 vid. Quien mas mostró su enco

898 202 641 61 no fué un Ciudadano, llamado

898 248 639 56 Semey, que desde un risco les

898 294 639 60 empezó á apedrear, y decir á

898 342 637 56 David mil injurias. Decía : Va-

891 382 648 74 ya, vaya el sanguinolento,y el ma-

891 431 646 65 tador de buenos, el usurpador de

891 475 644 69 la Corona, que ya le ha dado Dios

891 525 648 63 el pago de lo que ha hecho con la

891 575 646 59 casa de Saul, permitiendo, que su

891 623 642 62 hijo le quite el Reyno, y le arro-

891 667 642 69 je de su Corte : castigos son me-

891 717 646 66 recidos, y males bien empleados.

891 765 646 62 Vaya, vaya, y pague lo que debe.

891 811 637 66 En vez pues de irritarse el san-

891 856 644 69 to Rey, y mandar á algunos de

887 904 644 63 sus soldados fuesen á matarle,

887 950 644 65 pues no faltó quien quiso ha-

887 1000 644 56 cerlo, el mismo David le detu-

887 1042 639 66 vo, diciéndole : Sosegaos Abisay,

887 1091 644 69 y dexad á Semey, que me maldiga,

887 1137 644 69 y me cargue de afrentas; que pues

887 1179 646 67 él se atreve, y lo hace, creed que

887 1237 646 52 no es acaso, sino que Dior se lo

887 1275 644 66 manda, en castigo de mis cnlpas.

887 1323 644 62 ¡O qué razones tan santas! ¡Y ó

887 1371 642 58 que exemplo tan divino! Quan-

887 1414 646 61 do sucede el trabajo , quando

887 1468 642 57 viene la afrenta, la desdicha, la

892 1510 636 62 desgracia, no airarse ni eno-

891 1556 638 71 jarse con los que son instrumen-

891 1604 642 60 tos, sino ojear el libro de la

891 1649 638 67 memoria, y ver si hay culpas,

891 1697 637 59 que merezcan tales males, y su-

891 1743 633 65 frirlos con paciencia por casti-

891 1797 631 61 gos, sacrificarlos á Dios, y es-

894 1847 635 57 perar en su bondad el vencimien-

892 1885 637 66 to, como le sucedió á David,

892 1933 343 66 que lo consigue.

937 1983 596 58 Oponiase Chusai á todos los

892 2033 632 95 consejos que el infame Achito-
