1717 2349
227.0 185.0 645.0 47.0 la cerviz del dominio Judaico.

225.0 223.0 647.0 57.0 Mas á todos los volvió á domar,

229.0 266.0 338.0 62.0 y sujetar David.

275.0 313.0 593.0 56.0 Todo ya quieto, y subordi-

225.0 368.0 651.0 49.0 nado á su Imperio, se quiso

221.0 407.0 654.0 62.0 David dar al descanso : encar-

225.0 452.0 650.0 64.0 gando solo á Joab el cerco de

223.0 499.0 652.0 68.0 Raab, plaza fuerte de los Amo-

224.0 550.0 658.0 59.0 nitas, se quedó en Jerusalem

225.0 596.0 653.0 60.0 gozando los deliciosos regalos

225.0 645.0 657.0 61.0 de la Corte. Quando un dia ha-

227.0 691.0 649.0 60.0 biendo subido á unos miradores,

225.0 739.0 653.0 60.0 para recrear la vista, alcanzó á

232.0 792.0 647.0 55.0 ver á la hermosa Bersabé, prin-

229.0 837.0 650.0 51.0 cipal, é ilustre muger de Urías,

225.0 886.0 654.0 57.0 que se estaba bañando en una

227.0 927.0 651.0 62.0 fuente de sus jardines. Miróla

228.0 976.0 652.0 57.0 David atento, y dexóse vencer

225.0 1021.0 654.0 61.0 amante. Llamóla á su Palacio:

225.0 1068.0 654.0 55.0 atráxola con cariños, y ella ce-

225.0 1115.0 654.0 61.0 dió á sus amores, viendose que-

225.0 1158.0 654.0 61.0 rida, y agasajada de un Rey,

231.0 1207.0 648.0 65.0 y su marido ausente. Proseguía

225.0 1259.0 648.0 53.0 estimada en grande manera de

225.0 1305.0 657.0 61.0 David, y ya advirtiéndose pre-

227.0 1349.0 650.0 59.0 ñada, dió parte á David de lo

227.0 1400.0 647.0 58.0 que la acontecía. Trazó éste co-

227.0 1452.0 650.0 53.0 mo hacer venir á la Corte á

225.0 1489.0 652.0 59.0 Urías, que estaba con Joab so-

225.0 1538.0 652.0 65.0 bre el cerco de Raab para disi-

225.0 1590.0 442.0 56.0 mular asi su exceso.

274.0 1634.0 603.0 55.0 Vino Urías luego, y se fue

227.0 1677.0 650.0 63.0 derecho, sin entrar en su casa,

228.0 1727.0 658.0 54.0 á presentarse á su Rey. Recibió-

227.0 1773.0 659.0 61.0 le éste con muchísima benigni-

225.0 1818.0 661.0 67.0 dad, y gusto: empezóle á pregun-

231.0 1875.0 655.0 53.0 tar el estado del sitio, y despues le

227.0 1912.0 659.0 67.0 dixo se fuese á descansar, que

227.0 1961.0 659.0 65.0 tiempo tendrian de hablar mas

229.0 2006.0 657.0 59.0 despacio, que no era razon di-

234.0 2053.0 652.0 86.0 latarle mas á su muger el gus-

903.0 167.0 649.0 67.0 to que tendría de verle. Urías

904.0 221.0 645.0 55.0 hizo punto no ir á su casa, no

904.0 262.0 644.0 66.0 pareciendole bien, que estando

904.0 309.0 642.0 59.0 su Capitan en Campaña, go-

906.0 358.0 644.0 58.0 zase él del nupcial lecho ; y asi

904.0 401.0 644.0 62.0 se quedó á dormir aquella no-

906.0 452.0 646.0 60.0 che en los zaguanes del Pala-

904.0 497.0 646.0 64.0 cio con sus soldados. Supo Da-

902.0 546.0 649.0 63.0 vid al dia siguiente que Urías

903.0 596.0 650.0 53.0 no habia ido á dormir á su ca-

907.0 643.0 650.0 59.0 sa, lo que le dió cuidado, si

907.0 690.0 648.0 59.0 habia sospechado alguna cosa:

903.0 736.0 654.0 61.0 pero informado del motivo, se

908.0 784.0 644.0 55.0 sosegó algun tanto, echandolo

906.0 829.0 644.0 59.0 á celo pundonoroso, y capri-

908.0 876.0 650.0 59.0 cho de Soldado. Prosiguió Urías

906.0 925.0 648.0 65.0 las demás noches del mismo mo-

904.0 970.0 650.0 59.0 do, temeroso, y se estrecha-

906.0 1017.0 648.0 63.0 ron mas los cuidados de David;

906.0 1070.0 646.0 55.0 mas despechado le volvió á en-

904.0 1111.0 650.0 57.0 viar al exército con una carta

904.0 1154.0 646.0 73.0 para Joab su General, que de-

906.0 1213.0 415.0 61.0 cia de esta manera:

918 1289 636 81 CARTA DE DA VID

1091 1351 283 61 contra Urías.

936.0 1447.0 621.0 57.0 A mi servicio importa, que

908.0 1487.0 652.0 71.0 pongais á Urías, que es el por-

910.0 1538.0 650.0 61.0 tador de ésta, en lo mas peligroso

908.0 1581.0 648.0 65.0 de la batalla, donde sin ser so-

908.0 1636.0 648.0 55.0 corrido, acabe la vida. No os digo

910.0 1679.0 577.0 57.0 mas. Dios os guarde. El Rey.

945.0 1729.0 612.0 60.0 Cerró el Rey la carta, y se-

914.0 1771.0 646.0 67.0 llada con su Real sello se la dió

912.0 1820.0 646.0 59.0 á Urías, y éste se la entregó á

912.0 1867.0 648.0 67.0 Joab. Leyóla, pues, y puso en

912.0 1918.0 642.0 55.0 practica lo que David le decía.

912.0 1959.0 640.0 68.0 Dispuesto ya el dia del asalto,

912.0 2016.0 642.0 58.0 puso Joab al inocente Urías

912.0 2061.0 640.0 76.0 en la parte que consideró mas
