1714 2322
1433.0 68.0 60.0 88.0 27

166.0 123.0 651.0 78.0 tigo asistir en las exequias del

166.0 178.0 651.0 61.0 que mató temerario, y dexando

168.0 228.0 649.0 64.0 para otro tiempo el castigo me-

166.0 272.0 651.0 70.0 recido. El mismo David fué de-

166.0 328.0 651.0 59.0 trás del atahud, cubierto tam-

167.0 374.0 647.0 58.0 bien de luto : sobre el sepulcro

169.0 421.0 649.0 60.0 hizo un copioso llanto : en todo

166.0 464.0 651.0 66.0 aquel dia no comió bocado algu-

167.0 514.0 651.0 62.0 no ; demostraciones todas que

171.0 563.0 617.0 57.0 dieron á conocer su inocencia.

213.0 607.0 608.0 64.0 Llegó esta infausta noticia

170.0 654.0 651.0 58.0 luego á Isboset, que ignorando

166.0 710.0 655.0 56.0 los tratos que traía con David

166.0 754.0 647.0 54.0 Abner, y como General diestro

166.0 797.0 647.0 64.0 que era de sus armas, se dió

170.0 839.0 643.0 68.0 por perdido. Juntó los de su

166.0 886.0 647.0 62.0 Consejo, y nombró por Capita-

166.0 938.0 647.0 62.0 nes del Exército á Recab, y á

166.0 990.0 647.0 58.0 Bannaa, hombres valerosos, y

166.0 1029.0 647.0 68.0 de su mismo linage de Benja-

164.0 1075.0 649.0 68.0 min. Procedieron como ingratos,

166.0 1124.0 647.0 67.0 pues desde que tomaron el bas-

166.0 1180.0 647.0 58.0 ton se hicieron traydores. Es el

168.0 1224.0 645.0 55.0 caso que habia quedado un hi-

162.0 1265.0 651.0 70.0 jo del Principe Jonatás, llama-

168.0 1323.0 647.0 50.0 do Miphiboseth, sobrino de Is-

168.0 1362.0 647.0 66.0 boset : tocábale de derecho el

168.0 1410.0 647.0 62.0 Reyno, como á hijo de hermano

162.0 1455.0 653.0 60.0 mayor, por inhabil, é impedi-

168.0 1507.0 585.0 62.0 do, pues era cojo de ambos p

164.0 1553.0 651.0 64.0 porque la ama que le criaba,

166.0 1607.0 649.0 51.0 cayó con él por descuido, pa-

164.0 1646.0 651.0 62.0 só Abner la investidura á Isbo-

164.0 1693.0 651.0 58.0 set. Considerando Recab, y Ban-

164.0 1737.0 651.0 66.0 naa, que dándole la Corona á

166.0 1786.0 649.0 67.0 Miphiboseth, serían ellos Seño-

162.0 1834.0 653.0 62.0 res del Rey, y del Reyno, tra-

166.0 1888.0 649.0 50.0 taron de dar la muerte á lsbo-

168.0 1927.0 647.0 67.0 set. ¡Buen pago sobre haberles

168.0 1973.0 331.0 56.0 dado el mando!

218.0 2018.0 597.0 100.0 Comunicaron su intento con

840.0 119.0 651.0 72.0 el mismo Miphiboseth, juzgan-

842.0 191.0 647.0 54.0 do que la dulzura del reynar

840.0 226.0 649.0 66.0 levantaría su espíritu para abra-

842.0 274.0 647.0 60.0 zar qualquier medio ; pero an-

840.0 323.0 649.0 64.0 duvo el joven mas atento, y mas

844.0 376.0 641.0 57.0 leal, pues despues de revelarlo,

840.0 421.0 645.0 60.0 descubrió al tio estos designios,

840.0 464.0 647.0 64.0 y antes de echar la mano á los

846.0 520.0 639.0 54.0 traydores se pusieron en salvo.

844.0 561.0 645.0 64.0 Permanecieron retirados algun

844.0 611.0 647.0 56.0 tiempo en Gethain, y cavando

846.0 652.0 641.0 62.0 siempre en sus dañados intentos,

844.0 700.0 647.0 60.0 trataron de proseguir con sus

844.0 752.0 649.0 56.0 trayciones, que era dar muerte

844.0 797.0 649.0 58.0 á Isboset, tirando ya en esto á

844.0 839.0 643.0 66.0 congraciarse con David, y pe-

844.0 892.0 649.0 61.0 dirle mercedes. Disfrazaronse de

844.0 934.0 651.0 60.0 segadores, y sabiendo que Is-

844.0 988.0 649.0 60.0 boset se hallaba en una Granja,

844.0 1033.0 651.0 54.0 recogiendo sus granos, entra-

844.0 1081.0 649.0 58.0 ron en ella, á hora oculta, y en-

844.0 1130.0 647.0 56.0 contrando al Rey durmiendo, y

844.0 1174.0 649.0 60.0 solo, le cosieron á puñaladas.

846.0 1226.0 651.0 56.0 Cortaronle la cabeza, y con

844.0 1273.0 651.0 56.0 ella se fueron á presentarsela á

848.0 1317.0 647.0 58.0 David, adulándole, y diciendo:

848.0 1362.0 647.0 67.0 Ya tiene aqui V. Magestad la

846.0 1406.0 649.0 68.0 cabeza de su enemigo con que

846.0 1466.0 649.0 54.0 sin oposicion ni embarazo em-

918.0 1501.0 575.0 68.0 ará el Cetro. Apartó David

846.0 1559.0 651.0 58.0 el rostro del espectaculo, y lan-

849.0 1604.0 650.0 54.0 zando de lo íntimo del alma un

846.0 1644.0 651.0 64.0 lastimado suspiro, les habló de

846.0 1695.0 654.0 63.0 esta suerte : Vive el Señor, que

846.0 1745.0 654.0 56.0 es quien me ha librado de tantos

848.0 1787.0 654.0 60.0 males, y angustias, que mere-

846.0 1836.0 658.0 56.0 ceis la muerte, por haber qui-

848.0 1890.0 654.0 58.0 tado la vida alevosamene á un

846.0 1927.0 660.0 69.0 Rey inocente. Ola (dixo á su guar-

852.0 1977.0 650.0 60.0 dia) llevadme de aqui á estos hom-

846.0 2027.0 658.0 93.0 bres, y paguen con las vidas su
