1709 2379
240.0 122.0 44.0 70.0 40

237.0 190.0 641.0 51.0 un copioso exército de las doce

239.0 227.0 165.0 63.0 Tribus.

280.0 270.0 605.0 68.0 Luego que David hubo junta-

235.0 325.0 650.0 58.0 do el mayor trozo de gente, que

237.0 370.0 649.0 60.0 pudo agenciar su diligencia, no

237.0 414.0 649.0 59.0 quiso esperar en Manain á Ab-

239.0 463.0 643.0 62.0 salon, que ya venía contra él.

243.0 515.0 643.0 61.0 Sacó todas sus gentes á campaña,

235.0 557.0 653.0 60.0 no dexando en la Ciudad, sino

235.0 610.0 651.0 56.0 viejos, mugeres, y niños. Orde-

233.0 648.0 653.0 67.0 nólos grandemente, aunque po-

233.0 695.0 653.0 68.0 cos, y no tantos como los que

233.0 741.0 653.0 67.0 traía Absalon, dividiendo todo

235.0 794.0 657.0 59.0 su exército en tres trozos. Uno

233.0 842.0 655.0 62.0 encargó á Joab, para que llevan-

237.0 882.0 651.0 67.0 do la delantera, fuese pavor al

235.0 934.0 654.0 54.0 enemigo : el otro á su hermano

237.0 983.0 651.0 61.0 Abisay, joven osado, y valien-

236.0 1029.0 652.0 58.0 te; y la retaguardia encomendó

233.0 1073.0 655.0 62.0 á Ethay Getheo, aquel noble ex-

235.0 1122.0 646.0 62.0 trangero, y fiel amigo, de quien

236.0 1169.0 648.0 61.0 ya hablamos, por premiarle la

236.0 1214.0 650.0 58.0 fidelidad con que salió á asistirle.

235.0 1258.0 649.0 66.0 Ya ordenado así el campo, dixo.

235.0 1309.0 650.0 65.0 David en alta voz : "Ea solda-

236.0 1358.0 645.0 56.0 "dos, y Capitanes mios, yo voy

233.0 1403.0 649.0 61.0 "por vuestro General, cobrad

232.0 1449.0 661.0 59.0 "ánimo, y aliento, que aun me

235.0 1498.0 649.0 61.0 "asisten brios para manejar las

235.0 1540.0 641.0 67.0 "armas, é ir á defenderos. A mo-

233.0 1595.0 645.0 58.0 "rir ó vencer voy con vosotros,

233.0 1641.0 639.0 63.0 "no hay sino buen corazon, y

233.0 1687.0 651.0 60.0 "pecho á la fortuna?" Todo el

233.0 1734.0 655.0 55.0 campo se hizo á una voz, no

235.0 1782.0 649.0 65.0 permitiendo, que su Rey salie-

237.0 1830.0 647.0 59.0 se á campaña, por no perderle,

240.0 1886.0 652.0 46.0 y tener siempre ese asilo, aunque

235.0 1917.0 655.0 61.0 la fortuna fuese adversa. "V. Ma-

237.0 1964.0 645.0 68.0 "gestad quedese en la Ciudad,

241.0 2018.0 641.0 59.0 "decían, y encomiendenos á Dios,

237.0 2065.0 645.0 78.0 "que nos hará mas al caso.'' De-

913.0 154.0 639.0 85.0 xóse vencer David de los ruegos,

921.0 227.0 637.0 57.0 y razones de los suyos, y dió á

915.0 274.0 644.0 63.0 Joab el baston de General. Al

909.0 319.0 648.0 62.0 comenzar ya á marchar, y dar-

911.0 364.0 641.0 62.0 les la bendicion, habló el pia-

913.0 412.0 643.0 57.0 doso Rey á Toab, y demás Ca-

919.0 465.0 631.0 58.0 pitanes, y en voz que todos lo

917.0 513.0 635.0 57.0 oyesen, les dixo : ''Una cosa os

910.0 564.0 8.0 44.0 "encarga mi amor, y es, que

915.0 600.0 641.0 62.0 "aquel rapaz de Absalon, no me

915.0 644.0 639.0 61.0 "le toqueis, ni le hagais ninguna

910.0 699.0 644.0 58.0 "ofensa: guardad, pues, su vida,

910.0 743.0 487.0 57.0 "y hacedme este gusto."

952.0 786.0 606.0 59.0 En los bosques tan nombra-

915.0 830.0 637.0 68.0 dos de Efrain se afrontaron uno,

915.0 888.0 641.0 59.0 y otro exército. A las faldas pues

915.0 927.0 639.0 64.0 del bosque, en medio de unas

915.0 971.0 637.0 65.0 cañadas, y llanuras, se trabó la

913.0 1022.0 639.0 68.0 batalla, que fué muy sagrienta,

915.0 1072.0 633.0 63.0 y á los principios muy dudosa;

914.0 1119.0 643.0 62.0 porque aunque los de David pe-

911.0 1165.0 643.0 61.0 leaban mas osados, y valientes,

911.0 1217.0 645.0 53.0 como la parte de Absalon era mas

910.0 1264.0 646.0 60.0 gruesa, daba bien en que enten-

911.0 1308.0 645.0 61.0 der á toda la valentía. Pero en

909.0 1352.0 651.0 62.0 fin pudo mas la justicia que la re-

911.0 1400.0 648.0 55.0 beldía ; empezando ésta á fla-

909.0 1449.0 650.0 62.0 quear, comenzaron á huir hácia

908.0 1496.0 650.0 62.0 la maleza del monte, donde tu-

908.0 1546.0 646.0 59.0 vieron poca dicha ; pues en lu-

906.0 1591.0 653.0 58.0 gar de asilo, daban con la muer-

909.0 1636.0 648.0 63.0 te, ya en aquellos espantosos fo-

906.0 1686.0 648.0 59.0 sos, que sirven de albergue á in-

906.0 1732.0 656.0 62.0 numerables fieras, que luego al

913.0 1778.0 643.0 61.0 punto los despedazaban; y ya de

917.0 1829.0 387.0 66.0 los que les seguian.

949.0 1874.0 609.0 60.0 Quando vió el infeliz Infante

913.0 1926.0 643.0 60.0 desbaratado su campo, montó

917.0 1964.0 637.0 68.0 en un bruto ligero, y echó á huir

917.0 2016.0 635.0 65.0 por el monte con suma celeridad.

915.0 2065.0 637.0 74.0 Llevaba esparcida, al aire la me-
