1696 2362
1426.0 145.0 45.0 21.0 35

152.0 148.0 644.0 59.0 le publica, ó un garrote secreto,

152.0 194.0 646.0 61.0 que le quitare la vida de una vez,

150.0 242.0 649.0 63.0 y no tan á la larga le diese tantas

147.0 285.0 648.0 59.0 muertes.Contóle al Rey, muy las-

149.0 330.0 646.0 61.0 timado Joab, lo que el Infante

149.0 379.0 646.0 65.0 le habia dicho, y convencido

153.0 429.0 642.0 59.0 David, mandó llamar á Absa-

154.0 478.0 641.0 62.0 lon, que puesto á su presencia,

150.0 524.0 641.0 62.0 echándose á sus pies, le pidió

149.0 570.0 647.0 62.0 con mucha humildad perdon de

149.0 620.0 647.0 59.0 sus culpas. Levantóle el padre

149.0 666.0 642.0 59.0 entre sus brazos, y besándole en

149.0 716.0 646.0 58.0 el rostro, en señal de paz, y

148.0 761.0 643.0 55.0 amor, le absolvió de su delito.

189.0 808.0 601.0 58.0 Concluidos estos disturbios,

151.0 860.0 642.0 59.0 luego ocurrieron otros al buen

145.0 897.0 648.0 69.0 David, pues así hijos, como

145.0 944.0 648.0 71.0 privados, le comenzaron á ha-

143.0 1003.0 650.0 57.0 cer guerra, y á dar muchas pe-

145.0 1041.0 648.0 61.0 sadumbres. Bien se lo pronosticó

145.0 1088.0 648.0 67.0 el Profeta Natan, en castigo de

145.0 1141.0 650.0 57.0 la ofensa que hizo á su Dios.

143.0 1181.0 652.0 68.0 Olvidado Absalón de lo pasado,

141.0 1230.0 654.0 63.0 dió otro sentimiento mas gran-

141.0 1279.0 654.0 57.0 de á su padre, tirándole á la Co-

141.0 1322.0 654.0 71.0 rona, á la honra, y á la vida.

141.0 1377.0 650.0 61.0 Pretendió ingrato, quitar á su

141.0 1421.0 650.0 65.0 padre el Cetro: para esto se pre-

141.0 1466.0 650.0 63.0 vino de antemano, atrayendo á

141.0 1511.0 650.0 59.0 sí muchas gentes; y consultan-

137.0 1558.0 654.0 61.0 do el lance con Achitophel, pi-

137.0 1608.0 652.0 59.0 cado de David, desde que des-

137.0 1655.0 652.0 61.0 honró á Bersabé su nieta, le

137.0 1706.0 652.0 51.0 empezó éste á dar trazas, como

139.0 1745.0 650.0 61.0 se habia de gobernar. Quatro

137.0 1795.0 652.0 65.0 años ocupó en preparar el caso,

139.0 1840.0 650.0 69.0 y teniendole ya maduro, á su

137.0 1895.0 652.0 53.0 entender, pidió Absalon licen-

141.0 1940.0 648.0 65.0 cia á su padre para ir á Hebron,

141.0 1993.0 648.0 56.0 con el motivo de cumplir una

143.0 2033.0 652.0 78.0 oferta, que habia hecho á Dios,

833.0 145.0 645.0 59.0 quando estuvo desterrado, para

830.0 192.0 644.0 63.0 que le reduxese al estado feliz,

826.0 244.0 444.0 61.0 que yá gozaba.

872.0 283.0 597.0 69.0 Siendo la cosa tan piadosa,

833.0 332.0 640.0 61.0 David, como tan santo, no se

833.0 379.0 636.0 65.0 la negó. Llevóse consigo dos-

833.0 431.0 632.0 63.0 cientos Caballeros los mas fieles,

825.0 475.0 645.0 59.0 y leales que tenia David: y lle-

824.0 523.0 647.0 62.0 gado que fué á Hebron, hizo

825.0 569.0 646.0 55.0 tomar todos los caminos, y las

825.0 619.0 645.0 62.0 puertas de la Ciudad, para que

824.0 666.0 644.0 58.0 ninguno pudiese salir á contar

820.0 712.0 648.0 60.0 lo que pasaba. Despachó luego

823.0 759.0 645.0 61.0 postas á todas las personas con-

820.0 807.0 646.0 59.0 fidentes, dándoles órden del dia;

821.0 850.0 644.0 57.0 y la hora en que al son de la

821.0 895.0 644.0 67.0 bocina habian de levantar por él

821.0 942.0 644.0 69.0 los Estandartes, diciendo todos:

821.0 990.0 644.0 66.0 Viva Aabsalon, Rey de Hebron.

821.0 1041.0 642.0 63.0 Publicóse pues el dia asignado,

821.0 1084.0 640.0 67.0 y todos acudian de las Ciudades,

819.0 1145.0 642.0 55.0 y Pueblos á ver al nuevo Rey,

817.0 1182.0 648.0 65.0 y á ofrecerle su ayuda. Llegó la

817.0 1228.0 648.0 65.0 nueva infausta á los oidos de

817.0 1277.0 648.0 59.0 David, y todo Jerusalem se hi-

817.0 1324.0 644.0 59.0 zo á la turbacion, y al miedo.

813.0 1367.0 652.0 69.0 Vióse el santo Rey obligado á

813.0 1419.0 650.0 65.0 desamparar la ciudad, y salir hu-

813.0 1464.0 650.0 67.0 yendo á pie de las furias de su hi-

813.0 1509.0 652.0 69.0 jo. Lastimados, y tristes, y con

813.0 1568.0 652.0 57.0 las armas en la mano acudieron

813.0 1610.0 650.0 61.0 á él los que le estimaban, y les

813.0 1655.0 652.0 65.0 dixo : Todos los que me quisie-

813.0 1698.0 654.0 65.0 reis ser leales, y acompañar mir

813.0 1753.0 652.0 53.0 cuitas, apercibios al punto, y hu-

813.0 1793.0 652.0 69.0 yamos de la Ciudad, antes que

811.0 1842.0 654.0 61.0 Absalon nos cerque, y nos oprima;

811.0 1887.0 654.0 67.0 y vamonos á los Montes á buscar

811.0 1942.0 650.0 53.0 sagrado, hasta que pase esta pri-

813.0 1988.0 540.0 59.0 mera avenida de trabajos.

861.0 2033.0 602.0 73.0 Todos respondieron, que es-
