1706 2301
234 124 67 52 30

230.0 155.0 637.0 54.0 acompañandola delante. En lle-

232.0 197.0 635.0 67.0 gando al campo de Nachor, ha-

230.0 253.0 641.0 51.0 ciendo la Arca ademanes de tor-

228.0 295.0 643.0 57.0 cerse, extendió Oza la mano pa-

228.0 341.0 642.0 55.0 ra detenerla, y repentinamente

227.0 388.0 643.0 56.0 cayó muerto, en castigo de que

228.0 434.0 645.0 60.0 debiendo ir el Arca en hombros

230.0 481.0 646.0 65.0 de Sacerdotes, segun lo tenía

228.0 530.0 648.0 61.0 Dios mandado, hicieron que un

228.0 581.0 648.0 51.0 carro la sirviese de andas, y ti-

228.0 619.0 648.0 67.0 rado de unos bueyes. Aqui mos-

234.0 671.0 642.0 61.0 tró Dios el respeto, y venera-

234.0 713.0 642.0 67.0 cion que se debe al Santísimo

230.0 767.0 646.0 69.0 Sacramento, de quien era figu-

235.0 815.0 244.0 59.0 ra el Arca.

282.0 849.0 604.0 69.0 Prosiguióse con la traslacion

237.0 901.0 649.0 61.0 de la Arca, entrando en Jeru-

232.0 947.0 654.0 69.0 salem con muchas danzas, y mu-

232.0 999.0 654.0 65.0 sicas ; hasta el mismo Rey Da-

232.0 1050.0 654.0 54.0 vid iba delante de ella danzan-

234.0 1089.0 652.0 67.0 do lleno de júbilo, y placer, de

241.0 1138.0 639.0 68.0 que se dió por ofendida Michol,

241.0 1190.0 639.0 60.0 y muy pundonorosa le repren-

232.0 1236.0 648.0 54.0 dió la accion, diciendole : Por

234.0 1284.0 654.0 62.0 cierto que parece muy bien un Rey

234.0 1324.0 654.0 64.0 de Iraél hecho truhan, y dan-

234.0 1374.0 654.0 62.0 zante á vista de su Pueblo. Sin-

234.0 1428.0 652.0 54.0 tió mucho David que Michol,

234.0 1468.0 652.0 64.0 humeando en altiveces, deses-

232.0 1520.0 654.0 52.0 timase su humildad, y la accion

234.0 1562.0 650.0 62.0 de cortejar la Arca del Señor:

237.0 1610.0 647.0 62.0 y asi éste la castigó con hacer-

235.0 1659.0 656.0 59.0 la estéril, que era harto castigo

232.0 1700.0 654.0 67.0 en aquellas edades, y á las de-

236.0 1748.0 650.0 62.0 más mugeres de David las hi-

241.0 1806.0 645.0 52.0 zo fecundas, dandolas bellos In-

239.0 1846.0 647.0 59.0 fantes, que alegraban, y lucian

240.0 1895.0 382.0 58.0 á toda Jerusalem.

284.0 1932.0 612.0 67.0 Ocupábase David despues de

243.0 1986.0 653.0 65.0 esto en hermosear su Ciudad con

241.0 2030.0 655.0 86.0 edificios, y fortalecer su Alca-

905.0 151.0 635.0 59.0 zar, haciendo en ella una gran-

901.0 199.0 641.0 63.0 de armería, quando envidiosos

907.0 241.0 639.0 69.0 los Paganos, rehechos ya de

903.0 297.0 641.0 57.0 fuerzas, trataron de inquietarlo.

903.0 335.0 645.0 61.0 Fueron los Philisteos prime-

903.0 387.0 643.0 63.0 ros que rompieron la guerra;

901.0 435.0 647.0 57.0 mas al punto que David les en-

905.0 483.0 645.0 63.0 tendió sus designios, sacó á cam-

905.0 535.0 647.0 56.0 paña sus gentes. Dióles la bata-

911.0 579.0 639.0 63.0 lla, que fué bien reñida ; pero

901.0 621.0 645.0 67.0 los venció, y sujetó el orgullo,

903.0 680.0 645.0 48.0 de manera, que no solo los des-

903.0 724.0 645.0 56.0 truyó, mas tambien no quiso

903.0 772.0 651.0 52.0 soltar los prisioneros, menos

907.0 811.0 646.0 64.0 que no se le hiciesen Tributa-

909.0 868.0 645.0 52.0 rios. Entre tanto que andaba

909.0 903.0 637.0 67.0 David con los Philisteos, el Rey

907.0 958.0 645.0 58.0 de Moab le acometió por otro

907.0 999.0 643.0 57.0 lado : propio de cobardes bus-

909.0 1046.0 645.0 62.0 car estas ocasiones. Mas con-

909.0 1094.0 645.0 60.0 cluido con los Philisteos, se en-

913.0 1142.0 637.0 54.0 tró por las tierras de Moab, don-

913.0 1186.0 641.0 68.0 de hizo un grande estrago, pa-

915.0 1238.0 639.0 60.0 sando á cuchillo las dos partes

911.0 1284.0 645.0 54.0 de su gente, no tanto por ha-

911.0 1328.0 643.0 64.0 ber tomado las armas contra él,

909.0 1382.0 645.0 58.0 como por haber sido este Rey

911.0 1428.0 645.0 52.0 quien barbaro, é impío dego-

911.0 1466.0 643.0 68.0 lló á sus padres. Vino el de Moab,

909.0 1518.0 649.0 60.0 cruzados los brazos á pedir cle-

913.0 1562.0 647.0 65.0 mencia, y ofrecerle un grandí-

915.0 1610.0 282.0 56.0 simo tributo.

967.0 1658.0 593.0 58.0 Pasó David adelante : entró-

919.0 1700.0 644.0 71.0 se por la Syria, deseoso de hu-

919.0 1758.0 641.0 57.0 millar los brios de Adadecer,

921.0 1798.0 642.0 65.0 Rey de Soba, con cuyo calor

921.0 1844.0 642.0 67.0 le hacían guerra facilmente los

916.0 1894.0 651.0 58.0 demás Gentiles. A las orillas del

917.0 1938.0 648.0 69.0 Eufrates se dió la batalla de po-

919.0 1986.0 648.0 58.0 der á poder : pero á la valentía

917.0 2030.0 660.0 83.0 de David se postró su mayor
