1659 2351
1433.0 108.0 40.0 56.0 15

149.0 152.0 655.0 59.0 obstante el Santó Caudillo, aun-

147.0 203.0 656.0 54.0 que se vió en tanto estrecho, no

150.0 246.0 654.0 59.0 descubria flaqueza alguna, antes

147.0 291.0 657.0 63.0 animó esforzadamente á sus sol-

147.0 336.0 653.0 67.0 dados, para que se defendiesen

150.0 382.0 650.0 60.0 con las armas, con el fin solo de

149.0 434.0 651.0 57.0 huir. Iba el aprieto creciendo,

152.0 483.0 648.0 61.0 quando á este tiempo le vinie-

154.0 530.0 646.0 55.0 ron nuevas á Saul como los

158.0 572.0 642.0 54.0 Philisteos se le entraban por sus

152.0 613.0 648.0 62.0 tierras. Pusole á Saul, en cuida-

154.0 666.0 646.0 62.0 do esta noticia, y luego al pun-

156.0 717.0 666.0 57.0 to dando de mano, la persecu-

156.0 761.0 663.0 56.0 cion de David, marchó con sus

163.0 808.0 652.0 52.0 gentes á defenderlas. Asi libertó

160.0 852.0 653.0 60.0 Dios de aquel aprieto á David;

158.0 901.0 661.0 66.0 por cuyo beneficio dió á Dios

159.0 949.0 353.0 55.0 muchas gracias.

211.0 991.0 608.0 68.0 Luego que se vió libre Da-

166.0 1048.0 647.0 49.0 vid, procuró desamparar la sel-

166.0 1091.0 647.0 59.0 va de Mahon, y penetrando los

160.0 1136.0 653.0 61.0 riscos inaccesibles de Engadi,

160.0 1179.0 653.0 65.0 se hizo fuerte en ellos. Venció

162.0 1230.0 651.0 57.0 Saul á los Philisteos, y dexan-

164.0 1279.0 649.0 55.0 dolo todo allanado, volvió en

166.0 1318.0 647.0 69.0 seguimiento de David. Supo, que

164.0 1363.0 649.0 69.0 estaba en Engadi, y allá se fué

164.0 1416.0 659.0 57.0 con su gente. Púsole otro apre-

170.0 1463.0 653.0 67.0 tado cerco como el pasado,

168.0 1512.0 655.0 57.0 siendo él el primero á trepar por

170.0 1559.0 653.0 53.0 aquellas escarpadas sierras. Vien-

172.0 1605.0 655.0 57.0 do el peligro David, se acogió

173.0 1654.0 654.0 59.0 á una cueva bastante grande,

169.0 1701.0 658.0 55.0 donde se ocultó con los suyos,

173.0 1746.0 654.0 62.0 usando del silencio. Llegó acaso

172.0 1794.0 655.0 63.0 Saul por aquella parte, y for-

172.0 1837.0 653.0 63.0 zado de una necesidad entró en

174.0 1886.0 651.0 59.0 la gruta, bien ageno de lo que

174.0 1933.0 651.0 61.0 habia en ella. Advirtiendo esto

174.0 1976.0 651.0 69.0 los soldados de David, le di-

174.0 2023.0 651.0 79.0 xeron : Ea, Señor, la ocasion

827.0 131.0 645.0 84.0 teneis en vuestras manos, para

827.0 199.0 649.0 63.0 libraros de vuestro enemigo.

825.0 246.0 647.0 65.0 Dadle muerte, y asi cesarán tus

827.0 293.0 647.0 53.0 persecuciones : no quiso asentir

828.0 343.0 649.0 55.0 David á los consejos de sus

829.0 383.0 651.0 62.0 soldados, abominando dar muer-

825.0 431.0 651.0 58.0 te al que era Cristo del Señor.

827.0 481.0 653.0 57.0 Mas acercándose con sumo si-

827.0 521.0 649.0 68.0 lencio á Saul, sin que le viese,

827.0 574.0 649.0 60.0 pues era la cueva obscura, asien-

825.0 617.0 655.0 66.0 dole por detrás del manto, le

827.0 666.0 355.0 58.0 cortó un pedazo.

860.0 714.0 618.0 57.0 Salió Saul de la cueva, y

834.0 760.0 652.0 58.0 montando en su caballo, salióle

841.0 805.0 645.0 59.0 luego David al encuentro, y sa-

842.0 855.0 647.0 56.0 ludándole con suma reveren-

849.0 899.0 639.0 62.0 cia, le habló de esta manera:

876.0 948.0 614.0 62.0 "¿Por qué has de escuchar, Se-

851.0 1001.0 637.0 54.0 "ñor, á hombres maldicientes,

851.0 1044.0 641.0 53.0 "que malquistan á quien está

837.0 1093.0 655.0 58.0 "sin culpa? ¿Qué delito, ó qué

835.0 1138.0 659.0 57.0 "maldad ha cometido David

835.0 1183.0 657.0 57.0 "contra ti? ¿Qué puede objetar

845.0 1236.0 647.0 55.0 "la malicia contra mi inocen-

845.0 1271.0 647.0 69.0 "cia, quando tus ojos han de

847.0 1330.0 641.0 61.0 "ser hoy testigos de la vida,

845.0 1367.0 643.0 69.0 "que me debes? Bien descuida-

841.0 1422.0 647.0 57.0 "do entraste en esta cueva,

843.0 1465.0 651.0 61.0 "donde á ser yó vengativo pu-

847.0 1510.0 647.0 65.0 "diera haberte muerto : pero

849.0 1565.0 647.0 51.0 "soy honrádo, y asi aunque

849.0 1600.0 645.0 69.0 "me brindaba el lance, quise

849.0 1649.0 643.0 65.0 "mas perdonandote venderme

849.0 1700.0 647.0 57.0 "que matándote vengarme ; di-

849.0 1741.0 647.0 69.0 "ciendo entre mí : No he de

847.0 1794.0 651.0 63.0 "poner manos en mi dueño

853.0 1833.0 649.0 69.0 "porque es Cristo del Señor.

853.0 1882.0 645.0 71.0 "Por tanto, Padre, y dueño

853.0 1929.0 645.0 67.0 "mio, mira, y reconoce este

853.0 1974.0 645.0 65.0 "giron de tu manto ; repara

853.0 2027.0 643.0 81.0 "atento, si quien tuvo lugar
