1708 2309
1428 110 52 60 39

154.0 182.0 645.0 37.0 phel daba en las juntas. Acertó á

148.0 200.0 651.0 61.0 dar uno, que fue no menos, que

148.0 252.0 651.0 52.0 dar pronto contra David, y to-

150.0 302.0 649.0 50.0 da su gente, y acabar con ellos;

163.0 340.0 639.0 65.0 porque esto hecho, quedaban

148.0 386.0 654.0 66.0 mas libres, para poseer con so-

152.0 432.0 650.0 64.0 siego el Reyno. Pero el agudo

148.0 484.0 649.0 64.0 Chusai supo con tal arte desva-

150.0 532.0 647.0 62.0 necer el consejo, y dar razones

155.0 581.0 642.0 55.0 en la junta tan fuertes para lo

150.0 623.0 652.0 60.0 contrario, que se llevó tras sí

150.0 678.0 650.0 54.0 los pareceres del Rey nuevo, y

148.0 727.0 651.0 58.0 demás congregados. Con este ca-

148.0 771.0 651.0 62.0 so quedó tan sofocado, escoci-

146.0 819.0 653.0 54.0 do, y sonrojado Achitophel,

150.0 865.0 649.0 50.0 que sin hablar palabra, y sin des-

152.0 902.0 647.0 67.0 pedirse de Absalon, se salió de

148.0 948.0 651.0 58.0 Palacio, y se fué á su casa. Lle-

146.0 998.0 653.0 67.0 gó á ella lleno de mortal triste-

150.0 1056.0 649.0 48.0 za, cabiloso, y desesperado. An-

144.0 1091.0 655.0 55.0 daba buscando trazas como ma-

152.0 1146.0 647.0 62.0 tarse : ya una vez que halló la

148.0 1191.0 647.0 65.0 suya, echándose un cordel al cue-

146.0 1235.0 649.0 67.0 llo se ahorcó. En esto vino á

154.0 1281.0 641.0 65.0 parar Achitophel, traydor á su

146.0 1334.0 647.0 60.0 Señor, á su Rey, y á quien le

145.0 1378.0 646.0 59.0 hizo hombre, y le dió lo que

146.0 1426.0 647.0 63.0 tenia. ¿Mas de qué muerte habia

146.0 1475.0 644.0 59.0 de morir un rebelde, que asi

146.0 1529.0 643.0 51.0 se volvió contra su bienhechor?

196.0 1567.0 594.0 60.0 Todo se iba disponiendo bien,

147.0 1615.0 644.0 61.0 y David hizo pasar toda su gen-

142.0 1659.0 652.0 67.0 te de la otra parte del Jordan,

143.0 1715.0 650.0 57.0 para asegurarla mas; porque aun-

142.0 1760.0 645.0 58.0 que Chusai habia desvanecido ya

142.0 1810.0 645.0 56.0 el consejo de seguir á David, po-

144.0 1854.0 643.0 58.0 dia Absalon volver á él, y poner-

138.0 1893.0 661.0 69.0 le en practica. Ya entonces se

144.0 1943.0 655.0 69.0 habia publicado mucho el fracaso

138.0 1989.0 661.0 67.0 de David por los territorios, así

140.0 2043.0 659.0 71.0 propios como extraños, y los

829.0 184.0 649.0 35.0 afectos á David se hicieron á la

831.0 198.0 647.0 65.0 compasion. Cada qual conforme

829.0 252.0 653.0 59.0 á sus posibles acudia á David con

829.0 296.0 651.0 54.0 bastimentos, y á ofrecerse leales

837.0 340.0 639.0 64.0 á seguirle. Quienes mas se singu-

837.0 384.0 641.0 66.0 larizaron, fueron Sobi, Machir,

837.0 438.0 641.0 64.0 y Bercelay. Sobi era Rey de los

837.0 481.0 641.0 67.0 Amonitas, que aunque barbaro,

839.0 534.0 641.0 54.0 é infiel, era grato al beneficio

839.0 575.0 641.0 67.0 que le hizo David, poniéndole

835.0 621.0 641.0 64.0 la corona. Este le envió un rico

835.0 671.0 641.0 64.0 presente, baxilla de plata, alhajas,

833.0 715.0 643.0 66.0 y tapices, y aun dicen que le en-

824.0 761.0 654.0 62.0 vió gente, que no admitió por ser

824.0 810.0 654.0 63.0 infiel. Machir era un hombre po-

824.0 856.0 652.0 67.0 deroso de Lodabar, que le envió

824.0 910.0 649.0 61.0 una gran suma de bastimentos,

822.0 958.0 654.0 52.0 trigo, cebada, y legumbres, con

822.0 998.0 358.0 62.0 otras provisiones.

876.0 1042.0 597.0 72.0 Pero quien mas se singularizó

822.0 1091.0 645.0 65.0 fue un bueno, y venerable viejo,

824.0 1142.0 635.0 62.0 hombre poderoso de Rogelin, y

826.0 1192.0 647.0 64.0 de la Tribu de Gaad, llamado Ber-

824.0 1237.0 645.0 67.0 celay, que no solo envió mu-

824.0 1283.0 643.0 65.0 chos víveres, muchos carneros,

824.0 1327.0 649.0 69.0 y vacas, harina, miel, y man-

821.0 1382.0 656.0 63.0 teca ; sino que proveyó á todo

818.0 1427.0 656.0 63.0 el exército, hasta de lo mas mini-

821.0 1476.0 652.0 59.0 mo que necesitaba; y para que

816.0 1527.0 655.0 58.0 el Rey pusiese su casa en Ma-

813.0 1571.0 656.0 59.0 nain, donde se habia alojado,

818.0 1618.0 655.0 62.0 por ser Plaza fuerte le envió.

814.0 1666.0 656.0 54.0 colgaduras, y tapetes. Tan agra-

816.0 1711.0 655.0 61.0 decido quedó David á este be-

820.0 1758.0 649.0 66.0 neficio, que le tuvo presente

822.0 1804.0 645.0 60.0 hasta su muerte, como ya ve-

822.0 1854.0 645.0 60.0 remos. Con semejantes socorros

820.0 1903.0 647.0 51.0 se iba David rehaciendo, y co-

822.0 1945.0 643.0 63.0 brando gente. Absalon no se des-

820.0 1991.0 647.0 58.0 cuidaba, porque tambien la re-

822.0 2047.0 645.0 69.0 cogía, y congregó en Jerusalem
