1730 2399
1426 149 62 48 17

157.0 185.0 648.0 65.0 que todo el tiempo que han

151.0 237.0 654.0 58.0 habitado estos desiertos, no nos

150.0 283.0 655.0 58.0 han dado la menor molestia,

151.0 334.0 654.0 55.0 antes sirvieron de muro, velan-

153.0 381.0 652.0 57.0 do noche, y dia sobre vuestra

150.0 425.0 655.0 60.0 hacienda : por cuya diligencia no

149.0 470.0 656.0 61.0 nos faltó jamás una sola oveja.

153.0 519.0 652.0 60.0 Apenas oyó Abigail esto, quan-

158.0 572.0 647.0 53.0 do presurosa hizo preparar un

153.0 614.0 652.0 59.0 grande presente de varias vian-

153.0 666.0 652.0 52.0 das, y cargandole en unas bes-

153.0 706.0 652.0 61.0 tias se fué á encontrar con Da-

153.0 754.0 652.0 61.0 vid, que ya venía á vengar el

158.0 800.0 647.0 60.0 desacato de Nabal. Era Abigail

150.0 848.0 655.0 59.0 muger de muy buenas, y no-

153.0 895.0 652.0 59.0 bles prendas, tan en extremo pru-

154.0 942.0 651.0 60.0 dente, y tan hermosa, que has-

149.0 987.0 656.0 57.0 ta el mismo Texto Sagrado la

151.0 1032.0 654.0 58.0 loa con elogios. En su alaban-

150.0 1084.0 653.0 58.0 za se esmeran todas las plumas,

151.0 1130.0 663.0 61.0 por lo que tuvo de retrato de

149.0 1181.0 658.0 55.0 la Reyna de los Angeles Maria

151.0 1223.0 656.0 57.0 Santísima. Llegó á encontrarse

150.0 1270.0 657.0 61.0 con David, y apeandose del

153.0 1318.0 654.0 61.0 bruto en que iba, se postró de-

151.0 1370.0 656.0 52.0 lante de él. David pasmado de

158.0 1415.0 649.0 51.0 semejante hermosura, despidió

149.0 1458.0 658.0 64.0 de sí el ceño que llevaba, y le-

153.0 1504.0 650.0 64.0 vantándola cariñoso, se paró á

157.0 1555.0 522.0 57.0 escuchar lo que decía.

253.0 1599.0 554.0 60.0 "Señor, dispuesta vengo

149.0 1649.0 658.0 59.0 "para que tomes en mí qual-

149.0 1697.0 658.0 58.0 "quiera venganza por la ofensa

149.0 1741.0 658.0 62.0 "que te ha hecho mi marido.

150.0 1788.0 657.0 63.0 "Aqui teneis mi cuello, que á

150.0 1835.0 657.0 61.0 "los filos de tu espada se en-

147.0 1888.0 660.0 53.0 "tregará obediente. Y asi esto

151.0 1929.0 656.0 62.0 "supuesto, dá licencia á una

147.0 1979.0 660.0 62.0 "criada tuya, que te informe so-

146.0 2025.0 661.0 60.0 "bre el caso dos palabras, por

154.0 2071.0 654.0 70.0 "donde juzgo debes usar de cle-

833.0 203.0 653.0 47.0 "mencia. Lo primero, porque

833.0 235.0 654.0 60.0 "un Señor, un Rey,como tú

833.0 285.0 650.0 58.0 "eres, y siempre lo eres mio,

833.0 336.0 645.0 50.0 "no debe de hacer cosa, ni to-

833.0 382.0 641.0 56.0 "mar á pechos las necedades, y

833.0 422.0 645.0 60.0 "groserias de un ignorante, co-

833.0 469.0 646.0 61.0 "mo Nabal mi marido, á quien

833.0 518.0 646.0 60.0 "su mismo nombre está dicien-

833.0 570.0 645.0 52.0 "do lo que es: Necio en el nom-

833.0 611.0 643.0 60.0 "bre, y en los hechos. Lo otro,

833.0 666.0 645.0 52.0 "porque si quando fueron tus

833.0 705.0 643.0 60.0 "criados me hallara yo presente,

833.0 751.0 643.0 63.0 "ó supiera alguna cosa, puedes

833.0 800.0 642.0 58.0 "estar cierto, que á pesar de es-

833.0 847.0 646.0 59.0 "torbos, vinieran bien despa-

833.0 895.0 637.0 59.0 "chados, y no manivacíos ; y

833.0 940.0 641.0 60.0 "asi basta por descargo mi ig-

833.0 986.0 646.0 58.0 "norancia de la culpa que no tu-

833.0 1034.0 645.0 58.0 "ve. Lo otro, porque vive Dios,

818.0 1092.0 15.0 50.0 " y asi guarde tu vida que de-

833.0 1128.0 646.0 62.0 "bes agradecerme haber salido

833.0 1180.0 643.0 55.0 "á estorbar esta venganza, pues

830.0 1223.0 648.0 57.0 "segun la disposicion, con que

830.0 1268.0 648.0 63.0 "te hallo, ibas á derramar mu-

830.0 1316.0 648.0 62.0 "cha sangre de inocentes ; cosa

830.0 1370.0 649.0 50.0 "de que te pesára mucho quando

830.0 1412.0 645.0 52.0 "te miraras sin enojo. Y aun-

830.0 1455.0 649.0 63.0 "que es solo Nabal el que está

818.0 1503.0 660.0 63.0 "comprehendido, y culpado,

823.0 1548.0 653.0 65.0 "pluguiera Dios, Señor, que fue-

829.0 1598.0 651.0 61.0 "ran como Nabal todos los que

829.0 1647.0 650.0 58.0 "te persiguen, que no fueran

829.0 1695.0 650.0 58.0 "tantos tus infortunios. Y asi en

827.0 1739.0 652.0 62.0 "recompensa del servicio que te

827.0 1784.0 651.0 61.0 "he hecho, hazme favor de re-

827.0 1833.0 653.0 60.0 "cibir este pequeño regalo para

832.0 1887.0 648.0 53.0 "socorrer tu gente : que si como

832.0 1929.0 646.0 62.0 "dixe al principio, ha de cargar

832.0 1977.0 644.0 63.0 "tu venganza sobre mi cabeza,

832.0 2024.0 646.0 60.0 "con que recibas este pequeño

831.0 2071.0 671.0 70.0 "don, conoceré que esta libre

1134.0 2159.0 55.0 0.0 C
