1708 2339
237.0 111.0 61.0 85.0 24

233.0 182.0 658.0 55.0 respondió: Que habia escapado

233.0 224.0 658.0 59.0 huyendo de los Reales de Saul.

233.0 271.0 658.0 57.0 Refirióle todo lo acontecido en

240.0 319.0 651.0 60.0 la pérdida de la batalla, y que

232.0 363.0 659.0 60.0 Saul era muerto, y Jonatás, y de-

230.0 411.0 667.0 67.0 más hijos. Preguntóle David,

240.0 454.0 656.0 67.0 ¿que de qué sabía ser muerto

236.0 504.0 661.0 62.0 Saul ? y respondió : Yo Señor,

231.0 553.0 666.0 64.0 huyendo por la espesura de aque-

232.0 600.0 657.0 57.0 llos montes me encontré con

237.0 647.0 652.0 62.0 Saul, que cubierto de heridas,

235.0 693.0 654.0 59.0 y atravesado el pecho con su ve-

232.0 740.0 657.0 64.0 nablo estaba agonizando entre

237.0 788.0 652.0 60.0 mortales angustias. Preguntóme,

240.0 834.0 649.0 62.0 ¿que quién era? Yo le dixe que

237.0 882.0 652.0 58.0 era Amalecita: pidió con mucho

239.0 927.0 650.0 63.0 encarecimiento que le acabase

240.0 974.0 649.0 55.0 de matar. Yo considerando que

235.0 1021.0 661.0 62.0 de la suerte que estaba no podia

236.0 1074.0 654.0 53.0 vivir, me puse sobre él, y le aca-

233.0 1116.0 657.0 58.0 bé de matar. Esto hecho, des-

240.0 1163.0 649.0 57.0 ceñile de las sienes la Corona,

235.0 1207.0 655.0 59.0 quitéle de la mano el real ani-

236.0 1256.0 654.0 61.0 llo, y vengo á traertelo á tí,

237.0 1304.0 652.0 61.0 como á mi Rey, y Señor, pa-

240.0 1351.0 497.0 61.0 ra que me des albricias.

280.0 1400.0 622.0 57.0 Sin hablar palabra, ahoga-

235.0 1444.0 663.0 60.0 da la voz en el llanto, rasgó

236.0 1493.0 662.0 59.0 David sus vestidos en señal de

243.0 1538.0 653.0 57.0 dolor, y lo mismo hicieron los

237.0 1585.0 659.0 61.0 que se hallaban con él, llenan-

236.0 1630.0 660.0 55.0 do todo el Palacio de lágrimas,

237.0 1678.0 659.0 64.0 y alaridos. Volvióse David al

237.0 1728.0 659.0 58.0 que le traxo la noticia, y le di-

236.0 1772.0 660.0 58.0 xo airado: "Ven acá infame, ¿có-

237.0 1821.0 663.0 57.0 "mo te has atrevido á poner tus

235.0 1867.0 665.0 60.0 "manos en el Cristo del Se-

237.0 1911.0 663.0 61.0 "ñor, tu Rey, y Monarca?" Y

236.0 1960.0 666.0 53.0 mandando á sus criados vque le

239.0 2007.0 663.0 53.0 acometiesen, y matasen, logró

241.0 2050.0 661.0 73.0 el pago merecido de su emba-

921.0 187.0 640.0 54.0 xada. Sienten algunos, que este

921.0 226.0 638.0 58.0 Amalecita era hijo de Doech,

921.0 270.0 638.0 55.0 y que todo lo que dixo fué fin-

911.0 331.0 10.0 39.0 gido, por hacerse con David,

921.0 362.0 642.0 61.0 á quien su padre habia persegui-

925.0 409.0 637.0 62.0 do tanto. De este sentir es Ly-

908.0 462.0 17.0 47.0 ra. Prosiguió David haciendo

913.0 512.0 12.0 51.0 grandes sentimientos por la

925.0 549.0 637.0 63.0 muerte de Saul, y su amigo Jo-

925.0 597.0 640.0 55.0 natás, y habiendo, pues, dado

912.0 651.0 13.0 51.0 vado al dolor, retiróse a su re-

925.0 690.0 641.0 56.0 trete para consultar con Dios el

924.0 738.0 642.0 62.0 estado de sus cosas, y saber la

913.0 792.0 11.0 47.0 voluntad Divina, sin quererse

924.0 831.0 639.0 61.0 llamar Rey, sin que Dios le die-

924.0 879.0 638.0 60.0 se el modo que habia de guar-

924.0 926.0 637.0 61.0 dar, y el rumbo que habia de

924.0 974.0 141.0 55.0 seguir.

955.0 1018.0 610.0 63.0 Ordenóle, pues, Dios que

923.0 1073.0 643.0 54.0 se partiese á Hebron, Ciudad

923.0 1114.0 643.0 58.0 de las ilustres de la tribu de Judá.

923.0 1163.0 635.0 53.0 Partió David á ella con todos

923.0 1205.0 640.0 60.0 los suyos. Alojóse en las Aldeas

923.0 1253.0 643.0 62.0 de Hebron, y desde alli dió avi-

923.0 1304.0 643.0 60.0 so á sus amigos, y á todos los

916.0 1354.0 7.0 49.0 Noblres: pidiendoles por mer-

923.0 1398.0 643.0 57.0 ced le ordenasen lo que fuese de

918.0 1443.0 648.0 60.0 su agrado. Apenas la Ciudad su-

918.0 1491.0 648.0 60.0 po la llegada de David, quan-

922.0 1537.0 635.0 56.0 do toda la Nobleza se juntó, y

922.0 1582.0 644.0 60.0 de comun acuerdo salieron á re-

922.0 1630.0 644.0 56.0 cibirle, y entrarle dentro. Fué

922.0 1680.0 644.0 58.0 sumo el regocijo, y festejo que

922.0 1726.0 645.0 56.0 todos mostraron aclamando á

926.0 1769.0 640.0 60.0 una sola voz : Viva el Rey, vi-

926.0 1820.0 641.0 57.0 va el Rey. Celebrada su corona-

926.0 1867.0 640.0 61.0 cion con grande aplauso, y gran-

926.0 1914.0 637.0 59.0 deza, lo primero que hizo Da-

920.0 1959.0 646.0 55.0 vid siendo Rey fué enviar una

920.0 2007.0 646.0 53.0 embaxada á los ciudadanos de

920.0 2053.0 645.0 71.0 Jabes de Galaad dandoles mil
