1689 2344
236.0 109.0 45.0 66.0 4

223.0 153.0 1326.0 65.0 Batallas que tuvo David, en que hizo Tributarios á muchos

225.0 207.0 1329.0 56.0 Reyes. Caso de Bersabé, y Urias. Profetiza Natan á David

222.0 250.0 1328.0 54.0 el castigo de su culpa. Mata Asalon á Amnon. Pretende Ab-

221.0 294.0 1328.0 68.0 salon quitar á su Padre vida, y Corona. Huye David de Absalon,

223.0 352.0 1326.0 52.0 y lo que le acontece en su huida. Entra absalon en Jeruralem.

220.0 388.0 1325.0 65.0 Muerte funesta de Achitophel, Consejero de Absalon. Desver-

220.0 438.0 1329.0 64.0 guenzas, y atrevimiento de Semey. Agasajos que hacen sus lea-

218.0 485.0 1330.0 64.0 les amigos á David. Batalla sangrienta que dio Absalon, y es

217.0 533.0 1333.0 58.0 muerto por Joab. Sentimientos de David por la muerte de su

217.0 582.0 1332.0 59.0 hijo. Premios que hizo David á los suyos, y perdon de sus con-

217.0 625.0 1332.0 58.0 trarios.Motin que se alzó entre las Tribus. Pecado de altivez

217.0 673.0 1326.0 61.0 de David, y Peste de su Reyno. Enfermedad de David, y

217.0 720.0 1327.0 60.0 caso de Sunamitis. Intenta Adonias hacerse Rey. Es nombrado por

218.0 767.0 1327.0 67.0 David su hijo Salomon. Consejos que le da antes de morir. Muer-

218.0 817.0 272.0 56.0 te de David.

226.0 908.0 634.0 105.0 Fue David hijo de un Caba-

310.0 955.0 563.0 60.0 llero muy honrado de la

216.0 1005.0 657.0 57.0 Ciudad de Belén, llamado Isaí, ó

223.0 1053.0 645.0 65.0 Jesé, cuya clara estirpe traia su

216.0 1105.0 646.0 55.0 origen de los mas grandes Va-

218.0 1153.0 647.0 59.0 rones, y Patriarcas mas ilustres

215.0 1197.0 654.0 60.0 de Palestina, famosa Alcurnia de

215.0 1238.0 654.0 60.0 la Tribu de Judá, noble descen-

216.0 1287.0 646.0 68.0 dencia de la Casa de Booz, aquel

213.0 1338.0 649.0 62.0 en cuyo corazon grande se hi-

216.0 1385.0 647.0 56.0 cieron lugar las prendas de la

220.0 1425.0 642.0 69.0 Espigadera Ruth. Fué , pues,

216.0 1479.0 646.0 57.0 David entre ocho hijos de Isaí

214.0 1528.0 644.0 59.0 el menor, bizarro por extremo,

215.0 1570.0 633.0 61.0 hermoso de rostro, bien forni-

220.0 1615.0 644.0 68.0 do de miembros, alto de cuerpo,

215.0 1672.0 643.0 58.0 galan talle, faz serena, ojos apa-

218.0 1713.0 649.0 56.0 cibles, rubio el cabello, algo,

213.0 1758.0 645.0 56.0 crespo, dotado de muchas habi-

215.0 1802.0 643.0 69.0 lidades, y adornado de mil gra-

213.0 1849.0 645.0 67.0 cias. Como era el menor de sus

215.0 1896.0 643.0 69.0 hermanos le dedicó su padre á

215.0 1943.0 643.0 68.0 guardar el ganado, porque los

213.0 1996.0 645.0 62.0 demás servian al Rey en la Cam-

218.0 2041.0 111.0 77.0 paña.

915.0 918.0 622.0 54.0 Hecho David Pastorcillo, pa-

889.0 953.0 645.0 70.0 saba su vida alegremente entre

887.0 1002.0 651.0 56.0 los demás Pastores, divirtien-

893.0 1048.0 645.0 71.0 doles en sus ratos desocupados,

893.0 1107.0 647.0 51.0 ya cantando, y ya tocando una

893.0 1146.0 641.0 65.0 Harpa, en que era diestro. Ade-

889.0 1197.0 647.0 60.0 más de estas gracias, era valien-

889.0 1242.0 649.0 62.0 te, y esforzado, pues varias ve-

879.0 1293.0 659.0 56.0 ces peleaba con los Osos, y los

887.0 1332.0 649.0 62.0 Leones, por quitarles las pre-

886.0 1384.0 653.0 58.0 sas, y corderos de sus garras.

877.0 1427.0 653.0 59.0 A este tiempo llegó Samuél, por

879.0 1476.0 657.0 56.0 mandando de Dios, á casa de Isaí:

882.0 1523.0 649.0 56.0 hizo venir alli á todos sus hijos,

885.0 1570.0 645.0 64.0 para ungir á uno de ellos por Rey

886.0 1618.0 646.0 57.0 de Israél. El padre se los pre-

883.0 1658.0 653.0 68.0 sentó todos : mas el Profeta, á

889.0 1707.0 645.0 64.0 ninguno de los siete ungió, dicien-

893.0 1754.0 643.0 62.0 do, que ninguno de ellos era el

879.0 1799.0 657.0 66.0 electo del Señor. Dixo Samuel á

879.0 1851.0 651.0 63.0 Isaí, que si habia alguno otro,

881.0 1896.0 657.0 63.0 no reusasen el traerselo: mas Isaí

881.0 1941.0 651.0 65.0 dixo, que uno solo restaba, el

881.0 1990.0 649.0 64.0 qual por ser el menor, y estar

886.0 2040.0 645.0 64.0 dedicado á la guarda del ganado,
