1699 2345
246.0 107.0 53.0 66.0 44

239.0 187.0 639.0 39.0 mas le agrade, en pena de su

238.0 213.0 640.0 56.0 culpa : ó siete años de hambre

238.0 264.0 641.0 57.0 por todo su Reyno : ó tres meses

235.0 308.0 642.0 55.0 de guerra, que le den sus enemi-

237.0 361.0 640.0 53.0 gos: ó pestilencia en todo el

234.0 403.0 422.0 60.0 Reyno por tres dias.

276.0 448.0 600.0 60.0 Pasmado se quedó David, y

231.0 496.0 645.0 61.0 cogiendo algun aliento, dixo: Si

231.0 544.0 645.0 61.0 de tres males se ha de elegir el

230.0 595.0 649.0 56.0 menor, mas quiero ponerme en

231.0 638.0 648.0 57.0 manos de Dios, que es la suma

230.0 687.0 649.0 59.0 clemencia, que no en manos de

230.0 734.0 643.0 54.0 los hombres; porque en la ham-

234.0 779.0 639.0 61.0 bre, y en la guerra, de los hom-

228.0 828.0 648.0 57.0 bres tengo de socorrerme : pero

226.0 875.0 646.0 57.0 en la pestilencia, siendo Dios

226.0 922.0 644.0 52.0 el remedio, mejor me remedia-

231.0 966.0 637.0 60.0 rá su misericordia. Empezó lue-

235.0 1016.0 633.0 60.0 go la peste, y en un dia solo

225.0 1065.0 643.0 56.0 fueron setenta mil los muertos

221.0 1109.0 651.0 54.0 en todo el Reyno. A vista de tan-

224.0 1158.0 648.0 56.0 ta mortandad, ceñido de silicio,

229.0 1203.0 643.0 56.0 y cubierto de ceniza, salió el

220.0 1249.0 649.0 56.0 Rey de su Palacio con todos los

224.0 1298.0 648.0 59.0 Grandes, implorando la divina

218.0 1343.0 654.0 66.0 clemencia, quando acertó á ver

222.0 1391.0 650.0 56.0 en el ayre un Angel, que con

220.0 1440.0 652.0 56.0 una espada desnuda amenazaba

218.0 1483.0 650.0 62.0 á la Ciudad de Jerusalem rigores,

218.0 1530.0 650.0 64.0 y dolencias. Cayeron todos á su

217.0 1580.0 651.0 60.0 vista en tierra, y recobrado Da-

217.0 1627.0 651.0 57.0 vid del espanto, comenzó á de-

214.0 1671.0 654.0 56.0 cirle á Dios: Dios, y Señor mio,

216.0 1719.0 658.0 55.0 escuchad á un pecador, que os

222.0 1766.0 652.0 53.0 llama penitente. Yo soy, Señor,

216.0 1814.0 658.0 60.0 quien cometí la maldad, yo quien

212.0 1860.0 662.0 57.0 altivo me desvanecí, yo quien os

212.0 1907.0 662.0 57.0 ofendí soberbio. Mas estos po-

217.0 1954.0 657.0 57.0 bres vasallos, estas ovejuelas

211.0 2001.0 663.0 58.0 mias, ¿en qué os han agraviado?

211.0 2049.0 663.0 66.0 ¿Qué es lo que os han hecho? Ea,

910.0 198.0 636.0 28.0 pues; Señor, si la culpa es solo

905.0 220.0 5.0 47.0 mia, pague yo solo la pena. Exe-

904.0 269.0 6.0 43.0 cutese el rigor contra mí, y con-

910.0 308.0 632.0 53.0 tra mi casa : muera yo, que soy

910.0 360.0 594.0 49.0 el malo, y vivan los inocentes.

945.0 397.0 602.0 64.0 Apiadóse la Divina Magestad

910.0 445.0 636.0 60.0 de los ruegos, y lágrimas de Da-

910.0 493.0 636.0 61.0 vid, y sin esperar á cumplir el

910.0 541.0 636.0 60.0 plazo determinado por su jus-

901.0 598.0 6.0 42.0 ticia, mandó su divina miseri-

893.0 646.0 14.0 44.0 cordia envaynara el Angel el ace-

896.0 693.0 11.0 43.0 ro. Quedó desde entonces con

905.0 736.0 640.0 53.0 la vista del Angel tan elado del

905.0 780.0 637.0 57.0 temor el santo Rey, y tan sin vi-

897.0 823.0 648.0 64.0 gor los brios, y tan paralytico

896.0 875.0 650.0 56.0 en fin, que por mas ropa que

893.0 919.0 653.0 60.0 le abrigaba el lecho, no podia

904.0 964.0 637.0 59.0 hallar abrigo. Eran tambien se-

905.0 1013.0 638.0 60.0 tenta años los que ya brumaban

896.0 1078.0 6.0 42.0 á David, que con las guerras,

905.0 1107.0 638.0 57.0 cuidados, fatigas, y cansancios,

897.0 1161.0 8.0 46.0 tenia postrados sus alientos. Vi-

903.0 1198.0 639.0 61.0 no por último con tantos traba-

899.0 1257.0 4.0 49.0 jos á postrarse en la cama. Ha-

896.0 1301.0 7.0 49.0 llabanse los amigos de David tan

898.0 1340.0 644.0 65.0 lastimados de su dolencia, que

898.0 1388.0 643.0 59.0 inquiriendo los Medicos mas sa-

889.0 1441.0 9.0 49.0 bios, solicitaban remedios ex-

898.0 1482.0 642.0 63.0 quisitos. Convinieron algunos,

898.0 1526.0 645.0 60.0 que para aquella frialdad de

898.0 1577.0 644.0 60.0 miembros, ó paralypsis, era

898.0 1625.0 645.0 56.0 acertado remedio buscar una

898.0 1668.0 643.0 59.0 doncella moza, cuyo calor natu-

893.0 1717.0 645.0 54.0 ral le abrigase, y desentumeciese

893.0 1765.0 647.0 56.0 lo pasmado. Buscóse por todo el

893.0 1814.0 644.0 60.0 Reyno, y tal, que tuviese partes,

893.0 1859.0 645.0 58.0 y calidades para el caso, como

893.0 1905.0 644.0 59.0 merecedora de ser muger de un

893.0 1955.0 640.0 57.0 Rey ( pues menos que con este

893.0 2001.0 643.0 59.0 título, no habia de querer el san-

893.0 2049.0 640.0 68.0 to viejo meter mugeres consigo,
