1690 2324
1422 83 85 91 23

144.0 158.0 650.0 65.0 la matanza mas sangrienta, que

146.0 207.0 652.0 62.0 lloró aquel Paganismo. Conclui-

144.0 253.0 649.0 62.0 do el estrago, dieronse muy des-

144.0 300.0 648.0 61.0 pacio á recoger los despojos,

144.0 347.0 648.0 58.0 que fueron muy ricos, y quán-

143.0 388.0 649.0 66.0 tiosos. Volviéronse á su Ciudad,

147.0 441.0 650.0 63.0 y procuraron recuperarla en al-

143.0 488.0 460.0 62.0 go del estrago pasado.

182.0 535.0 616.0 57.0 En tanto que acontecía esto

143.0 581.0 650.0 60.0 con David, andaban los Philis-

147.0 631.0 647.0 58.0 teos, y Saul en su grande ba-

147.0 673.0 647.0 66.0 talla. Los principios de ella fue-

141.0 730.0 653.0 54.0 ron favorables hácia Saul; pero

143.0 772.0 651.0 58.0 desgajándose de las cumbres mul-

140.0 815.0 654.0 62.0 titud de Philisteos , lloviendo

143.0 869.0 647.0 58.0 saetas sobre los Israélitas, co-

142.0 912.0 648.0 58.0 menzaron á desmayar estos, y

140.0 959.0 648.0 58.0 á huir. Era el estrago muy cruel,

139.0 1005.0 649.0 62.0 mucha la matanza, y grande el

138.0 1053.0 651.0 58.0 destrozo. Confuso, y despecha-

139.0 1101.0 655.0 58.0 do andaba Saul, acudiendo con

138.0 1149.0 656.0 50.0 esfuerzo, y valentía donde la ma-

138.0 1191.0 652.0 63.0 yor necesidad le llamaba. Pero

136.0 1244.0 654.0 60.0 quando ya vió desbaratado su

133.0 1288.0 652.0 61.0 campo, sus hijos muertos, sus

135.0 1337.0 654.0 59.0 Capitanes vencidos, y que su

131.0 1378.0 648.0 64.0 cuerpo iba ya hecho una criva

129.0 1421.0 650.0 62.0 de las flechas, temiendo que el

131.0 1475.0 648.0 60.0 enemigo se apoderase de él, se

139.0 1524.0 640.0 58.0 retiró poco á poco á un recodo

129.0 1566.0 650.0 56.0 de la selva, donde troncos, y

133.0 1617.0 648.0 58.0 peñascos le dieron lugar oculto.

129.0 1657.0 650.0 66.0 Fuele siguiendo Doech, que co-

127.0 1713.0 652.0 57.0 mo era su valído; nunca dexó su

135.0 1760.0 651.0 56.0 lado. Dixole Saul á éste, que le

125.0 1797.0 661.0 64.0 matase, supuesto estar con mil

125.0 1847.0 661.0 62.0 heridas mortales, pues no quie-

125.0 1895.0 661.0 61.0 ro esperar á que estos Paganos

124.0 1942.0 662.0 66.0 me hagan alguna afrenta : que

124.0 1994.0 662.0 56.0 mas vale que me hallen muerto,

125.0 2039.0 661.0 79.0 que no que atado á sus Carros,

825.0 171.0 662.0 51.0 sea mi muerte gloria de sus

821.0 202.0 189.0 54.0 triunfos.

873.0 246.0 614.0 65.0 Negóse Doech á estas razo-

823.0 298.0 664.0 59.0 nes, y viendo que no queria éste

821.0 343.0 663.0 59.0 obedecerle, tomó su mismo ace-

824.0 393.0 663.0 53.0 ro por la punta, y arrojándose

819.0 436.0 668.0 64.0 sobre él con gran despecho, se

824.0 489.0 660.0 61.0 atravesó el cuerpo, y empezó

820.0 533.0 663.0 58.0 entre bascas, y angustias á aca-

824.0 579.0 659.0 65.0 bar con su vida. Viendo Doech

813.0 629.0 663.0 62.0 á Saul de esta manera, y con-

815.0 675.0 654.0 64.0 siderándose émulo de David, y

823.0 719.0 655.0 63.0 que faltando Saul habia de em-

824.0 768.0 656.0 62.0 puñar el Cetro, comenzó á te-

824.0 817.0 656.0 59.0 merle ; y por no verse sujeto á

821.0 867.0 649.0 52.0 quien tenia hechas tan malas au-

821.0 904.0 651.0 60.0 sencias, se quitó tambien la vida.

823.0 955.0 649.0 59.0 Ne paró en esto la desgracia de

823.0 1000.0 649.0 63.0 Saul. Encontraronle los Philis-

816.0 1050.0 658.0 62.0 teos muerto, y tambien á sus

816.0 1100.0 656.0 60.0 hijos: cortaron la cabeza al Rey,

815.0 1150.0 657.0 61.0 y puesta en una hasta, dieron

817.0 1191.0 653.0 63.0 vuelta con ella por todos los Rea-

816.0 1238.0 654.0 59.0 les con algazaras festivas. Lleva-

815.0 1285.0 654.0 61.0 ronla tambien de Pueblo en Pue-

813.0 1333.0 654.0 60.0 blo para que todos la viesen, y

808.0 1382.0 653.0 62.0 se holgasen; y para mayor afren-

808.0 1429.0 655.0 62.0 ta colgaron el cuerpo con los de

808.0 1477.0 653.0 51.0 sus tres hijos sobre el muro de

808.0 1516.0 651.0 66.0 Betesán, desnudo, y lastimado.

808.0 1566.0 653.0 62.0 Pero los de Jabes, en fuerza de

808.0 1617.0 651.0 64.0 agradecidos, le quitaron de los

810.0 1663.0 649.0 70.0 muros, y compasivos le dieron

810.0 1715.0 193.0 64.0 sepulcro.

804.0 1760.0 655.0 58.0 Hallábase entonces David re-

804.0 1799.0 655.0 60.0 cuperando las ruinas de su Ciu-

804.0 1851.0 655.0 58.0 dad de Sicelech, quando llegó

804.0 1901.0 653.0 58.0 á él un hombre cubierto de san-

804.0 1946.0 653.0 66.0 gre, y polvo, rasgado el vesti-

806.0 1998.0 647.0 58.0 do. Preguntóle David ¿quién era,

806.0 2041.0 651.0 83.0 y de donde venía? A lo qual
