1704 2329
215.0 102.0 57.0 66.0 18

209.0 143.0 655.0 74.0 "mi vida, Lo otro, porque de-

211.0 215.0 653.0 48.0 "bes desenojarte es, porque ha-

209.0 252.0 655.0 58.0 "ciendo lo que te suplico usa-

209.0 298.0 655.0 64.0 "rá contigo Dios de su miseri-

209.0 349.0 655.0 60.0 "cordia, dándote la corona que

217.0 395.0 645.0 61.0 "te tiene prometida, para que

215.0 444.0 647.0 58.0 "como Rey defiendas en las

209.0 492.0 653.0 55.0 "guerras á su pueblo; y asi quien

211.0 533.0 655.0 68.0 "espera dignidad tan grande, no

204.0 584.0 662.0 64.0 "ha de tener malicia, si no estar

205.0 636.0 661.0 56.0 "siempre vestido de inocencia.

207.0 681.0 659.0 62.0 "Lo otro, porque si fueres pia-

205.0 721.0 655.0 68.0 "doso, tendrás á Dios por guar-

204.0 768.0 656.0 68.0 "da de tu vida, contra qualquier

205.0 819.0 655.0 56.0 "insolente, que quisiere quitar-

205.0 871.0 655.0 54.0 "tela. Lo último, debes darme

204.0 908.0 656.0 62.0 "gusto por la quietud de tu

202.0 954.0 656.0 62.0 "misma conciencia ; porque si

200.0 1003.0 658.0 62.0 "quando Dios te hubiere dado

202.0 1049.0 656.0 68.0 "todos los bienes, que he dicho

204.0 1102.0 654.0 60.0 "y te hubiere constituido por

200.0 1152.0 664.0 59.0 "Rey de Israél, ¿no te sirviera de

200.0 1189.0 664.0 60.0 "tristeza, de suspiros, y de llan-

200.0 1238.0 664.0 60.0 "to, no te hiciera grande es-

196.0 1284.0 668.0 66.0 "crupulo haber derramado san-

196.0 1333.0 668.0 66.0 "gre de inocentes, y haber to-

198.0 1379.0 666.0 63.0 "mado venganza por tus manos?

198.0 1432.0 660.0 62.0 "Claro está que sí. Ea pues, Se-

198.0 1480.0 660.0 59.0 "ñor, quando habiendo usado

200.0 1517.0 658.0 60.0 "de esta galantería, te acorda-

202.0 1566.0 641.0 64.0 "res despues, que fué esta tu

200.0 1614.0 643.0 66.0 "esclava quien te estorbó una

200.0 1661.0 651.0 66.0 "crueldad, tendrás cuidado de

202.0 1717.0 649.0 58.0 "pagarme lo que en esta parte

203.0 1758.0 318.0 59.0 "me debieres."

252.0 1803.0 602.0 58.0 Atonito, y pasmado estaba

202.0 1847.0 652.0 70.0 David pendiente de las palabras

202.0 1898.0 654.0 58.0 de la matrona discreta, que aun-

205.0 1948.0 651.0 54.0 que al priacipio le embelesó la

204.0 1997.0 652.0 56.0 hermosura, al oirla hablar le

205.0 2041.0 651.0 80.0 arrobó la discrecion; lo hermo-

887.0 153.0 655.0 66.0 sa le puso tierno; pero lo avisa-

887.0 201.0 657.0 70.0 da le dexó rendido; la beldad,

887.0 260.0 659.0 58.0 y gentileza le robaron los eno-

889.0 306.0 657.0 58.0 jos; mas las bien dichas razones

887.0 345.0 659.0 64.0 le arrastraron los afectos, y asi

889.0 392.0 651.0 66.0 prorrumpió diciendo : "Bendi-

891.0 442.0 651.0 64.0 "to, y loado sea el Dios de

891.0 485.0 653.0 70.0 "Israel, pues él ha sido quien

889.0 541.0 651.0 50.0 "con tan dichoso encuentro te

887.0 580.0 655.0 60.0 "ha enviado hoy á ser rémo-

889.0 628.0 653.0 60.0 "ra de mis pasos. Bendito sea

889.0 685.0 647.0 54.0 "tambien tu lenguage discreto,

887.0 723.0 651.0 63.0 "tus sazonadas palabras, y ben-

887.0 766.0 649.0 64.0 "dita seas tú, que me has impe-

887.0 826.0 651.0 55.0 "dido hacer tan sangriento es-

887.0 867.0 647.0 58.0 "trago aun en vidas inocentes,

887.0 912.0 651.0 66.0 "que á no ser por tí antes que

889.0 964.0 647.0 52.0 "mañana el Sol bañara con luz

889.0 999.0 645.0 70.0 "los campos, no quedára de Na-

889.0 1049.0 645.0 65.0 "bal anima viviente. Tu regalo

889.0 1102.0 647.0 60.0 "recibo, que es como de tu

880.0 1148.0 654.0 61.0 "mano : vuelvete á tu casa en

880.0 1189.0 654.0 60.0 "paz, que yo quedo sin eno-

880.0 1236.0 654.0 66.0 "jos, porque escuchando tus

880.0 1284.0 653.0 66.0 "ruegos, fuera grosería mia de-

880.0 1335.0 649.0 58.0 "xar salpicar tu cara con rubies

880.0 1379.0 647.0 66.0 "de venganza ; y asi yo hago

882.0 1432.0 645.0 54.0 "quanto me pides, y tomo lo

882.0 1476.0 643.0 66.0 "que me das, porque en todo

882.0 1523.0 584.0 58.0 "vayas servida, y contenta."

897.0 1574.0 627.0 58.0 Retiróse David con su gente,

880.0 1614.0 641.0 66.0 loando la prudencia, discrecion,

878.0 1667.0 645.0 64.0 y hermosura de Abigail, y ésta

880.0 1709.0 643.0 70.0 no menos admirada, y gustosa

877.0 1764.0 645.0 53.0 se volvió con sus criados, en-

880.0 1803.0 641.0 66.0 grandeciendo la galantería, con

880.0 1851.0 639.0 60.0 que habia andado David. Llegó

874.0 1900.0 647.0 66.0 al Carmelo, y encontró á su

874.0 1946.0 641.0 66.0 marido muy alegre, y bien be-

874.0 1991.0 641.0 66.0 bido, como acostumbraba. Hi-

876.0 2049.0 639.0 68.0 zole recoger como prudente,
