<?xml version="1.0" encoding="UTF-8"?>
<alto xmlns:xsi="http://www.w3.org/2001/XMLSchema-instance"
      xmlns="http://www.loc.gov/standards/alto/ns-v4#"
      xsi:schemaLocation="http://www.loc.gov/standards/alto/ns-v4# http://www.loc.gov/standards/alto/v4/alto-4-2.xsd">
  <Description>
    <MeasurementUnit>pixel</MeasurementUnit>
    <sourceImageInformation>
      <fileName>Varios_428_10.jpg</fileName>
      
    </sourceImageInformation>
  </Description>
  
  <Tags>
    <OtherTag ID="BT221" LABEL="CustomZone:impresorNum" DESCRIPTION="block type CustomZone:impresorNum"/><OtherTag ID="BT222" LABEL="CustomZone:numero_pliego" DESCRIPTION="block type CustomZone:numero_pliego"/><OtherTag ID="BT223" LABEL="CustomZone:title" DESCRIPTION="block type CustomZone:title"/><OtherTag ID="BT224" LABEL="GraphicZone:illustration" DESCRIPTION="block type GraphicZone:illustration"/><OtherTag ID="BT225" LABEL="GraphicZone:ornamentation" DESCRIPTION="block type GraphicZone:ornamentation"/><OtherTag ID="BT226" LABEL="MainZone" DESCRIPTION="block type MainZone"/><OtherTag ID="BT227" LABEL="MainZone:columns" DESCRIPTION="block type MainZone:columns"/><OtherTag ID="BT228" LABEL="MarginTextZone:colophon" DESCRIPTION="block type MarginTextZone:colophon"/><OtherTag ID="BT229" LABEL="MarginTextZone:note" DESCRIPTION="block type MarginTextZone:note"/><OtherTag ID="BT230" LABEL="MusicZone" DESCRIPTION="block type MusicZone"/><OtherTag ID="BT231" LABEL="NumberingZone:page" DESCRIPTION="block type NumberingZone:page"/><OtherTag ID="BT232" LABEL="QuireMarksZone:catchwords" DESCRIPTION="block type QuireMarksZone:catchwords"/><OtherTag ID="BT233" LABEL="QuireMarksZone:signature" DESCRIPTION="block type QuireMarksZone:signature"/><OtherTag ID="BT234" LABEL="RunningTitleZone" DESCRIPTION="block type RunningTitleZone"/>
    <OtherTag ID="LT81" LABEL="CustomLine:propriedad" DESCRIPTION="line type CustomLine:propriedad"/><OtherTag ID="LT82" LABEL="CustomLine:trailer" DESCRIPTION="line type CustomLine:trailer"/><OtherTag ID="LT83" LABEL="DefaultLine" DESCRIPTION="line type DefaultLine"/><OtherTag ID="LT84" LABEL="HeadingLine" DESCRIPTION="line type HeadingLine"/>
  </Tags>
  
  <Layout>
    <Page WIDTH="1700"
          HEIGHT="2324"
          PHYSICAL_IMG_NR="9"
          ID="eSc_dummypage_">
      <PrintSpace HPOS="0"
                  VPOS="0"
                  WIDTH="1700"
                  HEIGHT="2324">
        
        <TextBlock HPOS="202.0"
                   VPOS="100.0"
                   WIDTH="104.0"
                   HEIGHT="73.0"
                   ID="eSc_textblock_84615f00"
                   TAGREFS="BT231">
          <Shape><Polygon POINTS="202 100 202 173 306 173 306 100"/></Shape>
          
          
          <TextLine ID="line_0"
                    TAGREFS="LT83"
                    BASELINE="218 154 281 152" 
                    HPOS="217.0"
                    VPOS="138.0"
                    WIDTH="64.0"
                    HEIGHT="32.0">
            <Shape><Polygon POINTS="268 138 255 138 242 138 229 138 217 138 218 154 218 163 232 170 233 170 235 170 281 160 281 152 277 138 268 138"/></Shape>
	    <String CONTENT="10"
                    HPOS="217.0"
                    VPOS="138.0"
                    WIDTH="64.0"
                    HEIGHT="32.0"></String>
          </TextLine>

          
        </TextBlock>
        
        <TextBlock HPOS="168.0"
                   VPOS="173.0"
                   WIDTH="730.0"
                   HEIGHT="1984.0"
                   ID="block_0"
                   TAGREFS="BT227">
          <Shape><Polygon POINTS="168 176 873 173 898 2157 168 2157 171 244"/></Shape>
          
          
          <TextLine ID="line_1"
                    TAGREFS="LT83"
                    BASELINE="217 203 861 203" 
                    HPOS="217.0"
                    VPOS="184.0"
                    WIDTH="644.0"
                    HEIGHT="41.0">
            <Shape><Polygon POINTS="850 184 837 184 824 184 811 184 798 184 785 184 772 184 759 184 746 184 733 184 720 184 707 184 694 184 682 184 669 184 656 184 643 184 630 184 617 184 604 184 591 184 578 184 565 184 552 184 539 184 527 184 514 184 501 184 488 184 475 184 462 184 449 184 436 184 423 184 410 184 397 184 384 184 372 184 359 184 346 184 333 184 320 184 307 184 294 184 281 184 268 184 255 184 242 184 229 184 217 184 217 203 217 225 248 219 282 225 285 225 286 225 288 225 289 225 298 218 326 224 328 224 387 218 406 224 410 225 412 225 413 225 425 224 470 218 488 224 493 225 494 225 496 225 497 225 502 224 518 218 573 223 599 225 600 225 621 223 657 218 667 223 674 225 675 225 676 225 694 222 719 218 759 218 764 222 768 225 769 225 771 225 772 225 773 225 775 225 778 222 785 218 860 220 861 203 860 184 850 184"/></Shape>
	    <String CONTENT="pre los Philisteos procurarian"
                    HPOS="217.0"
                    VPOS="184.0"
                    WIDTH="644.0"
                    HEIGHT="41.0"></String>
          </TextLine>

          
          
          <TextLine ID="line_2"
                    TAGREFS="LT83"
                    BASELINE="217 245 862 251" 
                    HPOS="215.0"
                    VPOS="211.0"
                    WIDTH="647.0"
                    HEIGHT="64.0">
            <Shape><Polygon POINTS="217 245 215 256 257 271 258 271 259 271 329 269 330 269 331 269 346 260 397 272 399 272 501 264 528 272 529 272 530 272 532 272 533 272 542 264 577 264 603 275 604 275 605 275 662 264 673 263 776 265 777 265 786 273 787 273 789 273 790 275 813 275 813 273 815 273 816 273 816 272 822 267 825 264 860 267 862 251 861 219 781 215 780 215 778 215 777 215 773 218 768 222 758 218 747 215 746 215 745 215 744 215 742 215 740 218 732 223 692 218 654 214 653 214 652 214 643 218 634 222 617 218 598 214 596 214 569 218 551 220 545 218 534 214 533 214 532 214 503 218 483 220 476 218 463 211 462 211 461 211 459 211 441 218 435 220 390 220 387 218 382 213 382 211 381 211 379 211 378 211 377 211 356 218 350 219 339 218 304 211 303 211 217 216 217 245"/></Shape>
	    <String CONTENT="vengar la afrenta que les habia"
                    HPOS="215.0"
                    VPOS="211.0"
                    WIDTH="647.0"
                    HEIGHT="64.0"></String>
          </TextLine>

          
          
          <TextLine ID="line_3"
                    TAGREFS="LT83"
                    BASELINE="217 295 359 295" 
                    HPOS="217.0"
                    VPOS="255.0"
                    WIDTH="142.0"
                    HEIGHT="57.0">
            <Shape><Polygon POINTS="217 295 217 308 357 312 359 295 359 265 264 265 217 255 217 295"/></Shape>
	    <String CONTENT="hecho."
                    HPOS="217.0"
                    VPOS="255.0"
                    WIDTH="142.0"
                    HEIGHT="57.0"></String>
          </TextLine>

          
          
          <TextLine ID="line_4"
                    TAGREFS="LT83"
                    BASELINE="263 344 870 343" 
                    HPOS="262.0"
                    VPOS="303.0"
                    WIDTH="608.0"
                    HEIGHT="61.0">
            <Shape><Polygon POINTS="263 344 263 355 384 355 387 356 395 362 395 364 396 364 397 364 399 364 444 357 462 355 561 355 578 358 604 364 605 364 661 358 693 356 700 358 710 364 711 364 713 364 869 360 870 343 868 313 813 304 812 304 811 304 809 304 809 305 802 312 802 313 698 313 696 312 679 303 678 303 555 303 554 303 552 303 525 311 524 311 521 311 497 303 496 303 494 303 493 303 471 311 465 313 381 313 374 309 361 303 360 303 359 303 262 308 263 344"/></Shape>
	    <String CONTENT="Salió por fin David con la"
                    HPOS="262.0"
                    VPOS="303.0"
                    WIDTH="608.0"
                    HEIGHT="61.0"></String>
          </TextLine>

          
          
          <TextLine ID="line_5"
                    TAGREFS="LT83"
                    BASELINE="215 391 864 388" 
                    HPOS="214.0"
                    VPOS="352.0"
                    WIDTH="650.0"
                    HEIGHT="59.0">
            <Shape><Polygon POINTS="215 391 215 411 339 404 450 407 537 411 538 411 565 406 586 402 612 405 652 410 653 410 693 404 700 404 704 404 746 410 747 410 749 410 750 410 760 402 762 402 771 402 843 410 844 410 846 410 864 401 864 388 860 352 711 361 696 353 694 353 693 353 692 353 675 360 643 355 642 355 640 355 639 355 626 364 564 364 546 353 545 353 543 353 542 353 521 365 338 365 310 355 308 355 307 355 306 355 277 364 266 356 264 356 263 356 214 355 215 391"/></Shape>
	    <String CONTENT="empresa ; porque acometiendo"
                    HPOS="214.0"
                    VPOS="352.0"
                    WIDTH="650.0"
                    HEIGHT="59.0"></String>
          </TextLine>

          
          
          <TextLine ID="line_17"
                    TAGREFS="LT83"
                    BASELINE="219 436 863 435" 
                    HPOS="215.0"
                    VPOS="398.0"
                    WIDTH="647.0"
                    HEIGHT="60.0">
            <Shape><Polygon POINTS="217 435 217 458 860 449 862 433 858 404 215 398 217 435"/></Shape>
	    <String CONTENT="con sus soldados á una multi-"
                    HPOS="215.0"
                    VPOS="398.0"
                    WIDTH="647.0"
                    HEIGHT="60.0"></String>
          </TextLine>

          
          
          <TextLine ID="line_18"
                    TAGREFS="LT83"
                    BASELINE="215 485 865 482" 
                    HPOS="211.0"
                    VPOS="441.0"
                    WIDTH="653.0"
                    HEIGHT="64.0">
            <Shape><Polygon POINTS="213 484 213 505 862 499 864 480 860 441 240 441 238 441 236 441 211 449 213 484"/></Shape>
	    <String CONTENT="tud de Acaronitas dexó en el"
                    HPOS="211.0"
                    VPOS="441.0"
                    WIDTH="653.0"
                    HEIGHT="64.0"></String>
          </TextLine>

          
          
          <TextLine ID="line_6"
                    TAGREFS="LT83"
                    BASELINE="217 530 865 530" 
                    HPOS="215.0"
                    VPOS="495.0"
                    WIDTH="649.0"
                    HEIGHT="53.0">
            <Shape><Polygon POINTS="215 528 215 548 864 548 864 528 864 495 215 495 215 528"/></Shape>
	    <String CONTENT="campo muertos doscientos, y con"
                    HPOS="215.0"
                    VPOS="495.0"
                    WIDTH="649.0"
                    HEIGHT="53.0"></String>
          </TextLine>

          
          
          <TextLine ID="line_20"
                    TAGREFS="LT83"
                    BASELINE="219 578 863 576" 
                    HPOS="215.0"
                    VPOS="538.0"
                    WIDTH="647.0"
                    HEIGHT="64.0">
            <Shape><Polygon POINTS="217 577 217 602 279 592 858 594 862 575 858 544 215 538 217 577"/></Shape>
	    <String CONTENT="sus cabezas cumplió al Rey el tra-"
                    HPOS="215.0"
                    VPOS="538.0"
                    WIDTH="647.0"
                    HEIGHT="64.0"></String>
          </TextLine>

          
          
          <TextLine ID="line_7"
                    TAGREFS="LT83"
                    BASELINE="218 623 862 623" 
                    HPOS="217.0"
                    VPOS="581.0"
                    WIDTH="643.0"
                    HEIGHT="67.0">
            <Shape><Polygon POINTS="217 621 217 648 860 646 860 621 858 581 217 588 217 621"/></Shape>
	    <String CONTENT="to doble. Vióse éste precisado á"
                    HPOS="217.0"
                    VPOS="581.0"
                    WIDTH="643.0"
                    HEIGHT="67.0"></String>
          </TextLine>

          
          
          <TextLine ID="line_22"
                    TAGREFS="LT83"
                    BASELINE="220 670 872 668" 
                    HPOS="217.0"
                    VPOS="635.0"
                    WIDTH="653.0"
                    HEIGHT="56.0">
            <Shape><Polygon POINTS="219 668 219 691 868 689 870 666 866 637 217 635 219 668"/></Shape>
	    <String CONTENT="darle á Michol ; aunque interior-"
                    HPOS="217.0"
                    VPOS="635.0"
                    WIDTH="653.0"
                    HEIGHT="56.0"></String>
          </TextLine>

          
          
          <TextLine ID="line_23"
                    TAGREFS="LT83"
                    BASELINE="220 719 871 716" 
                    HPOS="217.0"
                    VPOS="673.0"
                    WIDTH="653.0"
                    HEIGHT="70.0">
            <Shape><Polygon POINTS="219 718 219 741 364 733 376 739 385 743 387 743 389 743 391 743 403 737 414 733 459 737 540 743 542 743 544 743 569 733 577 732 587 733 618 741 620 741 622 743 852 743 852 741 854 741 856 741 870 730 870 714 866 683 544 673 542 673 540 673 538 673 538 675 536 675 531 683 228 675 226 675 224 675 222 675 222 677 217 681 219 718"/></Shape>
	    <String CONTENT="mente bastante resentido. Ama-"
                    HPOS="217.0"
                    VPOS="673.0"
                    WIDTH="653.0"
                    HEIGHT="70.0"></String>
          </TextLine>

          
          
          <TextLine ID="line_24"
                    TAGREFS="LT83"
                    BASELINE="223 765 872 763" 
                    HPOS="220.0"
                    VPOS="724.0"
                    WIDTH="650.0"
                    HEIGHT="62.0">
            <Shape><Polygon POINTS="222 764 222 786 868 778 870 761 864 724 220 726 222 764"/></Shape>
	    <String CONTENT="banse los dos consortes por ex-"
                    HPOS="220.0"
                    VPOS="724.0"
                    WIDTH="650.0"
                    HEIGHT="62.0"></String>
          </TextLine>

          
          
          <TextLine ID="line_25"
                    TAGREFS="LT83"
                    BASELINE="223 810 871 809" 
                    HPOS="220.0"
                    VPOS="774.0"
                    WIDTH="650.0"
                    HEIGHT="58.0">
            <Shape><Polygon POINTS="222 809 222 826 866 832 870 807 866 780 220 774 222 809"/></Shape>
	    <String CONTENT="tremo : y esto, que pudiera cau-"
                    HPOS="220.0"
                    VPOS="774.0"
                    WIDTH="650.0"
                    HEIGHT="58.0"></String>
          </TextLine>

          
          
          <TextLine ID="line_26"
                    TAGREFS="LT83"
                    BASELINE="224 858 874 857" 
                    HPOS="220.0"
                    VPOS="826.0"
                    WIDTH="652.0"
                    HEIGHT="55.0">
            <Shape><Polygon POINTS="222 857 222 881 870 871 872 856 868 826 220 826 222 857"/></Shape>
	    <String CONTENT="sar gusto á Saul, le engendró"
                    HPOS="220.0"
                    VPOS="826.0"
                    WIDTH="652.0"
                    HEIGHT="55.0"></String>
          </TextLine>

          
          
          <TextLine ID="line_27"
                    TAGREFS="LT83"
                    BASELINE="222 907 871 904" 
                    HPOS="219.0"
                    VPOS="873.0"
                    WIDTH="651.0"
                    HEIGHT="54.0">
            <Shape><Polygon POINTS="220 906 220 927 868 925 870 902 866 873 219 873 220 906"/></Shape>
	    <String CONTENT="mas veneno , con que se avivó"
                    HPOS="219.0"
                    VPOS="873.0"
                    WIDTH="651.0"
                    HEIGHT="54.0"></String>
          </TextLine>

          
          
          <TextLine ID="line_28"
                    TAGREFS="LT83"
                    BASELINE="223 952 874 950" 
                    HPOS="220.0"
                    VPOS="912.0"
                    WIDTH="652.0"
                    HEIGHT="60.0">
            <Shape><Polygon POINTS="222 950 222 972 870 966 872 948 866 912 220 917 222 950"/></Shape>
	    <String CONTENT="su envidia : porque empezó á"
                    HPOS="220.0"
                    VPOS="912.0"
                    WIDTH="652.0"
                    HEIGHT="60.0"></String>
          </TextLine>

          
          
          <TextLine ID="line_29"
                    TAGREFS="LT83"
                    BASELINE="227 1000 876 997" 
                    HPOS="224.0"
                    VPOS="954.0"
                    WIDTH="650.0"
                    HEIGHT="62.0">
            <Shape><Polygon POINTS="226 999 226 1016 872 1014 874 995 868 954 224 958 226 999"/></Shape>
	    <String CONTENT="temer á David, pareciendole ya"
                    HPOS="224.0"
                    VPOS="954.0"
                    WIDTH="650.0"
                    HEIGHT="62.0"></String>
          </TextLine>

          
          
          <TextLine ID="line_8"
                    TAGREFS="LT83"
                    BASELINE="226 1045 872 1045" 
                    HPOS="224.0"
                    VPOS="1005.0"
                    WIDTH="646.0"
                    HEIGHT="62.0">
            <Shape><Polygon POINTS="224 1043 224 1065 868 1067 870 1043 870 1010 224 1005 224 1043"/></Shape>
	    <String CONTENT="Rey, antes que yerno. Tramó"
                    HPOS="224.0"
                    VPOS="1005.0"
                    WIDTH="646.0"
                    HEIGHT="62.0"></String>
          </TextLine>

          
          
          <TextLine ID="line_31"
                    TAGREFS="LT83"
                    BASELINE="229 1093 880 1092" 
                    HPOS="226.0"
                    VPOS="1053.0"
                    WIDTH="652.0"
                    HEIGHT="56.0">
            <Shape><Polygon POINTS="228 1092 228 1109 876 1105 878 1090 874 1059 226 1053 228 1092"/></Shape>
	    <String CONTENT="resueltamente con los suyos, que"
                    HPOS="226.0"
                    VPOS="1053.0"
                    WIDTH="652.0"
                    HEIGHT="56.0"></String>
          </TextLine>

          
          
          <TextLine ID="line_32"
                    TAGREFS="LT83"
                    BASELINE="220 1141 880 1137" 
                    HPOS="217.0"
                    VPOS="1096.0"
                    WIDTH="661.0"
                    HEIGHT="62.0">
            <Shape><Polygon POINTS="219 1140 219 1158 878 1158 878 1136 874 1101 217 1096 219 1140"/></Shape>
	    <String CONTENT="le matasen, para quitar delante"
                    HPOS="217.0"
                    VPOS="1096.0"
                    WIDTH="661.0"
                    HEIGHT="62.0"></String>
          </TextLine>

          
          
          <TextLine ID="line_9"
                    TAGREFS="LT83"
                    BASELINE="227 1185 872 1183" 
                    HPOS="224.0"
                    VPOS="1150.0"
                    WIDTH="646.0"
                    HEIGHT="54.0">
            <Shape><Polygon POINTS="226 1183 226 1204 868 1204 870 1181 866 1150 224 1150 226 1183"/></Shape>
	    <String CONTENT="de sí este padrastro. Supolo Jo-"
                    HPOS="224.0"
                    VPOS="1150.0"
                    WIDTH="646.0"
                    HEIGHT="54.0"></String>
          </TextLine>

          
          
          <TextLine ID="line_34"
                    TAGREFS="LT83"
                    BASELINE="227 1233 872 1230" 
                    HPOS="224.0"
                    VPOS="1189.0"
                    WIDTH="646.0"
                    HEIGHT="62.0">
            <Shape><Polygon POINTS="226 1231 226 1247 866 1251 870 1229 868 1200 831 1189 829 1189 827 1189 825 1189 802 1198 385 1189 383 1189 337 1198 261 1189 259 1189 257 1189 224 1200 226 1231"/></Shape>
	    <String CONTENT="natás, y al punto avisó, como"
                    HPOS="224.0"
                    VPOS="1189.0"
                    WIDTH="646.0"
                    HEIGHT="62.0"></String>
          </TextLine>

          
          
          <TextLine ID="line_35"
                    TAGREFS="LT83"
                    BASELINE="229 1279 876 1277" 
                    HPOS="226.0"
                    VPOS="1237.0"
                    WIDTH="648.0"
                    HEIGHT="58.0">
            <Shape><Polygon POINTS="228 1278 228 1295 872 1295 874 1276 870 1247 290 1237 288 1237 226 1247 228 1278"/></Shape>
	    <String CONTENT="amigo fino á David, que se au-"
                    HPOS="226.0"
                    VPOS="1237.0"
                    WIDTH="648.0"
                    HEIGHT="58.0"></String>
          </TextLine>

          
          
          <TextLine ID="line_36"
                    TAGREFS="LT83"
                    BASELINE="231 1325 875 1324" 
                    HPOS="228.0"
                    VPOS="1278.0"
                    WIDTH="646.0"
                    HEIGHT="64.0">
            <Shape><Polygon POINTS="734 1278 732 1278 730 1278 686 1287 228 1280 230 1324 230 1342 872 1338 874 1322 868 1278 771 1287 736 1278 734 1278"/></Shape>
	    <String CONTENT="sentase de Palacio. Ocultóse Da-"
                    HPOS="228.0"
                    VPOS="1278.0"
                    WIDTH="646.0"
                    HEIGHT="64.0"></String>
          </TextLine>

          
          
          <TextLine ID="line_37"
                    TAGREFS="LT83"
                    BASELINE="232 1371 881 1370" 
                    HPOS="230.0"
                    VPOS="1330.0"
                    WIDTH="650.0"
                    HEIGHT="58.0">
            <Shape><Polygon POINTS="230 1369 230 1388 880 1388 880 1369 880 1340 230 1330 230 1369"/></Shape>
	    <String CONTENT="vid en su casa, donde la dis-"
                    HPOS="230.0"
                    VPOS="1330.0"
                    WIDTH="650.0"
                    HEIGHT="58.0"></String>
          </TextLine>

          
          
          <TextLine ID="line_38"
                    TAGREFS="LT83"
                    BASELINE="232 1418 877 1416" 
                    HPOS="228.0"
                    VPOS="1373.0"
                    WIDTH="648.0"
                    HEIGHT="64.0">
            <Shape><Polygon POINTS="230 1417 230 1437 874 1431 876 1415 872 1382 259 1373 257 1373 255 1373 228 1382 230 1417"/></Shape>
	    <String CONTENT="creta Michol le consolaba animo-"
                    HPOS="228.0"
                    VPOS="1373.0"
                    WIDTH="648.0"
                    HEIGHT="64.0"></String>
          </TextLine>

          
          
          <TextLine ID="line_39"
                    TAGREFS="LT83"
                    BASELINE="229 1465 877 1464" 
                    HPOS="226.0"
                    VPOS="1427.0"
                    WIDTH="650.0"
                    HEIGHT="56.0">
            <Shape><Polygon POINTS="228 1464 228 1483 874 1479 876 1462 872 1431 226 1427 228 1464"/></Shape>
	    <String CONTENT="sa, y le animaba prudente. Jona-"
                    HPOS="226.0"
                    VPOS="1427.0"
                    WIDTH="650.0"
                    HEIGHT="56.0"></String>
          </TextLine>

          
          
          <TextLine ID="line_40"
                    TAGREFS="LT83"
                    BASELINE="233 1510 877 1509" 
                    HPOS="232.0"
                    VPOS="1479.0"
                    WIDTH="644.0"
                    HEIGHT="50.0">
            <Shape><Polygon POINTS="232 1508 232 1529 876 1526 876 1508 876 1479 232 1479 232 1508"/></Shape>
	    <String CONTENT="tás buscaba medios, para apla-"
                    HPOS="232.0"
                    VPOS="1479.0"
                    WIDTH="644.0"
                    HEIGHT="50.0"></String>
          </TextLine>

          
          
          <TextLine ID="line_41"
                    TAGREFS="LT83"
                    BASELINE="240 1555 873 1556" 
                    HPOS="236.0"
                    VPOS="1514.0"
                    WIDTH="636.0"
                    HEIGHT="60.0">
            <Shape><Polygon POINTS="236 1574 870 1574 872 1555 868 1516 259 1524 240 1514 238 1553 236 1574"/></Shape>
	    <String CONTENT="car á su padre, y pudo tanto su"
                    HPOS="236.0"
                    VPOS="1514.0"
                    WIDTH="636.0"
                    HEIGHT="60.0"></String>
          </TextLine>

          
          
          <TextLine ID="line_42"
                    TAGREFS="LT83"
                    BASELINE="233 1604 879 1603" 
                    HPOS="230.0"
                    VPOS="1560.0"
                    WIDTH="648.0"
                    HEIGHT="64.0">
            <Shape><Polygon POINTS="232 1603 232 1624 876 1619 878 1601 872 1566 752 1572 723 1568 678 1560 676 1560 618 1570 600 1572 585 1570 540 1562 538 1562 536 1562 535 1562 523 1572 521 1572 496 1562 494 1562 492 1562 490 1562 488 1562 488 1564 478 1572 478 1574 410 1574 405 1574 255 1560 253 1560 251 1560 250 1560 230 1570 232 1603"/></Shape>
	    <String CONTENT="eficacia, y grandes razones, que"
                    HPOS="230.0"
                    VPOS="1560.0"
                    WIDTH="648.0"
                    HEIGHT="64.0"></String>
          </TextLine>

          
          
          <TextLine ID="line_10"
                    TAGREFS="LT83"
                    BASELINE="237 1651 887 1651" 
                    HPOS="236.0"
                    VPOS="1617.0"
                    WIDTH="649.0"
                    HEIGHT="58.0">
            <Shape><Polygon POINTS="236 1650 236 1669 883 1675 885 1650 885 1617 236 1617 236 1650"/></Shape>
	    <String CONTENT="consiguió el que David volviese"
                    HPOS="236.0"
                    VPOS="1617.0"
                    WIDTH="649.0"
                    HEIGHT="58.0"></String>
          </TextLine>

          
          
          <TextLine ID="line_11"
                    TAGREFS="LT83"
                    BASELINE="232 1700 634 1697" 
                    HPOS="231.0"
                    VPOS="1660.0"
                    WIDTH="403.0"
                    HEIGHT="59.0">
            <Shape><Polygon POINTS="232 1700 232 1718 412 1713 423 1718 425 1719 426 1719 427 1719 428 1719 430 1719 430 1718 431 1718 436 1712 457 1718 458 1718 459 1718 515 1712 631 1718 634 1697 630 1662 302 1666 289 1660 288 1660 286 1660 285 1660 272 1666 231 1660 232 1700"/></Shape>
	    <String CONTENT="á la gracia de Saul."
                    HPOS="231.0"
                    VPOS="1660.0"
                    WIDTH="403.0"
                    HEIGHT="59.0"></String>
          </TextLine>

          
          
          <TextLine ID="line_45"
                    TAGREFS="LT83"
                    BASELINE="286 1744 881 1744" 
                    HPOS="284.0"
                    VPOS="1706.0"
                    WIDTH="596.0"
                    HEIGHT="60.0">
            <Shape><Polygon POINTS="284 1743 284 1758 878 1766 880 1743 880 1712 284 1706 284 1743"/></Shape>
	    <String CONTENT="Tardó poco el volver á su"
                    HPOS="284.0"
                    VPOS="1706.0"
                    WIDTH="596.0"
                    HEIGHT="60.0"></String>
          </TextLine>

          
          
          <TextLine ID="line_46"
                    TAGREFS="LT83"
                    BASELINE="215 1793 883 1791" 
                    HPOS="211.0"
                    VPOS="1756.0"
                    WIDTH="670.0"
                    HEIGHT="60.0">
            <Shape><Polygon POINTS="213 1791 213 1806 833 1816 835 1816 881 1804 881 1789 876 1756 211 1756 213 1791"/></Shape>
	    <String CONTENT="indignacion, porque como na-"
                    HPOS="211.0"
                    VPOS="1756.0"
                    WIDTH="670.0"
                    HEIGHT="60.0"></String>
          </TextLine>

          
          
          <TextLine ID="line_47"
                    TAGREFS="LT83"
                    BASELINE="236 1842 822 1837 883 1837" 
                    HPOS="232.0"
                    VPOS="1801.0"
                    WIDTH="649.0"
                    HEIGHT="62.0">
            <Shape><Polygon POINTS="234 1841 234 1863 798 1863 798 1861 880 1847 881 1835 878 1801 232 1801 234 1841"/></Shape>
	    <String CONTENT="cia su mal de envidia, qual-"
                    HPOS="232.0"
                    VPOS="1801.0"
                    WIDTH="649.0"
                    HEIGHT="62.0"></String>
          </TextLine>

          
          
          <TextLine ID="line_48"
                    TAGREFS="LT83"
                    BASELINE="233 1885 879 1886" 
                    HPOS="232.0"
                    VPOS="1849.0"
                    WIDTH="646.0"
                    HEIGHT="60.0">
            <Shape><Polygon POINTS="232 1884 232 1909 878 1901 878 1884 878 1855 232 1849 232 1884"/></Shape>
	    <String CONTENT="quiera dicha avivaba los incen-"
                    HPOS="232.0"
                    VPOS="1849.0"
                    WIDTH="646.0"
                    HEIGHT="60.0"></String>
          </TextLine>

          
          
          <TextLine ID="line_49"
                    TAGREFS="LT83"
                    BASELINE="237 1936 877 1934" 
                    HPOS="234.0"
                    VPOS="1892.0"
                    WIDTH="642.0"
                    HEIGHT="56.0">
            <Shape><Polygon POINTS="236 1934 236 1948 874 1946 876 1932 872 1895 273 1892 271 1892 269 1892 234 1901 236 1934"/></Shape>
	    <String CONTENT="dios de su enojo. Ocurrió el"
                    HPOS="234.0"
                    VPOS="1892.0"
                    WIDTH="642.0"
                    HEIGHT="56.0"></String>
          </TextLine>

          
          
          <TextLine ID="line_50"
                    TAGREFS="LT83"
                    BASELINE="240 1983 878 1982" 
                    HPOS="238.0"
                    VPOS="1936.0"
                    WIDTH="638.0"
                    HEIGHT="68.0">
            <Shape><Polygon POINTS="238 1981 238 2000 874 2004 876 1981 876 1948 649 1936 647 1936 645 1936 643 1936 643 1938 633 1948 538 1948 503 1936 502 1936 500 1936 498 1936 496 1936 480 1946 447 1936 445 1936 443 1936 441 1936 409 1946 389 1936 387 1936 385 1936 383 1936 362 1946 279 1936 277 1936 275 1936 238 1946 238 1981"/></Shape>
	    <String CONTENT="volver los Philisteos á las armas,"
                    HPOS="238.0"
                    VPOS="1936.0"
                    WIDTH="638.0"
                    HEIGHT="68.0"></String>
          </TextLine>

          
          
          <TextLine ID="line_51"
                    TAGREFS="LT83"
                    BASELINE="245 2032 885 2030" 
                    HPOS="244.0"
                    VPOS="1990.0"
                    WIDTH="641.0"
                    HEIGHT="60.0">
            <Shape><Polygon POINTS="245 2032 244 2002 312 1992 313 1992 549 1998 572 1990 574 1990 644 1999 676 1993 678 1993 780 1999 798 1990 800 1990 885 1998 885 2047 869 2048 868 2048 769 2043 745 2042 705 2043 586 2048 585 2048 549 2045 536 2043 530 2045 516 2050 514 2050 477 2045 462 2043 245 2046"/></Shape>
	    <String CONTENT="y saliendo David contra ellos,"
                    HPOS="244.0"
                    VPOS="1990.0"
                    WIDTH="641.0"
                    HEIGHT="60.0"></String>
          </TextLine>

          
          
          <TextLine ID="line_52"
                    TAGREFS="LT83"
                    BASELINE="238 2078 881 2076" 
                    HPOS="237.0"
                    VPOS="2036.0"
                    WIDTH="644.0"
                    HEIGHT="71.0">
            <Shape><Polygon POINTS="238 2078 237 2042 316 2047 342 2042 365 2037 475 2037 503 2047 525 2042 546 2038 549 2038 563 2042 576 2046 589 2042 608 2037 611 2037 649 2042 657 2043 660 2042 676 2036 679 2036 735 2042 755 2036 758 2036 880 2041 881 2098 844 2103 829 2105 828 2105 809 2104 738 2095 706 2104 701 2105 700 2105 565 2107 563 2107 559 2105 542 2096 374 2096 344 2104 342 2104 255 2099 240 2107"/></Shape>
	    <String CONTENT="los venció, y cargado de despo-"
                    HPOS="237.0"
                    VPOS="2036.0"
                    WIDTH="644.0"
                    HEIGHT="71.0"></String>
          </TextLine>

          
        </TextBlock>
        
        <TextBlock HPOS="879.0"
                   VPOS="173.0"
                   WIDTH="724.0"
                   HEIGHT="1958.0"
                   ID="block_1"
                   TAGREFS="BT227">
          <Shape><Polygon POINTS="1557 182 1603 2128 909 2131 879 173"/></Shape>
          
          
          <TextLine ID="line_12"
                    TAGREFS="LT83"
                    BASELINE="887 205 1528 206" 
                    HPOS="886.0"
                    VPOS="187.0"
                    WIDTH="642.0"
                    HEIGHT="37.0">
            <Shape><Polygon POINTS="1519 187 1506 187 1493 187 1480 187 1467 187 1454 187 1441 187 1428 187 1415 187 1402 187 1389 187 1377 187 1364 187 1351 187 1338 187 1325 187 1312 187 1299 187 1286 187 1273 187 1260 187 1247 187 1234 187 1222 187 1209 187 1196 187 1183 187 1170 187 1157 187 1144 187 1131 187 1118 187 1105 187 1092 187 1079 187 1067 187 1054 187 1041 187 1028 187 1015 187 1002 187 989 187 976 187 963 187 950 187 937 187 924 187 912 187 899 187 887 187 887 205 886 222 1145 216 1189 224 1193 224 1194 224 1197 224 1232 216 1271 224 1273 224 1275 224 1276 224 1295 216 1317 224 1318 224 1320 224 1321 224 1349 216 1458 224 1461 224 1462 224 1463 224 1493 216 1524 224 1528 206 1526 187 1519 187"/></Shape>
	    <String CONTENT="Jos, entró en Jerusalem rico, y"
                    HPOS="886.0"
                    VPOS="187.0"
                    WIDTH="642.0"
                    HEIGHT="37.0"></String>
          </TextLine>

          
          
          <TextLine ID="line_13"
                    TAGREFS="LT83"
                    BASELINE="891 249 1539 249" 
                    HPOS="891.0"
                    VPOS="214.0"
                    WIDTH="648.0"
                    HEIGHT="54.0">
            <Shape><Polygon POINTS="891 249 891 268 1539 264 1539 249 1539 224 1454 224 1451 223 1435 214 1433 214 1432 214 1391 222 1383 223 1370 222 1302 214 1300 214 1299 214 1282 222 1280 222 1278 220 1259 214 1258 214 1256 214 1220 220 1206 223 1191 220 1161 214 1113 214 1112 214 1110 214 1109 214 1109 215 1104 219 1100 223 1073 219 1052 216 1051 216 1050 216 1045 219 1036 223 1026 219 1017 214 1016 214 966 214 964 214 963 214 962 214 957 218 952 222 946 218 943 214 941 214 940 214 939 214 891 216 891 249"/></Shape>
	    <String CONTENT="triunfante. Mas con lo que pen-"
                    HPOS="891.0"
                    VPOS="214.0"
                    WIDTH="648.0"
                    HEIGHT="54.0"></String>
          </TextLine>

          
          
          <TextLine ID="line_14"
                    TAGREFS="LT83"
                    BASELINE="892 295 1533 293" 
                    HPOS="891.0"
                    VPOS="256.0"
                    WIDTH="642.0"
                    HEIGHT="61.0">
            <Shape><Polygon POINTS="892 295 892 308 908 315 909 315 910 315 953 308 955 308 967 316 968 316 970 316 971 316 1036 308 1045 316 1046 316 1047 316 1098 317 1099 317 1150 308 1210 317 1211 317 1299 313 1300 313 1302 313 1309 307 1519 316 1520 316 1521 316 1523 316 1523 315 1533 304 1533 293 1530 268 1464 268 1437 256 1436 256 1435 256 1377 265 1340 256 1339 256 1338 256 1337 256 1335 256 1318 268 1229 268 1214 260 1212 260 1211 260 1210 260 1209 260 1203 265 1183 258 1181 258 1180 258 1179 258 1150 268 1122 258 1121 258 1119 258 1118 258 1117 258 1099 269 1063 269 1045 258 1043 258 1042 258 1001 258 999 258 998 258 997 258 985 267 976 259 975 259 974 259 972 259 971 259 939 268 914 258 913 258 912 258 910 258 909 258 891 268 892 295"/></Shape>
	    <String CONTENT="só servir y dar gusto, ofendió, y"
                    HPOS="891.0"
                    VPOS="256.0"
                    WIDTH="642.0"
                    HEIGHT="61.0"></String>
          </TextLine>

          
          
          <TextLine ID="line_15"
                    TAGREFS="LT83"
                    BASELINE="894 343 1541 342" 
                    HPOS="891.0"
                    VPOS="300.0"
                    WIDTH="648.0"
                    HEIGHT="66.0">
            <Shape><Polygon POINTS="893 342 893 366 1537 366 1539 340 1535 300 911 300 909 300 907 300 905 300 891 307 893 342"/></Shape>
	    <String CONTENT="dió mas enojo; pues envidioso el"
                    HPOS="891.0"
                    VPOS="300.0"
                    WIDTH="648.0"
                    HEIGHT="66.0"></String>
          </TextLine>

          
          
          <TextLine ID="line_16"
                    TAGREFS="LT83"
                    BASELINE="893 389 1541 384" 
                    HPOS="892.0"
                    VPOS="348.0"
                    WIDTH="649.0"
                    HEIGHT="62.0">
            <Shape><Polygon POINTS="893 389 893 402 935 402 936 404 943 409 943 410 944 410 945 410 946 410 948 410 971 404 976 402 983 404 1020 410 1021 410 1023 410 1045 404 1055 401 1105 401 1110 404 1117 409 1118 409 1119 409 1121 410 1178 410 1178 409 1179 409 1189 404 1196 401 1201 404 1209 407 1210 407 1211 407 1212 407 1214 407 1218 404 1225 400 1236 405 1243 407 1245 407 1246 409 1378 409 1378 407 1379 407 1388 405 1401 401 1415 405 1420 406 1422 406 1423 406 1424 406 1427 405 1440 398 1539 405 1541 384 1538 360 1463 360 1463 358 1451 349 1451 348 1450 348 1449 348 1448 348 1446 348 1445 348 1433 356 1352 349 1351 349 1349 349 1334 357 1329 361 1272 361 1263 357 1241 349 1240 349 1238 349 1237 349 1222 357 1211 361 1183 356 1157 352 1156 352 1131 356 1099 361 1079 356 1064 351 1063 351 1061 351 1060 351 1059 351 1052 356 1041 362 1025 355 1019 352 1017 352 1016 352 1015 352 1007 355 985 362 892 355 893 389"/></Shape>
	    <String CONTENT="Rey de la victoria, volvió á sus"
                    HPOS="892.0"
                    VPOS="348.0"
                    WIDTH="649.0"
                    HEIGHT="62.0"></String>
          </TextLine>

          
          
          <TextLine ID="eSc_line_5ef72aac"
                    TAGREFS="LT83"
                    BASELINE="898 434 1539 433" 
                    HPOS="895.0"
                    VPOS="391.0"
                    WIDTH="642.0"
                    HEIGHT="62.0">
            <Shape><Polygon POINTS="897 433 897 453 1535 449 1537 431 1533 402 1444 391 1442 391 1440 391 1411 400 1407 400 1401 400 1354 391 1353 391 1265 398 1232 400 895 395 897 433"/></Shape>
	    <String CONTENT="melancolías, y sus furias. lgno-"
                    HPOS="895.0"
                    VPOS="391.0"
                    WIDTH="642.0"
                    HEIGHT="62.0"></String>
          </TextLine>

          
          
          <TextLine ID="eSc_line_521f9e43"
                    TAGREFS="LT83"
                    BASELINE="898 482 1543 479" 
                    HPOS="895.0"
                    VPOS="437.0"
                    WIDTH="647.0"
                    HEIGHT="60.0">
            <Shape><Polygon POINTS="897 480 897 497 1541 495 1542 478 1539 445 1385 437 1384 437 1382 437 1349 445 1341 447 1337 445 1320 437 1318 437 1316 437 1314 437 1312 437 1302 445 1300 449 1190 449 1186 447 1172 437 1170 437 1168 437 1166 437 1164 437 1143 447 1133 437 1132 437 1130 437 1019 437 1017 437 895 447 897 480"/></Shape>
	    <String CONTENT="rante David de que sus felicida-"
                    HPOS="895.0"
                    VPOS="437.0"
                    WIDTH="647.0"
                    HEIGHT="60.0"></String>
          </TextLine>

          
          
          <TextLine ID="line_19"
                    TAGREFS="LT83"
                    BASELINE="898 528 1541 530" 
                    HPOS="895.0"
                    VPOS="491.0"
                    WIDTH="644.0"
                    HEIGHT="59.0">
            <Shape><Polygon POINTS="897 526 895 542 1535 550 1539 528 1535 491 897 491 897 526"/></Shape>
	    <String CONTENT="des causaban aquella dolencia,"
                    HPOS="895.0"
                    VPOS="491.0"
                    WIDTH="644.0"
                    HEIGHT="59.0"></String>
          </TextLine>

          
          
          <TextLine ID="eSc_line_287288bc"
                    TAGREFS="LT83"
                    BASELINE="904 575 1544 573" 
                    HPOS="901.0"
                    VPOS="540.0"
                    WIDTH="641.0"
                    HEIGHT="52.0">
            <Shape><Polygon POINTS="903 573 903 592 1541 588 1542 571 1539 542 901 540 903 573"/></Shape>
	    <String CONTENT="tomó la harpa para aliviarle: pe-"
                    HPOS="901.0"
                    VPOS="540.0"
                    WIDTH="641.0"
                    HEIGHT="52.0"></String>
          </TextLine>

          
          
          <TextLine ID="line_21"
                    TAGREFS="LT83"
                    BASELINE="902 623 1544 622" 
                    HPOS="901.0"
                    VPOS="581.0"
                    WIDTH="641.0"
                    HEIGHT="63.0">
            <Shape><Polygon POINTS="901 621 901 637 1541 644 1542 621 1542 586 901 581 901 621"/></Shape>
	    <String CONTENT="ro lo mismo fué verle Saul, que"
                    HPOS="901.0"
                    VPOS="581.0"
                    WIDTH="641.0"
                    HEIGHT="63.0"></String>
          </TextLine>

          
          
          <TextLine ID="eSc_line_b59d62b6"
                    TAGREFS="LT83"
                    BASELINE="898 668 1547 666" 
                    HPOS="895.0"
                    VPOS="631.0"
                    WIDTH="651.0"
                    HEIGHT="60.0">
            <Shape><Polygon POINTS="897 666 897 691 1544 683 1546 664 1542 635 895 631 897 666"/></Shape>
	    <String CONTENT="echando mano de una lanza tiró-"
                    HPOS="895.0"
                    VPOS="631.0"
                    WIDTH="651.0"
                    HEIGHT="60.0"></String>
          </TextLine>

          
          
          <TextLine ID="eSc_line_cf248fd3"
                    TAGREFS="LT83"
                    BASELINE="900 716 1548 713" 
                    HPOS="897.0"
                    VPOS="672.0"
                    WIDTH="649.0"
                    HEIGHT="67.0">
            <Shape><Polygon POINTS="899 714 899 739 1544 730 1546 712 1542 681 1240 672 1238 672 1236 672 1234 672 1234 673 1225 681 1199 672 1197 672 1196 672 1135 681 1068 672 1066 672 1064 672 1040 681 1027 672 1025 672 1023 672 1021 672 961 681 947 672 945 672 944 672 942 672 940 672 897 683 899 714"/></Shape>
	    <String CONTENT="sela furioso, y David huyen-"
                    HPOS="897.0"
                    VPOS="672.0"
                    WIDTH="649.0"
                    HEIGHT="67.0"></String>
          </TextLine>

          
          
          <TextLine ID="eSc_line_02e0747d"
                    TAGREFS="LT83"
                    BASELINE="905 762 1547 760" 
                    HPOS="901.0"
                    VPOS="720.0"
                    WIDTH="645.0"
                    HEIGHT="58.0">
            <Shape><Polygon POINTS="903 761 903 778 1544 778 1546 759 1541 720 901 724 903 761"/></Shape>
	    <String CONTENT="do el cuerpo, se libertó, que-"
                    HPOS="901.0"
                    VPOS="720.0"
                    WIDTH="645.0"
                    HEIGHT="58.0"></String>
          </TextLine>

          
          
          <TextLine ID="eSc_line_79ad1359"
                    TAGREFS="LT83"
                    BASELINE="902 809 1548 808" 
                    HPOS="901.0"
                    VPOS="774.0"
                    WIDTH="645.0"
                    HEIGHT="60.0">
            <Shape><Polygon POINTS="901 807 901 834 1546 825 1546 807 1544 774 901 774 901 807"/></Shape>
	    <String CONTENT="dando la lanza clavada en la pa-"
                    HPOS="901.0"
                    VPOS="774.0"
                    WIDTH="645.0"
                    HEIGHT="60.0"></String>
          </TextLine>

          
          
          <TextLine ID="eSc_line_a0efae59"
                    TAGREFS="LT83"
                    BASELINE="905 857 1544 856" 
                    HPOS="901.0"
                    VPOS="813.0"
                    WIDTH="641.0"
                    HEIGHT="68.0">
            <Shape><Polygon POINTS="903 856 903 881 982 871 1539 879 1542 854 1539 821 959 813 957 813 901 823 903 856"/></Shape>
	    <String CONTENT="red. Auyentóse luego á su casa,"
                    HPOS="901.0"
                    VPOS="813.0"
                    WIDTH="641.0"
                    HEIGHT="68.0"></String>
          </TextLine>

          
          
          <TextLine ID="eSc_line_59ad5cfc"
                    TAGREFS="LT83"
                    BASELINE="905 904 1548 901" 
                    HPOS="901.0"
                    VPOS="859.0"
                    WIDTH="645.0"
                    HEIGHT="70.0">
            <Shape><Polygon POINTS="903 902 905 929 930 917 998 927 1000 927 1002 927 1004 927 1006 927 1021 917 1052 927 1054 927 1056 927 1058 927 1060 927 1064 927 1102 917 1157 925 1178 927 1180 927 1544 917 1546 900 1542 871 1471 859 1469 859 1467 859 1442 869 1380 859 1378 859 1376 859 1339 869 1337 869 1335 869 1267 859 1265 859 1263 859 1230 869 1209 859 1207 859 1205 859 1203 859 1182 869 1180 869 1153 859 1151 859 1149 859 1147 859 1120 869 1118 869 1110 869 1035 859 1033 859 901 867 903 902"/></Shape>
	    <String CONTENT="y el Rey despachó pronto Mi-"
                    HPOS="901.0"
                    VPOS="859.0"
                    WIDTH="645.0"
                    HEIGHT="70.0"></String>
          </TextLine>

          
          
          <TextLine ID="eSc_line_8faae09e"
                    TAGREFS="LT83"
                    BASELINE="905 949 1548 947" 
                    HPOS="901.0"
                    VPOS="906.0"
                    WIDTH="645.0"
                    HEIGHT="66.0">
            <Shape><Polygon POINTS="903 948 903 972 1544 966 1546 945 1542 916 1275 906 1273 906 1271 906 1244 916 1232 906 1230 906 1228 906 1227 906 1225 906 1201 917 1199 917 1035 908 1033 908 1031 908 1009 917 924 908 922 908 920 908 918 908 901 917 903 948"/></Shape>
	    <String CONTENT="nistros que le prendiesen. Cerca-"
                    HPOS="901.0"
                    VPOS="906.0"
                    WIDTH="645.0"
                    HEIGHT="66.0"></String>
          </TextLine>

          
          
          <TextLine ID="eSc_line_efc7ecd0"
                    TAGREFS="LT83"
                    BASELINE="911 997 1550 994" 
                    HPOS="907.0"
                    VPOS="958.0"
                    WIDTH="641.0"
                    HEIGHT="64.0">
            <Shape><Polygon POINTS="909 995 911 1022 944 1010 959 1020 961 1020 963 1020 965 1020 967 1020 969 1020 980 1010 992 1020 994 1020 996 1020 998 1020 1000 1020 1038 1010 1180 1020 1201 1020 1203 1020 1213 1018 1263 1010 1329 1018 1354 1020 1356 1020 1546 1014 1548 993 1544 958 907 958 909 995"/></Shape>
	    <String CONTENT="ronle la casa por toda aquella"
                    HPOS="907.0"
                    VPOS="958.0"
                    WIDTH="641.0"
                    HEIGHT="64.0"></String>
          </TextLine>

          
          
          <TextLine ID="line_30"
                    TAGREFS="LT83"
                    BASELINE="907 1044 1546 1041" 
                    HPOS="903.0"
                    VPOS="1005.0"
                    WIDTH="641.0"
                    HEIGHT="60.0">
            <Shape><Polygon POINTS="905 1043 905 1063 1541 1065 1544 1039 1541 1010 914 1005 912 1005 911 1005 909 1005 909 1007 903 1010 905 1043"/></Shape>
	    <String CONTENT="noche, con el fin, de que no"
                    HPOS="903.0"
                    VPOS="1005.0"
                    WIDTH="641.0"
                    HEIGHT="60.0"></String>
          </TextLine>

          
          
          <TextLine ID="eSc_line_eed587b7"
                    TAGREFS="LT83"
                    BASELINE="907 1091 1547 1090" 
                    HPOS="905.0"
                    VPOS="1053.0"
                    WIDTH="641.0"
                    HEIGHT="60.0">
            <Shape><Polygon POINTS="905 1090 905 1107 1542 1113 1546 1088 1541 1053 916 1055 905 1090"/></Shape>
	    <String CONTENT="se les escapase, y á la mañana"
                    HPOS="905.0"
                    VPOS="1053.0"
                    WIDTH="641.0"
                    HEIGHT="60.0"></String>
          </TextLine>

          
          
          <TextLine ID="eSc_line_8cd00932"
                    TAGREFS="LT83"
                    BASELINE="907 1137 1413 1134" 
                    HPOS="905.0"
                    VPOS="1094.0"
                    WIDTH="506.0"
                    HEIGHT="62.0">
            <Shape><Polygon POINTS="905 1136 905 1156 1409 1148 1411 1132 1405 1094 1164 1103 1155 1101 1130 1094 1128 1094 1126 1094 1124 1094 1089 1103 1077 1105 1054 1103 930 1094 928 1094 926 1094 918 1098 905 1136"/></Shape>
	    <String CONTENT="entrar en ella, y matarle."
                    HPOS="905.0"
                    VPOS="1094.0"
                    WIDTH="506.0"
                    HEIGHT="62.0"></String>
          </TextLine>

          
          
          <TextLine ID="line_33"
                    TAGREFS="LT83"
                    BASELINE="953 1183 1548 1181" 
                    HPOS="949.0"
                    VPOS="1140.0"
                    WIDTH="597.0"
                    HEIGHT="66.0">
            <Shape><Polygon POINTS="951 1181 951 1200 1542 1206 1546 1179 1542 1146 949 1140 951 1181"/></Shape>
	    <String CONTENT="La prudente Michol no ce-"
                    HPOS="949.0"
                    VPOS="1140.0"
                    WIDTH="597.0"
                    HEIGHT="66.0"></String>
          </TextLine>

          
          
          <TextLine ID="eSc_line_c7e663fc"
                    TAGREFS="LT83"
                    BASELINE="904 1230 1550 1227" 
                    HPOS="901.0"
                    VPOS="1185.0"
                    WIDTH="647.0"
                    HEIGHT="66.0">
            <Shape><Polygon POINTS="903 1229 903 1251 1546 1247 1548 1225 1544 1196 1285 1185 1283 1185 1281 1185 1244 1194 1228 1185 1227 1185 1225 1185 1223 1185 1221 1185 1197 1196 947 1187 945 1187 944 1187 901 1198 903 1229"/></Shape>
	    <String CONTENT="saba de consolar á su Esposo,"
                    HPOS="901.0"
                    VPOS="1185.0"
                    WIDTH="647.0"
                    HEIGHT="66.0"></String>
          </TextLine>

          
          
          <TextLine ID="eSc_line_bac0c213"
                    TAGREFS="LT83"
                    BASELINE="909 1276 1557 1274" 
                    HPOS="905.0"
                    VPOS="1237.0"
                    WIDTH="651.0"
                    HEIGHT="58.0">
            <Shape><Polygon POINTS="907 1274 907 1295 1554 1291 1556 1272 1552 1237 905 1237 907 1274"/></Shape>
	    <String CONTENT="diciendole : No te aflijas David"
                    HPOS="905.0"
                    VPOS="1237.0"
                    WIDTH="651.0"
                    HEIGHT="58.0"></String>
          </TextLine>

          
          
          <TextLine ID="eSc_line_36fd3587"
                    TAGREFS="LT83"
                    BASELINE="908 1324 1554 1323" 
                    HPOS="907.0"
                    VPOS="1284.0"
                    WIDTH="645.0"
                    HEIGHT="60.0">
            <Shape><Polygon POINTS="907 1322 907 1344 1552 1344 1552 1322 1550 1284 907 1291 907 1322"/></Shape>
	    <String CONTENT="mio, no te angustien peligros,"
                    HPOS="907.0"
                    VPOS="1284.0"
                    WIDTH="645.0"
                    HEIGHT="60.0"></String>
          </TextLine>

          
          
          <TextLine ID="eSc_line_94c7ab8b"
                    TAGREFS="LT83"
                    BASELINE="910 1369 1556 1368" 
                    HPOS="909.0"
                    VPOS="1330.0"
                    WIDTH="645.0"
                    HEIGHT="64.0">
            <Shape><Polygon POINTS="909 1367 909 1394 1554 1390 1554 1367 1552 1330 909 1332 909 1367"/></Shape>
	    <String CONTENT="quando pueden remediarse, y está"
                    HPOS="909.0"
                    VPOS="1330.0"
                    WIDTH="645.0"
                    HEIGHT="64.0"></String>
          </TextLine>

          
          
          <TextLine ID="eSc_line_94362b9c"
                    TAGREFS="LT83"
                    BASELINE="914 1415 1557 1413" 
                    HPOS="911.0"
                    VPOS="1375.0"
                    WIDTH="645.0"
                    HEIGHT="69.0">
            <Shape><Polygon POINTS="912 1413 912 1444 973 1433 1201 1433 1217 1438 1227 1442 1228 1442 1230 1442 1271 1437 1314 1433 1372 1435 1500 1442 1502 1442 1554 1431 1556 1411 1552 1376 938 1375 936 1375 934 1375 911 1382 912 1413"/></Shape>
	    <String CONTENT="por medio mi vida para salvar la"
                    HPOS="911.0"
                    VPOS="1375.0"
                    WIDTH="645.0"
                    HEIGHT="69.0"></String>
          </TextLine>

          
          
          <TextLine ID="eSc_line_9d4cbd6d"
                    TAGREFS="LT83"
                    BASELINE="914 1463 1556 1462" 
                    HPOS="911.0"
                    VPOS="1431.0"
                    WIDTH="643.0"
                    HEIGHT="50.0">
            <Shape><Polygon POINTS="912 1462 912 1481 1552 1479 1554 1460 1550 1431 911 1431 912 1462"/></Shape>
	    <String CONTENT="tuya. Pensó una traza notable."
                    HPOS="911.0"
                    VPOS="1431.0"
                    WIDTH="643.0"
                    HEIGHT="50.0"></String>
          </TextLine>

          
          
          <TextLine ID="eSc_line_73596f4c"
                    TAGREFS="LT83"
                    BASELINE="922 1509 1556 1508" 
                    HPOS="918.0"
                    VPOS="1469.0"
                    WIDTH="636.0"
                    HEIGHT="60.0">
            <Shape><Polygon POINTS="920 1508 920 1529 1552 1528 1554 1506 1550 1475 918 1469 920 1508"/></Shape>
	    <String CONTENT="Dexó entregarse las cosas al si-"
                    HPOS="918.0"
                    VPOS="1469.0"
                    WIDTH="636.0"
                    HEIGHT="60.0"></String>
          </TextLine>

          
          
          <TextLine ID="eSc_line_b9161284"
                    TAGREFS="LT83"
                    BASELINE="916 1556 1556 1557" 
                    HPOS="914.0"
                    VPOS="1514.0"
                    WIDTH="640.0"
                    HEIGHT="66.0">
            <Shape><Polygon POINTS="914 1555 914 1580 1554 1576 1554 1555 1552 1514 914 1516 914 1555"/></Shape>
	    <String CONTENT="lencio, y allá á mas de la media"
                    HPOS="914.0"
                    VPOS="1514.0"
                    WIDTH="640.0"
                    HEIGHT="66.0"></String>
          </TextLine>

          
          
          <TextLine ID="eSc_line_3ceb5636"
                    TAGREFS="LT83"
                    BASELINE="914 1603 1559 1602" 
                    HPOS="912.0"
                    VPOS="1564.0"
                    WIDTH="646.0"
                    HEIGHT="64.0">
            <Shape><Polygon POINTS="912 1601 912 1626 1556 1628 1558 1601 1556 1564 912 1568 912 1601"/></Shape>
	    <String CONTENT="noche, descolgandole por una"
                    HPOS="912.0"
                    VPOS="1564.0"
                    WIDTH="646.0"
                    HEIGHT="64.0"></String>
          </TextLine>

          
          
          <TextLine ID="line_43"
                    TAGREFS="LT83"
                    BASELINE="918 1651 1557 1647" 
                    HPOS="914.0"
                    VPOS="1607.0"
                    WIDTH="642.0"
                    HEIGHT="70.0">
            <Shape><Polygon POINTS="916 1650 916 1677 1554 1677 1556 1646 1552 1617 1234 1607 1232 1607 1230 1607 1209 1617 945 1609 944 1609 942 1609 914 1619 916 1650"/></Shape>
	    <String CONTENT="ventana, que salía fuera del mu-"
                    HPOS="914.0"
                    VPOS="1607.0"
                    WIDTH="642.0"
                    HEIGHT="70.0"></String>
          </TextLine>

          
          
          <TextLine ID="line_44"
                    TAGREFS="LT83"
                    BASELINE="912 1699 1559 1699" 
                    HPOS="912.0"
                    VPOS="1662.0"
                    WIDTH="647.0"
                    HEIGHT="60.0">
            <Shape><Polygon POINTS="912 1699 912 1714 957 1721 958 1721 985 1714 1006 1710 1051 1710 1057 1714 1067 1721 1068 1721 1069 1721 1070 1721 1072 1721 1085 1714 1086 1714 1092 1714 1150 1721 1152 1721 1153 1721 1167 1714 1171 1713 1175 1714 1188 1719 1189 1719 1191 1719 1192 1719 1209 1714 1223 1710 1238 1714 1249 1717 1250 1717 1251 1717 1265 1714 1284 1710 1289 1714 1296 1721 1298 1721 1299 1721 1300 1722 1347 1722 1347 1721 1386 1714 1405 1710 1409 1714 1415 1719 1415 1721 1417 1721 1418 1721 1419 1722 1484 1722 1484 1721 1559 1713 1559 1699 1559 1671 1519 1665 1517 1665 1516 1665 1498 1670 1492 1671 1489 1670 1475 1662 1473 1662 1472 1662 1471 1662 1470 1662 1458 1669 1457 1670 1453 1669 1427 1662 1426 1662 1424 1662 1423 1662 1401 1669 1389 1671 1371 1669 1338 1662 1337 1662 1306 1668 1280 1671 1272 1666 1265 1662 1264 1662 1263 1662 1262 1662 1260 1662 1247 1666 1240 1669 1236 1666 1231 1662 1229 1662 1228 1662 1140 1662 1139 1662 1110 1665 1034 1671 1010 1664 1007 1662 1006 1662 1005 1662 1003 1662 1002 1662 1002 1664 992 1673 958 1673 912 1662 912 1699"/></Shape>
	    <String CONTENT="ro, le auyentó á parte segura."
                    HPOS="912.0"
                    VPOS="1662.0"
                    WIDTH="647.0"
                    HEIGHT="60.0"></String>
          </TextLine>

          
          
          <TextLine ID="eSc_line_160de8b4"
                    TAGREFS="LT83"
                    BASELINE="920 1744 1560 1744" 
                    HPOS="918.0"
                    VPOS="1702.0"
                    WIDTH="640.0"
                    HEIGHT="68.0">
            <Shape><Polygon POINTS="918 1743 918 1764 1397 1770 1399 1770 1411 1770 1500 1760 1556 1770 1558 1743 1558 1704 918 1702 918 1743"/></Shape>
	    <String CONTENT="Despidieronse tiernamente los"
                    HPOS="918.0"
                    VPOS="1702.0"
                    WIDTH="640.0"
                    HEIGHT="68.0"></String>
          </TextLine>

          
          
          <TextLine ID="eSc_line_fc9351f1"
                    TAGREFS="LT83"
                    BASELINE="926 1791 1560 1789" 
                    HPOS="922.0"
                    VPOS="1750.0"
                    WIDTH="636.0"
                    HEIGHT="58.0">
            <Shape><Polygon POINTS="924 1789 924 1808 1556 1806 1558 1787 1554 1756 922 1750 924 1789"/></Shape>
	    <String CONTENT="dos Esposos, y Michol le dixo:"
                    HPOS="922.0"
                    VPOS="1750.0"
                    WIDTH="636.0"
                    HEIGHT="58.0"></String>
          </TextLine>

          
          
          <TextLine ID="eSc_line_178401cf"
                    TAGREFS="LT83"
                    BASELINE="916 1837 1561 1839" 
                    HPOS="912.0"
                    VPOS="1795.0"
                    WIDTH="648.0"
                    HEIGHT="70.0">
            <Shape><Polygon POINTS="914 1835 912 1859 1556 1865 1560 1837 1558 1797 963 1804 914 1795 914 1835"/></Shape>
	    <String CONTENT="huyete, mi amado, que por mi"
                    HPOS="912.0"
                    VPOS="1795.0"
                    WIDTH="648.0"
                    HEIGHT="70.0"></String>
          </TextLine>

          
          
          <TextLine ID="eSc_line_c3c2f755"
                    TAGREFS="LT83"
                    BASELINE="914 1886 1560 1887" 
                    HPOS="911.0"
                    VPOS="1845.0"
                    WIDTH="647.0"
                    HEIGHT="56.0">
            <Shape><Polygon POINTS="911 1901 1556 1901 1558 1886 1556 1855 926 1855 916 1845 912 1884 911 1901"/></Shape>
	    <String CONTENT="cuenta corre ahora el que no"
                    HPOS="911.0"
                    VPOS="1845.0"
                    WIDTH="647.0"
                    HEIGHT="56.0"></String>
          </TextLine>

          
          
          <TextLine ID="eSc_line_42c9db80"
                    TAGREFS="LT83"
                    BASELINE="912 1934 1560 1932" 
                    HPOS="909.0"
                    VPOS="1892.0"
                    WIDTH="649.0"
                    HEIGHT="69.0">
            <Shape><Polygon POINTS="911 1932 914 1961 932 1952 1556 1952 1558 1930 1552 1892 909 1892 911 1932"/></Shape>
	    <String CONTENT="salgan en tu busca, hasta que es-"
                    HPOS="909.0"
                    VPOS="1892.0"
                    WIDTH="649.0"
                    HEIGHT="69.0"></String>
          </TextLine>

          
          
          <TextLine ID="eSc_line_4f537609"
                    TAGREFS="LT83"
                    BASELINE="915 1981 1563 1980" 
                    HPOS="914.0"
                    VPOS="1944.0"
                    WIDTH="648.0"
                    HEIGHT="56.0">
            <Shape><Polygon POINTS="914 1979 914 2000 1562 1994 1562 1979 1560 1944 914 1946 914 1979"/></Shape>
	    <String CONTENT="tés bien ausente. Todo esto ha-"
                    HPOS="914.0"
                    VPOS="1944.0"
                    WIDTH="648.0"
                    HEIGHT="56.0"></String>
          </TextLine>

          
          
          <TextLine ID="eSc_line_7f6b0973"
                    TAGREFS="LT83"
                    BASELINE="921 2029 1563 2027" 
                    HPOS="921.0"
                    VPOS="1988.0"
                    WIDTH="642.0"
                    HEIGHT="59.0">
            <Shape><Polygon POINTS="923 1989 926 1989 975 1998 1047 1990 1050 1990 1072 1998 1092 1989 1095 1989 1135 1999 1229 1999 1294 1998 1321 1988 1325 1988 1355 1997 1374 1988 1377 1988 1436 1998 1560 1998 1563 2027 1563 2037 1511 2046 1511 2047 1393 2047 1392 2046 1391 2046 1378 2039 1227 2047 1225 2047 1108 2041 1100 2041 1086 2047 1082 2047 1064 2041 1042 2041 921 2046 921 1990"/></Shape>
	    <String CONTENT="bia pasado solo entre los dos, por-"
                    HPOS="921.0"
                    VPOS="1988.0"
                    WIDTH="642.0"
                    HEIGHT="59.0"></String>
          </TextLine>

          
          
          <TextLine ID="eSc_line_e7ccec6c"
                    TAGREFS="LT83"
                    BASELINE="921 2076 1559 2074" 
                    HPOS="921.0"
                    VPOS="2034.0"
                    WIDTH="638.0"
                    HEIGHT="73.0">
            <Shape><Polygon POINTS="975 2046 990 2043 1036 2036 1037 2036 1064 2041 1129 2034 1130 2034 1180 2045 1185 2045 1198 2036 1203 2036 1234 2045 1237 2046 1329 2046 1331 2045 1361 2036 1365 2036 1388 2045 1391 2045 1441 2037 1445 2037 1458 2045 1459 2046 1556 2046 1559 2074 1556 2099 1513 2095 1493 2100 1473 2104 1473 2105 1397 2105 1396 2104 1395 2104 1386 2100 1369 2094 1320 2100 1311 2101 1306 2101 1278 2094 1126 2094 1059 2103 1032 2105 1032 2107 921 2107 921 2043"/></Shape>
	    <String CONTENT="que Michol no se quiso fiar de"
                    HPOS="921.0"
                    VPOS="2034.0"
                    WIDTH="638.0"
                    HEIGHT="73.0"></String>
          </TextLine>

          
        </TextBlock>
        

        
      </PrintSpace>
    </Page>
  </Layout>
</alto>
