1682 2364
1425.0 116.0 77.0 81.0 13

149.0 174.0 652.0 46.0 lacio : entonces David se volvió

149.0 211.0 649.0 58.0 para Israél, y se acogió en la

147.0 256.0 648.0 57.0 cueva de Odolla. Encontró en

149.0 307.0 651.0 59.0 estos desiertos compañeros que

149.0 353.0 653.0 56.0 perseguidos de la fortuna se ha-

151.0 394.0 647.0 66.0 bian refugiado en ellos. Teme-

147.0 445.0 659.0 59.0 rosos sus padres, y hermanos,

149.0 492.0 652.0 56.0 que Saul emplease sus iras en

145.0 538.0 653.0 56.0 ellos, ya que no podia dar con

145.0 577.0 655.0 67.0 David, tomaron á bien dexar

149.0 624.0 641.0 75.0 á Belén, é irse con él á Odolla.

147.0 682.0 657.0 60.0 De aqui por justos motivos,

149.0 730.0 651.0 60.0 procuró pasarse con sus padres,

147.0 770.0 647.0 63.0 hermanos, parientes, y compa-

145.0 815.0 655.0 63.0 ñeros, á ampararse del Rey de

151.0 862.0 641.0 61.0 Moab, quien le recibió benig-

145.0 904.0 653.0 69.0 no. Eran ya quatrocientos hom-

145.0 951.0 653.0 71.0 bres los que seguian á David,

151.0 996.0 647.0 69.0 y un dia le dixo al Rey Idóla-

147.0 1044.0 653.0 59.0 tra, que por no servir de em-

147.0 1093.0 643.0 67.0 barazo en su Corte, les desti-

143.0 1138.0 647.0 69.0 nase plaza donde poder servir-

145.0 1183.0 647.0 73.0 le ; pues alli servirian de prove-

143.0 1235.0 643.0 65.0 cho , lo que aquí de estorbo. Su-

143.0 1282.0 647.0 65.0 plicóle tambien, que sus pa-

143.0 1333.0 651.0 59.0 dres ancianos con sus mugeres,

148.0 1377.0 658.0 65.0 y deudos (impidiendo) se queda-

141.0 1422.0 653.0 57.0 sen en la Ciudad. Todo se lo

141.0 1465.0 665.0 73.0 cumplió el Rey , señalando á

145.0 1524.0 650.0 50.0 David, y sus compañeros una

143.0 1560.0 647.0 61.0 Fortaleza á la raya de Judá, pa-

149.0 1611.0 655.0 71.0 ra que desde alli le defendiese

144.0 1658.0 225.0 67.0 el Reyno.

193.0 1684.0 601.0 89.0 Ya habia algun tiempo que

143.0 1749.0 651.0 73.0 David poseia aquella fortaleza,

145.0 1798.0 649.0 67.0 quando un dia llegó á él el Pro-

143.0 1843.0 651.0 69.0 feta Gad , y le dixo : Con-

145.0 1903.0 649.0 57.0 viene, que te vayas de Moab,

145.0 1950.0 649.0 53.0 pues mas vale que padezcas tra-

143.0 1991.0 651.0 67.0 bajos, y necesidades entre gente,

143.0 2044.0 651.0 89.0 que conoce á Dios, que no gozar

827.0 191.0 655.0 38.0 de quietud, y regalo entre gen-

827.0 212.0 652.0 61.0 tiles, que en esto se arriesga el

825.0 261.0 650.0 55.0 alma, y alli por mal que suceda,

825.0 303.0 655.0 58.0 solo se arriesga la vida. Añadió-

819.0 350.0 664.0 61.0 le que se fuese á la tierra de

830.0 388.0 644.0 67.0 Judá, que pues era Rey ungido,

826.0 445.0 657.0 63.0 y sabia que Dios no faltaba á su

822.0 493.0 657.0 57.0 palabra; pues por tarde que fue-

826.0 538.0 662.0 55.0 se se habia de ver coronado, no

822.0 579.0 664.0 71.0 tenia que temer los trabajos , ni.

822.0 628.0 656.0 65.0 por que acobardarse de quantos

823.0 676.0 660.0 62.0 peligros viese. Tomó David el

825.0 723.0 654.0 62.0 consejo del Profeta, y determinó

830.0 766.0 646.0 67.0 luego dexar aquella tierra.

830.0 811.0 646.0 67.0 Solo sentía no poder llevar con-

826.0 856.0 650.0 71.0 sigo á sus padres, y deudos, ni

830.0 908.0 648.0 65.0 hallar trazas como sacarles de

826.0 953.0 652.0 65.0 Dasphat, sin que entrase en

828.0 998.0 648.0 65.0 sospecha aquel Principe, de quien

836.0 1046.0 640.0 59.0 temia, que viendose ofendido de

822.0 1091.0 652.0 59.0 él, emplease su venganza en ellos:

824.0 1140.0 648.0 57.0 mas por otra parte discurria,

824.0 1189.0 650.0 56.0 que siendo su padre tan deudo

828.0 1233.0 646.0 69.0 del Rey, por su origen de Ruth

818.0 1274.0 658.0 67.0 Moabita, no habia de hacer el

822.0 1337.0 357.0 49.0 menor desafuero.

850.0 1377.0 623.0 59.0 En fin, salió David, y sus

820.0 1420.0 652.0 69.0 compañeros, y se dirigió á la

828.0 1469.0 639.0 65.0 tierra de Judá, habiendo hecho

819.0 1522.0 656.0 55.0 asiento en el monte Areth, por

822.0 1560.0 650.0 73.0 lugar á propósito para estar ocul-

816.0 1611.0 649.0 59.0 tos. Apenas supo el Rey barba-

822.0 1660.0 649.0 60.0 ro la fuga de David, quando

822.0 1711.0 647.0 60.0 brotando llamas de furor, é ira,

820.0 1749.0 652.0 63.0 persuadiendose agraviado, y ofen-

820.0 1798.0 652.0 67.0 dido, intentó despicar su cole-

822.0 1859.0 650.0 45.0 ra en los padres, mugeres, y deu-

822.0 1891.0 650.0 59.0 dos, con todos sus hijos. Hizo-

822.0 1938.0 647.0 71.0 los arrestar, y bien guardados,

822.0 1997.0 643.0 57.0 para que no se le huyesen; man-

820.0 2042.0 652.0 79.0 dó luego, que á todos sin dexar
