1675 2347
217.0 84.0 37.0 93.0 8

204.0 178.0 650.0 38.0 "Rey, á tu siervo humilde que

202.0 206.0 645.0 50.0 "tantas veces al son de mi ins-

202.0 251.0 645.0 60.0 "trumento fuí alivio de tus fa-

202.0 297.0 648.0 65.0 "tigas, y destierro de tus males?

202.0 344.0 653.0 60.0 "Yo soy David, hijo de Isaí,

202.0 392.0 648.0 61.0 "descendiente de la nobilísima

200.0 440.0 657.0 64.0 "Tribu de Judá ; tan siervo

200.0 487.0 651.0 65.0 "vuestro, y deseoso de tus fe-

200.0 537.0 651.0 64.0 "lices progresos, que sus tres

202.0 582.0 649.0 58.0 "hijos mayores , y hermanos

202.0 629.0 652.0 59.0 "mios, quiso se alistasen los

202.0 678.0 651.0 62.0 "primeros para servirte en es-

203.0 724.0 654.0 58.0 "ta guerra. Su ansia, y cui-

203.0 770.0 661.0 61.0 "dado del estado de ella fué

204.0 820.0 653.0 57.0 "la causa de enviarme aqui al

204.0 865.0 654.0 59.0 "Exército. Vine á sazon que

204.0 914.0 653.0 57.0 "el Philisteo arrogante retaba á

204.0 958.0 654.0 65.0 "todo Israél ; sentí el oprobrio

208.0 1009.0 655.0 58.0 "en el alma : tocóme Dios al

206.0 1056.0 658.0 52.0 "corazon, y zeloso de su hon-

206.0 1099.0 644.0 60.0 "ra, me ofrecí al desafio. Co-

210.0 1146.0 645.0 53.0 "mo era causa suya, me infun-

207.0 1195.0 648.0 59.0 "dió alientos, me vistió de brios,

207.0 1242.0 656.0 55.0 "me dió la victoria, que rindo

208.0 1292.0 652.0 60.0 "á tus plantas, para que qual

208.0 1336.0 652.0 61.0 "tuya la celebres, y la aclames

210.0 1384.0 314.0 60.0 "como propia."

255.0 1430.0 613.0 61.0 Fué tanto el contento de Saul

210.0 1481.0 653.0 54.0 de reconocer á David, que lue-

211.0 1524.0 647.0 61.0 go al punto comenzó á premiar-

211.0 1572.0 659.0 60.0 le liberal. Hizole Capitan de su

211.0 1618.0 660.0 61.0 Guardia, y que asistiese siem-

212.0 1667.0 651.0 64.0 pre en su Corte, y en sus Guer-

212.0 1714.0 669.0 60.0 ras. Recibió parabienes de los

212.0 1761.0 654.0 64.0 Grandes, y el Principe Jonatas,

213.0 1808.0 655.0 60.0 mas que todos, le honró con

213.0 1856.0 656.0 62.0 sus vestidos ; haciendo desde en-

215.0 1902.0 654.0 61.0 tonces los dos pactos, y con-

220.0 1951.0 651.0 60.0 veniencias de amistad perpetua.

216.0 1996.0 653.0 62.0 Saul para mas honrar á David,

219.0 2044.0 650.0 73.0 determinó, que se celebrase con

887.0 186.0 643.0 30.0 un solemnle triunfo la victoria

876.0 209.0 17.0 45.0 de los Philisteos

887.0 249.0 640.0 60.0 este gallardo Joven en Jerusalem,

883.0 295.0 567.0 62.0 para ser aplaudido de todos.

928.0 346.0 603.0 52.0 Llegó el dia del triunfo , en

884.0 389.0 642.0 55.0 que en bien ordenados coros, y

881.0 438.0 649.0 56.0 concertadas danzas salieron

880.0 481.0 650.0 61.0 recibirle Damas, y Doncellas,

884.0 533.0 648.0 56.0 cantando al son de instrumentos

884.0 576.0 648.0 55.0 algunas Coplillas, dictadas de su

883.0 621.0 645.0 66.0 ingenio, que quizá por poco li-

883.0 674.0 651.0 53.0 madas, fueron lima sorda, que

883.0 717.0 649.0 56.0 aserraron el corazon de Saul. El

884.0 758.0 648.0 69.0 estrivillo de las coplas decia de

885.0 824.0 277.0 50.0 esta manera.

975.0 856.0 486.0 64.0 A mil dió muerte Saul:

974.0 907.0 562.0 53.0 Mas David mató á dies mil.

924.0 954.0 610.0 61.0 Sonaronle no muy bien al Rey

885.0 1003.0 651.0 60.0 estos aplausos, viendose menos

871.0 1058.0 24.0 45.0 celebrado, que el vasallo: y co

884.0 1095.0 656.0 59.0 menzó á abrasarse en bolcanes

901.0 1144.0 635.0 56.0 de envidia. Ya desde entonces

888.0 1191.0 652.0 60.0 empezó Saul, segun dice Lyra, á

885.0 1239.0 656.0 62.0 temerse, que David le quitase el

887.0 1286.0 652.0 60.0 Cetro, acordandose del fallo, que

889.0 1333.0 652.0 60.0 Samuél le habia echado por órden

892.0 1382.0 649.0 60.0 de Dios ; y asi comenzó luego

887.0 1429.0 656.0 56.0 á paracerle mal, y procurar aca-

892.0 1474.0 651.0 61.0 barle por todos los caminos.

906.0 1521.0 629.0 58.0 Con la novedad de su enojo, y

888.0 1568.0 656.0 60.0 envidia , le volvió á Saul su an-

903.0 1615.0 641.0 61.0 tiguo mal ; y David estando tan

908.0 1663.0 636.0 63.0 á la mano tomó luego la Harpa;

893.0 1717.0 651.0 52.0 y quando antes lo mismo era

898.0 1758.0 649.0 57.0 pulsarla, que ahuyentarse el de-

893.0 1804.0 652.0 63.0 monio del Rey, y dexarle sosega-

903.0 1852.0 645.0 60.0 do, ahora sucedió al contrario:

911.0 1898.0 637.0 63.0 pues furioso Saul echando ma-

894.0 1948.0 655.0 58.0 no de un venablo se le arrojó

909.0 1992.0 644.0 65.0 que á no haber David huido el

909.0 2039.0 640.0 74.0 cuerpo, le hubiera atravesado:
