1681 2364
262.0 118.0 49.0 56.0 12

252.0 173.0 646.0 50.0 xola: " ¿Cómo osada te atreves

251.0 206.0 647.0 60.0 "hacer tal engaño ? ¿ Asi te

249.0 252.0 647.0 61.0 "burlas de la Magestad? ¿Cómo

249.0 302.0 651.0 59.0 "antepones á la vida de tu pa-

248.0 345.0 620.0 62.0 "dre,  la vida de su enemigo?"

246.0 388.0 632.0 63.0 Mas Michol á todo satisfizo con

245.0 441.0 652.0 64.0 otro nuevo engaño, diciéndole:

268.0 480.0 618.0 73.0 "Padre mio, ¿qué podia hacer

244.0 539.0 642.0 52.0 "una pobre muger forzada de

244.0 587.0 644.0 61.0 "un marido, con un puñal á

242.0 622.0 644.0 69.0 "los pechos? Vióse David cer-

240.0 681.0 644.0 63.0 "cado de tu gente, y asi ama-

240.0 724.0 644.0 60.0 "gandome, hizo que buscara

240.0 764.0 642.0 73.0 "modo de librarle. Busqué esta

240.0 815.0 642.0 63.0 "traza, pensando fuera entre-

238.0 868.0 644.0 53.0 "tenida, para apaciguar tu enfa-

238.0 918.0 644.0 57.0 "do. Mas, padre mio, si esto

236.0 955.0 644.0 71.0 "ha sido yesca al fuego de tu

236.0 1002.0 640.0 67.0 "enojo, fulmína contra mí los ra-

236.0 1050.0 642.0 70.0 "yos de tus iras, que pues Da-

236.0 1107.0 638.0 55.0 "vid, y yó somos una alma,

236.0 1144.0 648.0 63.0 "con quitarme á mí la vida le

238.0 1185.0 644.0 71.0 "darás á él la muerte." Y al de-

232.0 1235.0 650.0 77.0 cir esto, en avenidas de lagri-

233.0 1285.0 484.0 59.0 mas fluctuó el discurso.

279.0 1319.0 601.0 71.0 Poca fuerza le hicieron á Saul

232.0 1373.0 650.0 74.0 las razones, y llantos de su hija,

240.0 1422.0 640.0 75.0 y haciendo diligencias, donde

232.0 1477.0 644.0 61.0 paraba David, supo que esta-

230.0 1516.0 641.0 69.0 ba en Ramatha con Samuél. En-

230.0 1564.0 646.0 59.0 vió luego ministros que le quita-

230.0 1609.0 648.0 73.0 sen la vida; y al llegar estos, se

226.0 1658.0 645.0 65.0 hicieron devotos, y compungi-

224.0 1707.0 649.0 66.0 dos de parte del Justo, y se de-

226.0 1757.0 645.0 55.0 dicaron á cantar divinas alaban-

226.0 1798.0 645.0 71.0 zas con los Profetas. Despachó

226.0 1859.0 645.0 44.0 otros, viendo que estos no vol-

228.0 1891.0 639.0 63.0 vian, y les sucedió lo mismo.

230.0 1938.0 641.0 69.0 Ya no pudo mas Saul, y cole-

222.0 1983.0 649.0 69.0 rico se fue para Ramatha, y lo

222.0 2031.0 643.0 100.0 mismo fué llegar, que convertir

926.0 182.0 653.0 37.0 la ira en Piedad, y hacerse á

921.0 203.0 658.0 66.0 cantar tambien con los Profetas.

973.0 252.0 605.0 61.0 Mitigóse por entonces aque-

921.0 299.0 656.0 60.0 lla borrasca, y queriendo David

927.0 345.0 648.0 62.0 saber si del todo estaba apaci-

918.0 395.0 656.0 59.0 guada por medio de su amigo

931.0 442.0 643.0 62.0 Jonatás, pudo descubrir este

932.0 486.0 636.0 59.0 Príncipe, que aun permanecía

920.0 531.0 652.0 58.0 el encono de su padre contra su

916.0 577.0 656.0 69.0 amigo; y así le fué forzoso el

916.0 624.0 648.0 65.0 huir de un Rey furioso con unos

920.0 667.0 644.0 71.0 pocos criados, que leales le si-

914.0 715.0 650.0 69.0 guieron. Fuese á la ciudad de

914.0 764.0 650.0 55.0 Nobé, donde estaba entonces el

920.0 811.0 640.0 67.0 Tabernaculo del Señor. Llegó

912.0 860.0 646.0 61.0 con los suyos bastante necesita-

914.0 912.0 646.0 59.0 do, y el Sacerdote Achimelech

912.0 955.0 648.0 63.0 les dió de los panes santificados,

912.0 1002.0 650.0 67.0 por no tener otros á mano, y jun-

912.0 1046.0 648.0 59.0 tamente la espada, con que ha-

920.0 1089.0 644.0 69.0 bia degollado al Gigante Goliat

904.0 1140.0 652.0 65.0 que ofreció al Tabernaculo. No

908.0 1199.0 648.0 55.0 se detuvo á mas que esto David,

906.0 1237.0 654.0 61.0 porque tiraba á salir quanto an-

902.0 1285.0 655.0 63.0 tes de Judea; pues ya Saul habia

902.0 1329.0 652.0 57.0 echado pregon en la Corte, man-

912.0 1377.0 642.0 76.0 dando pena de la vida, que na-

906.0 1422.0 315.0 63.0 die le acogiese.

957.0 1459.0 593.0 81.0 Huyó David por montes,  y

904.0 1516.0 656.0 69.0 cabernas, y se fué á amparar de

908.0 1562.0 648.0 67.0 Achis, Rey de Goth, Gentil,

906.0 1609.0 650.0 67.0 que le recibió benigno, y le

908.0 1660.0 650.0 61.0 hizo mercedes, pero la envidia

904.0 1709.0 652.0 56.0 de los Proceres le pusieron lue-

902.0 1751.0 652.0 73.0 go mal con el Rey ; mas rece-

904.0 1798.0 648.0 73.0 loso David, que podia suce-

912.0 1853.0 642.0 55.0 der mal, no mirándole ya aquel

900.0 1891.0 650.0 69.0 Principe con buenos ojos, se hizo

900.0 1940.0 650.0 67.0 loco, haciendo estraños adema-

898.0 1987.0 650.0 67.0 nes ; lo que fué causa para que

896.0 2040.0 649.0 91.0 Achis mandase echarle de Pa-
