1664 2315
1460.0 105.0 37.0 64.0 47

181.0 131.0 652.0 83.0 que el entendimiento padeciese

177.0 206.0 656.0 54.0 algun desmayo ; y enternecido,

177.0 246.0 656.0 56.0 dixo á su hijo á parte en se-

179.0 287.0 654.0 71.0 creto : "Hijo mio, repara, y ad-

177.0 337.0 656.0 68.0 "vierte en que yo me muero, y

179.0 393.0 654.0 58.0 "voy á pagar el natural tributo,

177.0 432.0 656.0 67.0 "y asi no desmayes, ni te des-

177.0 476.0 656.0 62.0 "alientes, porque te falte mi arri-

177.0 526.0 656.0 66.0 "mo, antes bien revistete de va-

177.0 582.0 653.0 56.0 "lor, y fortaleza ; sé hombre que

177.0 628.0 653.0 51.0 "te hagas temer, y respetar ; sele

177.0 665.0 653.0 66.0 "fiel á Dios, cumpliendo, y ha-

177.0 725.0 653.0 56.0 "ciendo cumplir sus santas Le-

177.0 762.0 653.0 63.0 "yes. Muestrate zeloso de sus

175.0 816.0 655.0 57.0 "preceptos : sé recto en hacer

175.0 860.0 655.0 62.0 "justicia, y devoto á las prome-

177.0 908.0 649.0 62.0 "sas que Dios nos tiene hechas

179.0 953.0 647.0 61.0 "por su Ley, de que ha de venir,

175.0 1001.0 651.0 63.0 "y nacer Cristo su Hijo hecho

173.0 1049.0 653.0 60.0 "hombre de nuestro linage, que

173.0 1089.0 653.0 70.0 "es la mayor corona que tene-

175.0 1147.0 651.0 56.0 "mos. Y en fia, hijo mio, con

173.0 1184.0 653.0 68.0 "que sirvas á Dios, con que le

177.0 1240.0 649.0 58.0 "ames, harás un perfecto Rey,

171.0 1277.0 655.0 67.0 "y él te asistirá propicio como

173.0 1331.0 653.0 59.0 "lo tiene prometido. Esto es lo

169.0 1371.0 657.0 73.0 "principal, hijo mio, que te

171.0 1427.0 655.0 62.0 "tengo que advertir, fuera de

173.0 1473.0 653.0 51.0 "otras cosas que ahora te diré.

216.0 1520.0 610.0 50.0 "Ya habrás sabido las liberta-

171.0 1560.0 655.0 68.0 "des, insolencias, y osadías del

171.0 1618.0 651.0 54.0 "Capitan Joab, y la alevosía,

167.0 1655.0 655.0 69.0 "y traycion, con que mató á

167.0 1713.0 655.0 50.0 "aquellos famosos Generales,

167.0 1749.0 655.0 66.0 "Abner, y Amasa, obra con él

167.0 1799.0 655.0 66.0 "de modo, que no lleve á la

167.0 1848.0 655.0 63.0 "otra vida cargos semejantes:

166.0 1898.0 656.0 60.0 "que no haberlo yo hecho, fue

167.0 1945.0 651.0 58.0 "por serme entonces preciso ha-

167.0 1996.0 651.0 55.0 "cerme al disimulo ; pues mis

167.0 2044.0 651.0 65.0 "continuas guerras, ya con los

857.0 152.0 652.0 60.0 "Paganos, ya con los rebeldes,

859.0 202.0 654.0 60.0 "y no abispar los soldados, por

859.0 248.0 654.0 62.0 "delincuente, fueron causa en

857.0 287.0 650.0 66.0 "aquel tiempo de tolerar á Joab,

857.0 337.0 654.0 58.0 "y sufrir sus demasías. Tu go-

859.0 383.0 652.0 62.0 "zarás de suma paz, asi de es-

857.0 432.0 652.0 61.0 "traños, como de propios; y en-

857.0 480.0 654.0 65.0 "tonces es buen tiempo de cas-

857.0 532.0 652.0 54.0 "tigos. Tambien tienes en Pa-

857.0 571.0 650.0 59.0 "lacio á Semey, aquel que en

859.0 628.0 648.0 51.0 "la Ciudad de Baurin, yendo

857.0 665.0 650.0 66.0 "yo huyendo de los desafueros

859.0 717.0 648.0 58.0 "de tu hermano Absalon, me

857.0 758.0 650.0 69.0 "apedreó, y echó muchas mal-

857.0 806.0 648.0 64.0 "diciones. Prometíle entonces

857.0 854.0 648.0 60.0 "quando volvia, y me vió vic-

851.0 897.0 654.0 65.0 "torioso, al verle yo humilla-

853.0 949.0 654.0 58.0 "do pedir perdon, de no qui-

851.0 995.0 652.0 62.0 "tarle la vida mientras yo vivie-

851.0 1049.0 656.0 52.0 "se: se lo he cumplido. Tu aho-

851.0 1099.0 652.0 56.0 "ra, segun tu prudencia, y sa-

853.0 1145.0 650.0 58.0 "ber, le podrás castigar con-

851.0 1192.0 382.0 60.0 "forme mereciere.

873.0 1235.0 630.0 58.0 "Adviertote asimismo, y te

855.0 1279.0 646.0 61.0 "pido, que á los hijos de Ber-

855.0 1327.0 642.0 60.0 "celay, aquel venerable anciano,

853.0 1371.0 648.0 66.0 "y noble Galaadita, les hagas

853.0 1417.0 646.0 58.0 "muchas mercedes, y los hon-

853.0 1468.0 646.0 61.0 "res con títulos de Grandes, sen-

853.0 1512.0 646.0 66.0 "tándolos á tu mesa. Hállolos

853.0 1558.0 646.0 60.0 "merecedores á todas estas gra-

855.0 1618.0 639.0 54.0 "cias pues en mi mayor aprieto,

855.0 1659.0 644.0 54.0 "en mi mayor necesidad, quando

855.0 1701.0 641.0 66.0 "huyendo de tu hermano, iba á

853.0 1749.0 643.0 64.0 "pie, y descalzo, buscando lo

855.0 1799.0 642.0 64.0 "seguro de las breñas, me sa-

855.0 1848.0 641.0 56.0 "lieron estos nobles hijos con

853.0 1892.0 641.0 64.0 "su venerable padre al encuen-

850.0 1947.0 646.0 56.0 "tro, cargados de regalos con

850.0 1997.0 646.0 55.0 "que socorrerme : accion que la

850.0 2043.0 644.0 66.0 "esculpí en el alma, y merece-
