1689 2326
226.0 100.0 69.0 61.0 20

226.0 139.0 648.0 68.0 mas desde entonces se dió toda á

232.0 195.0 642.0 60.0 la tristeza, á los suspiros, y á el

226.0 248.0 648.0 60.0 llanto. Supo David la novedad,

236.0 288.0 638.0 66.0 y lo sintió por extremo, y solo

227.0 341.0 653.0 58.0 lo encomendó á Dios, dexando

224.0 387.0 658.0 62.0 el remedio en su mano. Desde

223.0 428.0 659.0 62.0 entonces volvió Saul á perseguir

219.0 481.0 653.0 53.0 á David, y andando en busca

219.0 527.0 655.0 53.0 de él, llamó David á su sobrino

219.0 567.0 655.0 62.0 Abisaí, y rebozados con las som-

222.0 621.0 652.0 60.0 bras de la noche, partieron los

223.0 662.0 653.0 70.0 dos á su tienda. Entraron dentro,

226.0 711.0 650.0 64.0 y vieron al Rey dormido, y á to-

224.0 764.0 652.0 55.0 dos sus Capitanes. Mas entonces

224.0 802.0 650.0 62.0 Abisaí le dixo enristrando el ve-

226.0 860.0 648.0 52.0 nablo que llevaba : Ea, Señor,

217.0 897.0 657.0 60.0 a Dios te ha puesto á tu ene-

219.0 947.0 655.0 66.0 migo en tus manos, aparta, y

230.0 995.0 648.0 64.0 verás, que á un golpe le coso

217.0 1044.0 665.0 62.0 con la tierra. A lo que David,

218.0 1086.0 662.0 66.0 cogiendole del brazo le dixo: No

220.0 1138.0 661.0 59.0 hagas tal cosa, ni contra un

219.0 1182.0 662.0 59.0 Cristo de Dios intentes tal ale-

236.0 1232.0 644.0 57.0 vosía ; afirmando con juramento,

218.0 1279.0 660.0 62.0 que hasta que llegase su hora, ó

230.0 1329.0 652.0 60.0 Dios le matase, él no habia de

235.0 1373.0 232.0 53.0 ofenderle.

281.0 1414.0 605.0 68.0 Salieronse luego de la tienda

240.0 1471.0 646.0 60.0 sin hacer el menor daño, llevan-

244.0 1509.0 642.0 68.0 dose solo el venablo del Rey,

240.0 1560.0 646.0 56.0 que tenia á la cabecera, y un

238.0 1606.0 648.0 68.0 barril de agua. Fueron desde

240.0 1657.0 642.0 64.0 allí á un collado, desde donde

240.0 1711.0 642.0 50.0 empezaron á dar voces. Desper-

244.0 1748.0 638.0 58.0 tó el Rey al ruido, y empezó

250.0 1792.0 636.0 72.0 David á significarle su inocencia,

246.0 1843.0 640.0 70.0 pues que habiendo podido ma-

246.0 1901.0 640.0 56.0 tarle, no lo habia hecho, con-

248.0 1946.0 638.0 60.0 tentandose solo cone llevar su

248.0 1994.0 638.0 60.0 venablo, y aquel barril. Saul

248.0 2039.0 638.0 77.0 quedó admirado, y contrito,

907.0 158.0 644.0 53.0 ofreciendole su gracia. Llamóle

907.0 205.0 640.0 58.0 pues, para sí, y le dió mil ben-

905.0 251.0 646.0 57.0 diciones; mas David, sin admi-

905.0 298.0 646.0 52.0 tir sus ofertas, ni fiarse, al pa-

901.0 333.0 650.0 68.0 recer, sacrificó á Dios aquella

901.0 383.0 648.0 66.0 hazaña de haberse vencido á sí

903.0 440.0 644.0 56.0 mismo, perdonando á su enemi-

901.0 476.0 648.0 68.0 go, quando pudiera matarle, por-

897.0 529.0 652.0 62.0 que le libraba Dios de todos sus

899.0 579.0 188.0 50.0 trabajos.

939.0 617.0 611.0 64.0 No fiandose David de las pro-

901.0 670.0 648.0 56.0 mesas de Saul, entró en cuen-

901.0 711.0 650.0 64.0 tas consigo, y dixo allá en su

903.0 759.0 646.0 62.0 idea : Dia puede haber que dé

901.0 810.0 650.0 62.0 en manos de Saul ; y aunque

901.0 858.0 646.0 60.0 tengo seguro del Cielo, que no

899.0 909.0 652.0 58.0 ha de quitarme la vida, no qui-

901.0 947.0 646.0 62.0 siera ver el riesgo de serme for-

909.0 996.0 642.0 64.0 zoso empuñar la espada contra

909.0 1050.0 640.0 56.0 quien debo respeto, y de que

909.0 1093.0 642.0 54.0 muchos acaso mueran á mis

909.0 1147.0 642.0 52.0 manos, por favorecer los mios.

909.0 1186.0 642.0 64.0 Huyamos pues de este lance,

907.0 1230.0 642.0 66.0 y vamonos á tierra de Paganos,

911.0 1283.0 642.0 62.0 para que cese Saul de perseguir-

911.0 1325.0 644.0 64.0 me, y cese de molestar á los

909.0 1374.0 646.0 61.0 que imagina que me dan susten-

911.0 1426.0 642.0 60.0 to. Marchó David con los suyos

913.0 1471.0 640.0 56.0 á tierra de Geth, donde rey-

913.0 1517.0 640.0 58.0 naba Achis, que le recibió be-

911.0 1560.0 642.0 62.0 nigno, y con mucho gusto. Pi-

911.0 1614.0 644.0 52.0 dióle despues de algunos dias al

917.0 1655.0 632.0 68.0 Rey, que le ocupase en algo,

917.0 1707.0 636.0 60.0 para corresponder á sus favores.

917.0 1750.0 636.0 66.0 Quadróle á Achis la propuesta,

915.0 1798.0 640.0 64.0 y le dió como en propiedad la

915.0 1843.0 642.0 62.0 ciudad de Sicelech, para que se

915.0 1895.0 642.0 62.0 la defendiese : lo que hizo Da-

915.0 1940.0 642.0 60.0 vid, y su gente tan bien, que

915.0 1986.0 642.0 64.0 amaynó el orgullo de los demas

917.0 2035.0 636.0 87.0 Paganos vecinos, que no esta-
