1705 2315
238.0 92.0 59.0 63.0 42

236.0 140.0 630.0 59.0 Jerusalem á pasar gustoso lo que

234.0 186.0 637.0 59.0 le quedaba de vida; trocando en

232.0 232.0 637.0 62.0 cortesano lo rústico de la Aldéa,

239.0 283.0 629.0 58.0 y que á experiencias de lo que

229.0 322.0 639.0 59.0 deseaba honrarle veria lo que le

227.0 370.0 645.0 58.0 estaba agcadecido. Respodió el

231.0 428.0 641.0 48.0 venerable anciano, vertiendo la-

227.0 464.0 649.0 66.0 grimas de gozo. No es ya mi

229.0 520.0 647.0 56.0 edad, Señor, para poder ir á re-

229.0 559.0 643.0 62.0 cibir este favor grande que V. M.

229.0 609.0 643.0 54.0 me hace, y que se lo estimo so-

231.0 658.0 642.0 60.0 bre mi cabeza, que un viejo qual

238.0 707.0 638.0 55.0 yó de ochenta años, ¿á qué ha de

229.0 747.0 646.0 59.0 ir á los bullicios, á estar como de

227.0 796.0 644.0 61.0 sobra? Los manjares regalados,

230.0 848.0 642.0 57.0 y vinos preciosos son superfluos

226.0 893.0 650.0 58.0 para mí: los canticos dulces, las

223.0 941.0 654.0 57.0 músicas suaves, ya no son para

225.0 987.0 645.0 62.0 mi oido. ¿Para qué pues, tengo de

222.0 1026.0 648.0 69.0 ir á ser carga, y embarazo á V.

223.0 1078.0 643.0 56.0 M.? que un viejo es pesado á to-

229.0 1122.0 637.0 60.0 dos. Y asi le suplico me permi-

223.0 1167.0 638.0 69.0 ta que le vaya sirviendo una, ó

222.0 1221.0 644.0 56.0 dos jornadas, y luego me dé li-

220.0 1269.0 646.0 60.0 cencia para volverme á mi casa

216.0 1319.0 647.0 58.0 á morir, y ocupar el sepulcro de

218.0 1363.0 650.0 56.0 mis padres. Pero porque vea V.

218.0 1404.0 650.0 62.0 M. no estraño del todo sus mer-

227.0 1456.0 645.0 60.0 cedes, aqui viene conmigo mi

220.0 1500.0 652.0 64.0 hijo Chanaam, y siervo vuestro;

220.0 1552.0 646.0 54.0 él, como mozo, y alentado podrá

222.0 1593.0 644.0 68.0 ir á la Corte, y estar, y perma-

216.0 1641.0 650.0 66.0 necer en su servicio. Condescen-

222.0 1689.0 644.0 54.0 dió gustosísimo David ; y reci-

222.0 1741.0 650.0 54.0 biendo en su servicio á Chanaam,

220.0 1786.0 643.0 58.0 á quien hizo muchas mercedes,

221.0 1832.0 651.0 59.0 se despidió del viejo con muchas

218.0 1882.0 648.0 62.0 caricias, dándole los brazos, y

218.0 1926.0 491.0 54.0 besándole en el rostro.

260.0 1971.0 603.0 62.0 Llegó David á Jerusalem, don-

210.0 2017.0 653.0 78.0 de con alborozos, y alegrias le

898.0 132.0 643.0 69.0 prevenian fiestas á su triunfo. Pe-

895.0 190.0 647.0 56.0 ro como las felicidades humanas

895.0 234.0 649.0 60.0 jamás son duraderas, apenas hi-

899.0 287.0 643.0 54.0 zo alarde de la victoria quando

899.0 326.0 643.0 55.0 una diferencia desazonó los pla-

901.0 378.0 641.0 54.0 ceres. Originóse entre la Tribu

903.0 422.0 639.0 66.0 de Judá, y las demás Tribus so-

903.0 462.0 639.0 66.0 bre varias etiquetas, y emulacio-

905.0 518.0 639.0 53.0 nes, sobre si se hacia mas apre-

905.0 559.0 639.0 64.0 cio de la Tribu de Judá que de las

905.0 607.0 637.0 62.0 once. Llegaron á separarse estas

903.0 655.0 641.0 58.0 de aquella, y el principal que les

905.0 700.0 639.0 63.0 daba fuego era Siba, hombre

894.0 751.0 650.0 52.0 de los mas sobresalientes de la Tri-

900.0 797.0 641.0 59.0 bu de Benjamin. Este se alzó co-

898.0 846.0 647.0 58.0 mo cabeza de todos. Procuró

900.0 892.0 644.0 62.0 David juntar gente para repri-

899.0 938.0 647.0 61.0 mirlo, y encomendó á su nuevo

901.0 981.0 637.0 58.0 Ceneral Amasa, que saliese á re-

901.0 1037.0 639.0 54.0 cogerla: entre tanto que venia le

903.0 1088.0 639.0 55.0 dixo á Abisai, que saliese con las

901.0 1126.0 639.0 64.0 Legiones que guardaban su per-

899.0 1176.0 645.0 58.0 sona, siguiendo á Siba, sin dar-

901.0 1226.0 634.0 58.0 le lugar á que rehiciese sus brios.

901.0 1273.0 541.0 52.0 ni agavillase mas rebeldes.

935.0 1318.0 609.0 54.0 Salió Abisai, yendo con él su

905.0 1361.0 637.0 64.0 hermano Joab como soldado

903.0 1408.0 637.0 63.0 particular, y harto sentido, co-

899.0 1452.0 641.0 66.0 mo lo mostró en el hecho que

899.0 1502.0 643.0 60.0 dirémos. Enderezaron la marcha

899.0 1549.0 643.0 59.0 á Gabaon, donde encontraron á

899.0 1597.0 643.0 62.0 Amasa, que con un grueso cam-

897.0 1643.0 643.0 58.0 po volvia para Jerusalem. Estaba

899.0 1699.0 641.0 54.0 Joab con la picazon de haberie

896.0 1738.0 645.0 62.0 privado David del baston por sus

896.0 1787.0 645.0 61.0 libertades, y osadías, y dadosele

894.0 1835.0 650.0 62.0 á su primo Amasa. Tenia fragua-

891.0 1884.0 641.0 56.0 da en su pecho la venganza; y

894.0 1930.0 645.0 57.0 como si Amasa tuviera culpa en

890.0 1971.0 641.0 66.0 admitir las mercedes que el Rey

892.0 2021.0 641.0 72.0 le hacia, le dió la muerte. Lle-
