1696 2362
216.0 102.0 63.0 71.0 34

212.0 175.0 638.0 43.0 tu misma sangre te dé muchas pe-

220.0 216.0 630.0 57.0 sadumbres. Aturdido quedó Da-

216.0 261.0 634.0 57.0 vid al fallo riguroso del Profeta,

216.0 299.0 634.0 65.0 y haciéndose el corazon al do-

212.0 354.0 638.0 59.0 lor, los ojos á la ternura, entre

214.0 399.0 636.0 61.0 sollozos, y llanto pronunció so-

208.0 442.0 642.0 61.0 lo: Peque contra mi Dios. El be-

212.0 496.0 640.0 55.0 nignísimo Señor, como le vió

208.0 539.0 644.0 59.0 tan arrepentido, díxole como al

210.0 589.0 649.0 60.0 oido al Profeta, que le diese á

204.0 639.0 646.0 59.0 entender, que ya estaba perdo-

208.0 682.0 642.0 62.0 nado en lo principal de la culpa,

208.0 726.0 642.0 71.0 y en gran parte de la pena. Hizo-

207.0 778.0 642.0 60.0 selo saber Natan, como Dios le

204.0 824.0 641.0 63.0 habia perdonado en fuerza del

202.0 870.0 643.0 66.0 dolor, de su ofensa, y que la pe-

203.0 919.0 642.0 61.0 na de muerte, que le estaba ful-

200.0 962.0 643.0 65.0 minada, la permutaba en el nue-

204.0 1007.0 639.0 69.0 vo Infante que Bersabé habia pa-

210.0 1064.0 633.0 55.0 rido, por el escandalo grande

204.0 1106.0 427.0 55.0 que se dió al Pueblo.

246.0 1153.0 608.0 55.0 Prosiguió llorando David su

206.0 1198.0 648.0 65.0 pecado, en que mereció aplacar

204.0 1249.0 650.0 59.0 mucho á la Divina piedad ; pero

198.0 1289.0 656.0 67.0 no se excusó de muchos distur-

202.0 1338.0 646.0 63.0 bios en su casa, que le alteraron

202.0 1389.0 646.0 53.0 lo bastante. Acontecióle prime-

202.0 1435.0 640.0 63.0 ramente, el que su hijo primoge-

200.0 1480.0 639.0 63.0 nito Amnon llevado de su ape-

198.0 1525.0 641.0 65.0 tito, violentó á la Infanta Tha-

196.0 1570.0 643.0 65.0 mar, medio hermana de Absa-

198.0 1617.0 645.0 61.0 lon; y éste ofendido del agravio,

200.0 1675.0 643.0 57.0 le mató. Convidóle con todos

199.0 1717.0 643.0 59.0 los demás Infantes á una Granja,

199.0 1766.0 645.0 60.0 ó Quinta que tenía, á un dia de

198.0 1820.0 645.0 49.0 diversion; y estando ya puestos

198.0 1865.0 645.0 58.0 todos á la mesa, entraron los

195.0 1907.0 648.0 67.0 asesinos, que tenía ya Absalon

195.0 1952.0 648.0 69.0 contratados, y dieron muerte

195.0 1999.0 648.0 63.0 alevosa al Príncipe Amnon, ven-

195.0 2045.0 648.0 82.0 gando así la violencia y deshonra

890.0 190.0 635.0 29.0 que hizo a su hermana Thamar.

876.0 204.0 644.0 67.0 Uno, y otro fracaso supo David,

887.0 255.0 643.0 63.0 que le anudaron el corazon de ma-

884.0 309.0 644.0 49.0 nera, que no habia consuelo pa-

884.0 356.0 640.0 57.0 ra su llanto: pero como conocia

886.0 403.0 642.0 57.0 que todo le venía por su enormi-

884.0 440.0 640.0 65.0 simo pecado, se volvía á Dios,

884.0 496.0 638.0 53.0 refrendando su dolor, y conso-

884.0 541.0 459.0 57.0 lándose con su piedad.

916.0 586.0 613.0 62.0 Huyó Absalon á Gesur, Reyno

876.0 629.0 648.0 63.0 de su abuelo, por parte de su ma-

876.0 677.0 644.0 67.0 dre, donde le recibió Ptolomay,

878.0 736.0 644.0 59.0 como á nieto suyo, poniéndole

874.0 779.0 651.0 52.0 casa con aparato de Principe.

878.0 820.0 646.0 63.0 Tres años estuvo alli desterrado

880.0 873.0 642.0 63.0 de su Patria, suspirando siempre

872.0 930.0 9.0 43.0 por las delicias de Judea. No

876.0 960.0 646.0 67.0 faltaban rogadores que interce-

876.0 1007.0 644.0 61.0 diesen con David, para que le-

878.0 1066.0 642.0 50.0 vantase el destierro á su hijo Ab-

874.0 1104.0 650.0 63.0 salon; y entre ellos fué Joab, que

872.0 1147.0 650.0 63.0 buscó traza como ablandar al

872.0 1204.0 646.0 57.0 Rey, y lo consiguió. Consegui-

872.0 1245.0 644.0 63.0 da la gracia, le envió David á

872.0 1291.0 648.0 57.0 Gesur con dinero, y aparato para

870.0 1340.0 648.0 67.0 que traxese á Absalon: llegó Ab-

870.0 1393.0 648.0 61.0 salon á Jerusalem, pero no qui-

868.0 1438.0 644.0 59.0 so el Rey, que le viese la cara.

874.0 1484.0 642.0 63.0 Asi estuvo por dos años pri-

874.0 1537.0 640.0 51.0 vado de la vista de su padre.

874.0 1572.0 644.0 67.0 Lastimábase este Principe del

866.0 1627.0 648.0 57.0 desvio : lloraba continuamente

868.0 1669.0 644.0 67.0 su infortunio, hasta que ya no

866.0 1720.0 646.0 63.0 pudiendo sufrir esta privacion,

868.0 1761.0 644.0 61.0 llamó á Joab, y le dixo, dixese

866.0 1806.0 646.0 69.0 al Rey su Padre : ¿Que para qué

868.0 1864.0 642.0 61.0 le traxo de Gesur, si no habia de

866.0 1913.0 642.0 61.0 gozar de su presencia? Que olui-

868.0 1960.0 640.0 61.0 dase enojos, y disgustos; y que

866.0 2001.0 642.0 63.0 si no los podia borrar de su me-

866.0 2049.0 640.0 76.0 moria, mandase darle una muer-
