1701 2324
1391.0 94.0 49.0 64.0 11

118.0 160.0 644.0 50.0 criados por el peligro que corria.

166.0 197.0 599.0 57.0 La astuta Michol llamó á al-

125.0 238.0 644.0 66.0 gunas de sus criadas, que la ayu-

120.0 291.0 643.0 58.0 dasen á lo que intentaba trazar;

120.0 336.0 645.0 60.0 tomó una de las estatuas de mar-

121.0 384.0 647.0 58.0 mol, ó de bronce, que habia

122.0 431.0 647.0 62.0 en su casa, y aliñandola lo me-

122.0 481.0 647.0 58.0 jor que pudo, para que se ase-

125.0 526.0 651.0 58.0 mejase á David, la metió en la

125.0 571.0 647.0 59.0 cama. Echóse la voz por la casa

125.0 615.0 646.0 61.0 que David estaba enfermo. Fin-

127.0 664.0 663.0 61.0 gióse la turbacion, y cuidado,

123.0 708.0 653.0 58.0 que suele haber en necesidad se-

123.0 753.0 648.0 68.0 mejante. La buena Michol ha-

123.0 799.0 657.0 58.0 cia muy bien el papel del sen-

125.0 844.0 651.0 62.0 timiento, y los criados unos pu-

134.0 898.0 655.0 53.0 blicaban con suspiros la dolencia,

131.0 948.0 649.0 61.0 y otros con ademanes la demos-

130.0 992.0 659.0 57.0 traban mortal. Los Ministros

131.0 1047.0 655.0 53.0 del Rey, que tenian cercada

133.0 1088.0 644.0 57.0 la casa , viendo el desasosiego,

133.0 1137.0 660.0 57.0 que en ella habia, y escuchan-

129.0 1175.0 651.0 72.0 do los ayes, y suspiros de Mi-

131.0 1223.0 651.0 61.0 chol, llegaron á entender la cau-

131.0 1272.0 651.0 60.0 sa ; porque confusos no  sabian

131.0 1326.0 649.0 62.0 que hacerse. Era ya entrado el

131.0 1367.0 657.0 70.0 dia, y deseoso Saul de saber,

135.0 1415.0 645.0 68.0 si ya se habia hecho la prision,

133.0 1464.0 651.0 69.0 envió impaciente otros Minis-

135.0 1518.0 663.0 57.0 tros, para que si los primeros

133.0 1560.0 649.0 55.0 no la habian hecho, estos la exe-

135.0 1611.0 435.0 57.0 cutasen prontamente.

178.0 1644.0 598.0 71.0 Llegaron, pues, y encontran-

135.0 1696.0 645.0 60.0 dose con Michol, les recibió

135.0 1746.0 649.0 62.0 llorosa. Preguntaronla por Da-

137.0 1795.0 653.0 58.0 vid, diciendola el órden que

135.0 1837.0 655.0 66.0 llevaban. Michol, cuyo solo fin

135.0 1888.0 649.0 68.0 era dar tiempo á su querido es-

139.0 1934.0 655.0 68.0 poso, para huir, comenzó que-

139.0 1981.0 655.0 67.0 rellosa á lastimarse de su poca

141.0 2029.0 653.0 70.0 suerte, y de la enfermedad, en

796.0 176.0 646.0 31.0 que yacia David. Fingialo tan

793.0 196.0 645.0 58.0 bien, y con tan dilatados periodos,

794.0 244.0 645.0 61.0 que abobados los Ministros, no

795.0 287.0 646.0 62.0 acertaban á despedirse. Fuerónse

788.0 329.0 651.0 60.0 en fin los Ministros al Rey; y le

795.0 380.0 647.0 58.0 dixeron, como David estaba do-

796.0 429.0 647.0 60.0 liente, por cuyo motivo no ha-

795.0 473.0 648.0 56.0 bian executado el mandato. En-

796.0 520.0 647.0 61.0 furecióse Saul, y receloso, les

803.0 569.0 643.0 59.0 preguntó, ¿si habian visto ellos á

803.0 617.0 643.0 59.0 David? Respondieron que no;

800.0 659.0 650.0 64.0 pero que la turbacion que habia

800.0 706.0 649.0 64.0 en la casa, y lo que la Infanta

807.0 759.0 642.0 50.0 demostraba, daban bastantes in-

813.0 795.0 640.0 64.0 dicios de la verdad. A nada dió

807.0 844.0 647.0 60.0 crédito Saul, y los volvió á en-

812.0 898.0 638.0 58.0 viar con órden, que enfermo, y

805.0 941.0 649.0 64.0 en cama se le traxesen, y que en

805.0 991.0 650.0 57.0 ella misma le diesen la muerte,

809.0 1039.0 647.0 61.0 sino pudiese hacerse de otro

812.0 1087.0 138.0 59.0 modo.

853.0 1129.0 600.0 63.0 Volvieron los Ministros, y

813.0 1175.0 645.0 70.0 preguntóles Michol, ¿á qué tor-

817.0 1229.0 641.0 64.0 naban? Mas respondieron, que

812.0 1276.0 647.0 61.0 volvian por David para llevar-

821.0 1324.0 637.0 60.0 le á la presencia del Rey, del mo-

819.0 1369.0 639.0 68.0 do que estuviese. Con semejan-

815.0 1415.0 647.0 64.0 te recado se dió pie bastante

825.0 1460.0 633.0 69.0 para un buen rato de dilacion,

811.0 1513.0 648.0 62.0 que en bien lastimadas quejas,

807.0 1553.0 653.0 73.0 supo Michol gastarle. Y siendo

817.0 1608.0 642.0 58.0 ya forzoso ceder, y asimismo,

813.0 1650.0 647.0 65.0 conociendo Michol habia teni-

813.0 1696.0 649.0 68.0 do David tiempo suficiente para

811.0 1750.0 651.0 56.0 ahuyentarse, les llevó á la cama.

821.0 1793.0 645.0 64.0 Corrieron las cortinas, y al lle-

819.0 1837.0 645.0 70.0 gar al lecho, se hallaron atoni-

821.0 1892.0 641.0 52.0 tos, y corridos con una esta-

821.0 1940.0 643.0 52.0 tua, que fingia ser David. Die-

815.0 1981.0 651.0 67.0 ron parte al Rey, que ciego de

819.0 2027.0 645.0 87.0 rabia, hizo llamar á Michol. Di-
