1689 2324
215.0 91.0 62.0 76.0 22

218.0 183.0 649.0 37.0 hasta llegar á los reales de su

218.0 206.0 649.0 63.0 campo: y pondera Nicolao de Ly-

213.0 255.0 648.0 54.0 ra, que se descubrió el animo, y

215.0 303.0 651.0 53.0 valentia de Saul en no mostrar

210.0 347.0 657.0 55.0 cobardia, ni huir el lance quan-

209.0 395.0 658.0 54.0 do llevaba certidumbre de su des-

211.0 440.0 648.0 64.0 gracia. De la misma suerte ar-

209.0 488.0 650.0 62.0 rostró al enemigo, y se dispuso

210.0 534.0 649.0 65.0 para la pelea, que si llevára se-

209.0 584.0 343.0 62.0 gura la victoria.

260.0 628.0 600.0 64.0 Juntos, como ya hemos di-

207.0 675.0 653.0 62.0 cho, los Principes de los Philis-

207.0 723.0 653.0 55.0 teos, iba cada uno con su gen-

215.0 769.0 645.0 56.0 te: iba David con la suya en él

209.0 815.0 647.0 55.0 Esquadron de Achis, y lo mis-

207.0 862.0 649.0 63.0 mo fué verle los demás Princi-

209.0 908.0 651.0 62.0 pes, que desazonarse, y decir á

207.0 958.0 653.0 61.0 Achis, que no convenia llevar-

214.0 1005.0 645.0 53.0 le entre sus gentes ; pues acaso

211.0 1050.0 648.0 56.0 estando mal con su Rey Saul,

207.0 1098.0 647.0 58.0 querrá para reconciliarse con él

207.0 1145.0 647.0 59.0 hacerse de su parte, y volver

205.0 1187.0 649.0 62.0 contra nosotros. Vióse Achis

206.0 1235.0 648.0 65.0 obligado á decir á David lo mal

206.0 1285.0 650.0 57.0 que llevaban sus compañeros

207.0 1333.0 649.0 54.0 que fuese con ellos en compa-

206.0 1382.0 650.0 57.0 ñia, y asi le dixo, que se vol-

207.0 1429.0 649.0 51.0 viese con su gente á Sicelech, lo

206.0 1473.0 650.0 60.0 que executó pronto al dia si-

207.0 1526.0 179.0 60.0 guiente.

255.0 1564.0 607.0 61.0 Mientras David iba acompa-

207.0 1613.0 655.0 56.0 ñando á Achis, aconteció, que

207.0 1661.0 655.0 62.0 los Amalecitas, enemigos decla-

209.0 1708.0 653.0 59.0 rados, quisieron aprovechar la

206.0 1754.0 656.0 58.0 ocasion, y despicar sus enojos.

209.0 1801.0 653.0 54.0 Coligarónse pues, todos, y bien

210.0 1847.0 652.0 59.0 apercibidos de armas, y provi-

213.0 1892.0 649.0 60.0 siones, cercaron á Sicelech, y

210.0 1940.0 652.0 52.0 hallandola vacía de defensa, la

210.0 1985.0 652.0 60.0 entraron al primer asalto. Sa-

216.0 2029.0 646.0 69.0 quearon toda la Ciudad, sin de-

890.0 167.0 641.0 55.0 xar alhaja, ni preséa, que no fue-

890.0 206.0 640.0 62.0 se despojo de su codicia. Cauti-

887.0 261.0 3.0 44.0 varon á todos los los Ciudadanos , y

887.0 314.0 3.0 41.0 sacandolos al campo con el ro

890.0 344.0 645.0 57.0 bo, pegaron fuego á toda la Ciu-

890.0 391.0 646.0 56.0 dad. Cargaron con todas las ri-

887.0 437.0 648.0 63.0 quezas, y cautivos, y se dirigie-

887.0 485.0 648.0 62.0 ron por el camino que tra-

887.0 531.0 649.0 65.0 xeron. Llegaba David con sus

885.0 588.0 5.0 45.0 seiscientos soldados á tiempo

890.0 626.0 646.0 60.0 que las pavesas, hiriendole los

888.0 673.0 649.0 62.0 ojos, le hicieron relacion del

888.0 720.0 648.0 54.0 triste fracaso. Mucho fué el do-

888.0 768.0 644.0 54.0 lor que recibió, y no fué me-

887.0 814.0 652.0 56.0 nos ver robadas sus dos muge-

887.0 861.0 652.0 63.0 res, Abigail, y Achinoa. Acu-

890.0 907.0 647.0 61.0 dió, pues, á su Dios en me-

890.0 956.0 645.0 62.0 dio de estos ahogos ( que no hay

888.0 1004.0 646.0 54.0 mejor remedio para las apretu-

888.0 1050.0 648.0 59.0 ras) y pidióle parecer de lo que

891.0 1098.0 646.0 58.0 haria. Que siguiese al enemigo

891.0 1143.0 645.0 60.0 le fué revelado, dandole por se-

891.0 1187.0 335.0 62.0 gura la victoria.

925.0 1240.0 614.0 58.0 No aguardó mas David, sino

891.0 1283.0 648.0 59.0 animando á los suyos, empezó

891.0 1331.0 646.0 56.0 á seguir las huellas de los Paga-

891.0 1380.0 649.0 58.0 nos. Iban caminando, quando

891.0 1427.0 648.0 51.0 encontraron un Gitano, escla-

891.0 1473.0 644.0 58.0 vo de uno de los Amalecitas,

890.0 1517.0 650.0 65.0 que traspasado de hambre, ape-

894.0 1563.0 646.0 59.0 nas podia hablar. Diéronle de co-

894.0 1611.0 647.0 58.0 mer, y cobrado el aliento, les

894.0 1657.0 646.0 61.0 informó por menudo quanto ha-

894.0 1705.0 646.0 61.0 bia pasado, y el camino que

894.0 1752.0 647.0 58.0 llevaba el enemigo. Alcanzaron-

894.0 1798.0 649.0 56.0 le en un Valle, donde estaba ce-

894.0 1846.0 651.0 58.0 lebrando la victoria con esplen-

894.0 1892.0 650.0 57.0 didos banquetes, y al punto

894.0 1939.0 650.0 54.0 dieron contra ellos como Leo-

894.0 1984.0 650.0 59.0 nes David, y los suyos con tan-

894.0 2030.0 649.0 73.0 ta furia, que hicieron en ellos
