1737 2389
1416.0 138.0 52.0 74.0 33

147.0 179.0 649.0 77.0 peligrosa. Recibió Urías por

143.0 236.0 653.0 58.0 honra, lo que era traza para

139.0 282.0 657.0 58.0 su peligro. Comenzóse la fun-

140.0 333.0 659.0 58.0 cion, y denodado, y valeroso

142.0 376.0 648.0 63.0 Urías, se engolfó en el riesgo;

147.0 426.0 645.0 65.0 y aunque vendió bien su vida,

139.0 469.0 657.0 64.0 encontró con la muerte en me-

139.0 525.0 657.0 64.0 dio del estrago. Luego que lo

139.0 565.0 657.0 64.0 supo Joab, que Urías era muer-

143.0 617.0 653.0 57.0 to, despachó un mensajero á

139.0 666.0 657.0 52.0 David, que interiormente se re-

143.0 714.0 653.0 64.0 gocijó : pero con grande disi-

143.0 756.0 653.0 56.0 mulo se mostró sentido. En me-

143.0 810.0 653.0 52.0 dio de eso, avisó pronto á Ber-

141.0 860.0 655.0 47.0 sabé, que era muerto su marido

141.0 897.0 655.0 66.0 porque sabia, que seria buena

139.0 941.0 657.0 64.0 nueva para ella : pues la iba en

139.0 989.0 657.0 60.0 ello la vida, y la honra, que en

142.0 1041.0 650.0 56.0 manifestandose mas el preñado,

151.0 1088.0 645.0 62.0 se aprobaba el adulterio, y era

147.0 1138.0 649.0 60.0 fuerza morir apedreada. Disi-

146.0 1183.0 645.0 60.0 muló grandemente la alegria,

147.0 1230.0 640.0 61.0 pues luego se dió á las lágrimas,

146.0 1279.0 649.0 57.0 haciendo estraños extremos de

145.0 1331.0 659.0 54.0 dolor: que una muger llora quan-

145.0 1379.0 659.0 58.0 do quiere, y sabe engañar llo-

144.0 1425.0 153.0 46.0 rando.

177.0 1457.0 621.0 67.0 Pasados ya algunos dias, quiso

150.0 1517.0 649.0 58.0 David mostrar al Pueblo el amor

147.0 1563.0 651.0 58.0 que la tenía, coronándola por

146.0 1612.0 649.0 56.0 Reyna, con hacerla su muger.

152.0 1657.0 647.0 61.0 Llevóla á palacio, pusola quarto

153.0 1700.0 645.0 61.0 como á las demás, y hacía con

148.0 1753.0 648.0 56.0 ella demonstraciones de singular

147.0 1798.0 653.0 58.0 cariño. Parió Bersabé un hermo-

149.0 1839.0 649.0 60.0 so Infante; y el Pueblo, que pro-

149.0 1887.0 649.0 62.0 cedía sospechoso, avivó mas la

147.0 1931.0 651.0 67.0 malicia con este parto; y asi to-

151.0 1976.0 647.0 64.0 dos, especialmente el vulgo, se

151.0 2030.0 647.0 110.0 daba malicioso á la detraccion.

832.0 193.0 640.0 57.0 Vió Dios tan descuidado á Da-

824.0 230.0 648.0 64.0 vid, tan poco arrepentido de un

826.0 284.0 644.0 60.0 exceso tan notable, tan embele-

822.0 334.0 649.0 56.0 sado en la hermosura, que solo

822.0 374.0 648.0 60.0 Bersabé era el idolo que idolatra-

822.0 426.0 646.0 58.0 ba, y determinó recordarselo,

820.0 467.0 646.0 60.0 declarandole su ceguedad, y ma-

820.0 515.0 648.0 64.0 nifestándole su engaño, por me-

820.0 565.0 650.0 60.0 dio del Profeta Natan. Pasó és-

820.0 611.0 646.0 63.0 te á Palacio, vióse con el Rey,

820.0 664.0 650.0 60.0 y usando de una bien estudiada

820.0 704.0 650.0 60.0 traza le dixo: Has de saber, Se-

822.0 754.0 648.0 64.0 ñor que acontece un caso estraño

822.0 798.0 648.0 62.0 entre dos Ciudadanos, uno rico, y

822.0 846.0 648.0 59.0 otro pobre. El rico muy abundante

822.0 893.0 648.0 66.0 de bienes, y lleno de posesiones,

822.0 943.0 648.0 56.0 ha robado al pobre mna triste ove-

822.0 987.0 650.0 70.0 juela que tenía : pues habiéndole

822.0 1037.0 648.0 59.0 venido huespedes para haber de

824.0 1085.0 646.0 65.0 cortejarles, no quiso que se mata-

822.0 1138.0 644.0 60.0 se ninguna oveja de las suyas,

826.0 1178.0 646.0 66.0 quitándosela al pobre, hizo el con-

826.0 1224.0 648.0 66.0 vite con ella, dexándole á éste en

826.0 1272.0 648.0 69.0 sa última miseria. ¿Qué merece

828.0 1329.0 646.0 60.0 este hombre, Señor, en pena de

828.0 1369.0 193.0 64.0 su delito?

864.0 1416.0 612.0 55.0 Saltó pronto David y dixo:

818.0 1459.0 652.0 63.0 La muerte; que bombre tan inhu-

818.0 1517.0 656.0 53.0 mano debe morir, pues su mismo

818.0 1554.0 652.0 68.0 pecado le condena. Respondió Na-

818.0 1604.0 656.0 66.0 tan : Pues sabed, Señor, que ese

818.0 1656.0 656.0 60.0 hombre inhumano sois vos. Vos

820.0 1704.0 654.0 61.0 fuisteis el que cruel robasteis á

818.0 1745.0 660.0 66.0 Urías una sola ovejuela que tenia

820.0 1799.0 654.0 64.0 en su muger Bersabé, teniendo vos

820.0 1847.0 656.0 54.0 tantas : y no contento con esto le

818.0 1885.0 654.0 66.0 habeis hecho morir. Muy indigna-

820.0 1937.0 652.0 63.0 do está Dios contra vos, y dice,

818.0 1986.0 660.0 62.0 como no han de faltar jamás en tu

818.0 2038.0 656.0 66.0 casa muertes atroces, y quien de

1146.0 2078.0 58.0 77.0 E
