1691 2305
228.0 99.0 58.0 73.0 48

215.0 160.0 656.0 44.0 "dora siempre de favores, y re-

211.0 201.0 659.0 54.0 "cuerdos. Tenlos, pues, siempre

215.0 250.0 653.0 59.0 "en memoria, como yo los he

217.0 297.0 181.0 55.0 "tenido."

261.0 341.0 611.0 56.0 Por último, le dió la traza del

215.0 386.0 657.0 67.0 Templo de Dios, que habia de

211.0 434.0 661.0 63.0 edificar, y que queria su Mages-

209.0 491.0 663.0 48.0 tad que él le edificase ; y desde

213.0 537.0 659.0 56.0 que se lo reveló empezó á hacer

219.0 582.0 647.0 51.0 quantiosas prevenciones, las que

211.0 631.0 655.0 56.0 le tenia dispuestas para comen-

215.0 674.0 655.0 61.0 zar obra tan magnifica, y del

211.0 718.0 659.0 65.0 agrado del Altísimo. Manifestó-

211.0 772.0 659.0 55.0 selas todas, que fueron con suma

211.0 820.0 661.0 55.0 abundancia. Díxole, que no se de-

211.0 868.0 661.0 55.0 tuviese, que de su parte tenia á

211.0 906.0 661.0 67.0 su Dios, y que le habia prometi-

211.0 952.0 661.0 67.0 do como reynaria en paz, sin que

211.0 1010.0 661.0 50.0 hubiese enemigo que le inquieta-

213.0 1052.0 658.0 59.0 se. Luego que Salomon empezó

211.0 1098.0 657.0 62.0 á reynar, cumplió lo que su pa-

213.0 1146.0 655.0 54.0 dre le habia mandado : castigó á

219.0 1192.0 649.0 60.0 Joab, y á Semey, y honró á los hi-

215.0 1238.0 653.0 64.0 jos de Bercelay, y comenzó á abrir

216.0 1289.0 653.0 56.0 las zanjas del Santísimo Templo

215.0 1331.0 651.0 59.0 de Dios, á cuyas Aras concurrie-

215.0 1379.0 651.0 67.0 se todo Israél á darle adoracio-

217.0 1427.0 536.0 69.0 nes, y ofrecerle sacrificios.

937.0 157.0 605.0 56.0 Ya al santo Rey le iban fal-

896.0 204.0 2.0 49.0 tando las fuerzas, y mandó lla-

895.0 243.0 648.0 64.0 masen á todos sus hijos, y mu-

896.0 295.0 648.0 62.0 geres, Grandes, y Nobles para

895.0 341.0 649.0 56.0 despedirse de ellos. Empezaron

897.0 389.0 642.0 58.0 todos á besar la mano al Rey

897.0 434.0 644.0 63.0 entre suspiros, y lloros, que le

895.0 487.0 646.0 58.0 enternecieron en sumo grado.

895.0 528.0 644.0 63.0 Consolóles á todos, como Rey,

893.0 580.0 646.0 61.0 y padre amantísimo, echando-

893.0 628.0 648.0 59.0 les una tiernísima Platica, que

895.0 679.0 648.0 48.0 á los mas duros de corazon se le

895.0 720.0 648.0 61.0 hizo derretir por los ojos ; y así

895.0 774.0 646.0 55.0 asistido de sus hijos, mugeres,

899.0 816.0 645.0 56.0 Principes, y Grandes, dió su al-

897.0 856.0 644.0 67.0 ma santa á su Santísimo Criador,

897.0 914.0 644.0 56.0 con quarenta años de reynado,

897.0 952.0 644.0 60.0 dexándonos una fama eterna. Sea

899.0 1000.0 644.0 62.0 Dios bendito, y de su justísimo

889.0 1055.0 653.0 56.0 agrado, que todos los que en su

891.0 1094.0 650.0 68.0 Historia imitaren sus pisadas,

893.0 1148.0 651.0 64.0 siguieren sus trabajos, tuvieren

891.0 1198.0 653.0 60.0 sufrimiento, se armaren de su

893.0 1240.0 648.0 56.0 constancia, gocen al fin de la

893.0 1292.0 648.0 60.0 carrera sus mismas felicidades,

895.0 1340.0 642.0 60.0 muriendo en su buena vejéz, ri-

895.0 1381.0 648.0 80.0 cos, y contentos en gracia del

896.0 1434.0 196.0 64.0 Altísimo.

645.0 1653.0 544.0 158.0 FI N.
