1690 2343
1411.0 111.0 70.0 56.0 29

148.0 148.0 651.0 66.0 la ventaja del enemigo, excusó

150.0 201.0 649.0 56.0 la batalla, hasta consultar con

144.0 246.0 655.0 66.0 Dios el medio que tomaria. Ani-

146.0 288.0 653.0 69.0 móle Dios en este lance : díxole

146.0 343.0 653.0 53.0 que pelease, y que no temiese.

146.0 384.0 653.0 67.0 Obediente al mandato, puso su

145.0 436.0 650.0 58.0 gente en órden, concertó sus

144.0 478.0 655.0 58.0 esquadras, y dando la señal de

140.0 525.0 655.0 68.0 acometer, dieron tan fuerte car-

144.0 577.0 651.0 63.0 ga al enemigo, que á pocas ho-

142.0 616.0 655.0 71.0 ras le obligaron á que volviese

142.0 663.0 655.0 61.0 las espaldas, dexando ricos des-

138.0 720.0 659.0 53.0 pojos, y poblada la Campaña de

144.0 764.0 418.0 61.0 millares de difuntos.

187.0 804.0 608.0 59.0 Rabiando de corage, como

142.0 861.0 653.0 58.0 Paganos, corridos de su venci-

146.0 909.0 649.0 57.0 miento, y afrentados de su fu-

138.0 948.0 657.0 65.0 ga, volvieron á encontrarse en

144.0 998.0 656.0 60.0 la misma parte con un exército

142.0 1040.0 653.0 63.0 formidable. Como le iba tan

140.0 1089.0 655.0 66.0 bien á David con los consejos de

136.0 1142.0 655.0 52.0 su Dios, sin que le amedrenta-

144.0 1191.0 647.0 52.0 se la barbara multitud, pidióle

138.0 1228.0 653.0 68.0 parecer, ¿si saldria al encuentro

142.0 1280.0 649.0 55.0 á chocar con ella? Dixóle Dios:

140.0 1321.0 645.0 65.0 Que no le recibiese á cara des-

138.0 1370.0 647.0 61.0 cubierta, sino que buscase ardi-

136.0 1421.0 649.0 62.0 des, rodeando el monte, y co-

140.0 1468.0 645.0 66.0 giendole descuidado por la es-

134.0 1511.0 651.0 68.0 palda : dióle la señal de acome-

142.0 1563.0 645.0 65.0 ter, que sería la voz celestial

140.0 1606.0 647.0 65.0 clarin, y que advirtiese en ella,

136.0 1655.0 659.0 65.0 que iba Dios delante. Observó

140.0 1704.0 655.0 64.0 David el órden, y quando pen-

144.0 1755.0 651.0 62.0 só estar con solo sus Soldados,

142.0 1806.0 653.0 60.0 se halló con un exército en su

139.0 1848.0 166.0 65.0 ayuda.

193.0 1893.0 604.0 57.0 Trabóse la batalla con valien-

136.0 1944.0 661.0 57.0 te osadía. Ensangrentaronse las

136.0 1991.0 661.0 63.0 armas, de una, y otra parte

136.0 2040.0 661.0 80.0 anhelando cada qual por la victo-

828.0 160.0 647.0 54.0 ria. Los Philisteos fiaban su es-

828.0 199.0 645.0 66.0 peranza en verse con mayor gen-

828.0 247.0 650.0 65.0 tío: mas David tenía su seguro

828.0 294.0 647.0 57.0 en la palabra de Dios. Todos

828.0 335.0 639.0 67.0 hacian su deber, denodados, y

830.0 382.0 641.0 63.0 valientes. En medio, pues, de

820 427 655 70 la encaraizada lid sonó por las

828.0 482.0 647.0 62.0 cumbres un tropel de nuevas ar-

820.0 523.0 655.0 68.0 mas, pareciendoles á los Phi-

820.0 579.0 655.0 53.0 listeos, que se les descargaba

820.0 616.0 649.0 71.0 encima un monte de soldados,

820.0 667.0 651.0 57.0 que sin verse, hacian sumo es-

820.0 710.0 651.0 67.0 trago entre su gente. David que

820 761 655 66 observó esto, dió con mayor

820.0 814.0 651.0 58.0 ímpetu contra ellos, y temero-

820.0 857.0 649.0 60.0 sos, y cobardes los Paganos, no

820.0 898.0 649.0 66.0 acertaban á huir. Empezó á acla-

820.0 946.0 641.0 59.0 marse la victoria por David, y

822.0 999.0 649.0 54.0 los pocos contrarios, que ha-

822.0 1042.0 647.0 67.0 bian quedado echaron á huir.

822.0 1083.0 643.0 65.0 Siguieronlos hasta la Ciudad de

820.0 1134.0 647.0 68.0 Geter, dexando el campo pobla-

820.0 1189.0 647.0 60.0 do de muertos, y heridos. Fué-

818.0 1230.0 649.0 60.0 ron los júbilos, y gozos del Pue-

818.0 1280.0 645.0 59.0 blo victorioso en grande mane-

818.0 1327.0 647.0 63.0 ra ; y recogiendo los muchos

818.0 1370.0 647.0 67.0 despojos, y ricos, arrastrando

818.0 1425.0 647.0 54.0 triunfos, marchó para Jerusa-

818.0 1464.0 647.0 60.0 lem con suma grandeza, y apa-

818.0 1509.0 649.0 70.0 rato, y le salió á recibir toda

824.0 1563.0 633.0 65.0 la Corte, dándole mil enhora-

824.0 1606.0 473.0 65.0 buenas, y bendiciones.

875.0 1653.0 588.0 69.0 David en, pago de la victo-

820.0 1698.0 641.0 67.0 ria que Dios le habia dado, lo

820.0 1755.0 641.0 60.0 primero que hizo, fué mostrar-

820.0 1806.0 641.0 50.0 se agradecido, procurando con-

824.0 1850.0 637.0 55.0 ducir á Jerusalem la Arca Santa

824.0 1888.0 635.0 68.0 del Señor, que estaba en Ga-

824.0 1944.0 633.0 55.0 baa en casa de Aminadab. En-

824.0 1989.0 633.0 57.0 tonces Oza, y Ahio, hijos de

826.0 2034.0 627.0 82.0 aquel, la pusieron en un carro,
