1690 2326
1404.0 108.0 64.0 63.0 21

139.0 137.0 646.0 80.0 ban sujetos al Rey Achis, co-

145.0 209.0 648.0 62.0 giéndoles muy ricos, y grandes

141.0 259.0 652.0 49.0 despojos, con que no solo lo pa-

141.0 304.0 648.0 58.0 saba David bien, sino que le so-

137.0 345.0 652.0 69.0 braba para cortejar á Achis con

139.0 395.0 388.0 55.0 regalos, y preseas.

135.0 434.0 654.0 64.0 Al cabo de algunos tiempos

137.0 484.0 652.0 62.0 trataron los Philisteos de hacer

135.0 531.0 654.0 64.0 liga, y juntar todas sus fuerzas

133.0 575.0 654.0 66.0 contra Israél, durandoles siem-

135.0 624.0 658.0 64.0 pre la enemiga con Saul, desde

131.0 676.0 658.0 62.0 la muerte del Gigante. Fue Achis

131.0 722.0 658.0 57.0 uno de los Príncipes convoca-

133.0 765.0 656.0 60.0 dos. Quiso llevar consigo á Da-

130.0 812.0 659.0 56.0 vid, persuadiendose, que sien-

130.0 864.0 659.0 54.0 do la guerra contra el que le

130.0 911.0 659.0 62.0 perseguía, iria de buena gana,

135.0 951.0 654.0 68.0 y haria muchos esfuerzos en su

126.0 996.0 663.0 64.0 favor. Participóselo á David, y

128.0 1052.0 661.0 58.0 éste le respondió con mucho

124.0 1095.0 665.0 60.0 agrado, palabras equivocas, que

118.0 1141.0 671.0 72.0 hiciesen á dos sentidos, dicien-

135.0 1190.0 654.0 69.0 do: V. Magestad verá lo que

118.0 1236.0 671.0 70.0 cobrará su siervo en esta guerra:

118.0 1288.0 671.0 64.0 pudiendo ser su intento, al ver-

116.0 1331.0 673.0 62.0 se en ella el dar contra los Pa-

114.0 1376.0 675.0 66.0 ganos, sin ser ingrato á Achis,

114.0 1434.0 675.0 58.0 ayudandole para que los de Saul

116.0 1478.0 673.0 62.0 no le ofendiesen. Pero nada se

118.0 1527.0 677.0 62.0 efectuó de lo intentado, como

113.0 1567.0 224.0 62.0 verémos.

176.0 1618.0 613.0 60.0 Mucho turbaron á Saul estas

114.0 1668.0 673.0 62.0 guerras, y ligas con las preven-

108.0 1705.0 679.0 70.0 ciones de los Philisteos. Con-

112.0 1761.0 675.0 53.0 sultó á Dios sobre el caso por

114.0 1800.0 667.0 62.0 medio de sus Profetas, y debió

118.0 1858.0 663.0 51.0 de ser esto con tan poca devo-

104.0 1899.0 677.0 68.0 cion, que cerró el Cielo los oi-

104.0 1942.0 683.0 69.0 dos, y no le dió respuesta. Sen-

122.0 1986.0 665.0 62.0 tido, pues, de que Dios no le

124.0 2046.0 663.0 82.0 oyese, valióse de una hechicera,

824.0 180.0 646.0 46.0 para que por medio de sus con-

822.0 201.0 650.0 68.0 juros diabólicos pudiese conocer

822.0 255.0 650.0 57.0 el paradero, y fin de la batalla.

826.0 290.0 648.0 74.0 Apareciósele el Profeta Samuél

828.0 343.0 650.0 69.0 ( que yá era muerto) por órden

826.0 389.0 650.0 62.0 Divina, segun el sentir de al-

822.0 436.0 652.0 69.0 gunos, ó el demonio en figura

824.0 488.0 650.0 68.0 del Profeta, segun sienten otros;

822.0 536.0 652.0 61.0 y mirándole severo, le dixo:

840.0 581.0 636.0 62.0 "¿Por qué has venido á inquie-

822.0 620.0 650.0 73.0 "tarme, y sacarme de mi se-

820.0 668.0 654.0 74.0 "pulcro?" Respondió Saul: por-

818.0 722.0 656.0 64.0 que me hallo muy atribulado.

820.0 763.0 656.0 76.0 viendo que los Philisteos vienen

820.0 819.0 654.0 62.0 contra mí pujantes, y Dios me

820.0 864.0 654.0 60.0 ha dexado sin querer oirme, ni

818.0 907.0 652.0 64.0 darme un aviso de lo que ten-

818.0 963.0 652.0 56.0 go de hacer; y así gustára que

818.0 1002.0 652.0 66.0 tu me lo dixeras. Samuél enton-

818.0 1046.0 652.0 70.0 ces le dixo : "Si Dios te ha de-

818.0 1095.0 654.0 71.0 "xado, como dices, y favore-

818.0 1149.0 652.0 64.0 "ce al émulo, que tanto has per-

818.0 1195.0 648.0 68.0 "seguido, ¿qué tienes que pre-

818.0 1244.0 650.0 64.0 "guntarme, ni que puedo yo de-

818.0 1285.0 652.0 71.0 "cirte, sino que hará el Señor

818.0 1331.0 650.0 72.0 "contigo lo que te anuncié algun

818.0 1376.0 648.0 71.0 "dia? Quitaráte el Reyno, y da-

820.0 1420.0 646.0 76.0 "ráselo á David. Mañana será tu

818.0 1471.0 646.0 73.0 "campo despojo de los Philis-

812.0 1525.0 652.0 64.0 "teos, y tú, y tus hijos mori-

811.0 1562.0 391.0 73.0 "réis en la batalla."

861.0 1612.0 603.0 64.0 Desapareció la vision, y Saul

807.0 1665.0 652.0 65.0 cayó desmayado en tierra. Sa-

807.0 1709.0 652.0 70.0 lió la hechicera del retrete don-

807.0 1754.0 648.0 66.0 de estaba, alentóle compasiva,

809.0 1808.0 653.0 64.0 y dos Capitanes que iban con él

807.0 1851.0 654.0 67.0 hicieron lo mismo : y á impor-

807.0 1895.0 652.0 72.0 tunaciones de todos comió de

807.0 1940.0 650.0 73.0 los manjares que sazonó el ali-

807.0 1988.0 648.0 60.0 ño de la mala muger. Algo con-

809.0 2043.0 648.0 89.0 fortado caminó toda la noche,
