1714 2322
223.0 109.0 60.0 74.0 26

224.0 163.0 636.0 62.0 set en modo de demandarle lo

223.0 216.0 635.0 58.0 que era suyo; y que si lo resis-

223.0 263.0 637.0 53.0 tiese, él acudiria entonces á

223.0 308.0 643.0 55.0 cumplir con su obligacion. Pare-

227.0 354.0 634.0 52.0 cióle bien á David este consejo.

228.0 402.0 635.0 59.0 y al punto se puso á escribir á

220.0 450.0 378.0 59.0 Isboset esta carta.

299.0 494.0 561.0 60.0 "V. Alteza sea servido de man-

219.0 544.0 647.0 58.0 "dar resticuirme á Michel, pues

219.0 593.0 645.0 58.0 "no puede ignorar, que es mi

218.0 639.0 636.0 55.0 "primera muger, y que la mere-

225.0 687.0 643.0 54.0 "cí á costa de mi esfuerzo; porque

220.0 734.0 648.0 56.0 "la llevé por arras cien cabezas

218.0 781.0 650.0 56.0 "de Paganos. Mi demanda es jus-

218.0 826.0 650.0 54.0 "ta, y así le suplíco no haya es-

218.0 872.0 450.0 59.0 "cusa en ello. David."

242.0 921.0 622.0 58.0 Leyóla Isboset, y resolvió

218.0 972.0 646.0 56.0 por consejo, que se le quitase á

219.0 1015.0 645.0 58.0 Phaltiel, y sé le restituyese á

218.0 1062.0 646.0 59.0 David, como fué así, habien-

221.0 1106.0 645.0 60.0 dosela llevado Abner con otros

218.0 1155.0 648.0 58.0 veinte Caballeros de los mas ilus-

218.0 1206.0 648.0 60.0 tres, y con la pompa, y apa-

216.0 1253.0 650.0 57.0 rato debido á su persona ; que

215.0 1299.0 651.0 56.0 entrando en Hebron, fué reci-

216.0 1345.0 650.0 58.0 bida con mucho festejo, y albo-

221.0 1393.0 645.0 55.0 rozo de David, y sus vasallos.

223.0 1439.0 643.0 56.0 Todo se le debia á Michol por

218.0 1488.0 648.0 58.0 su constancia, y su fé. Trató

221.0 1535.0 645.0 56.0 David sus cosas con Abner, y

216.0 1584.0 650.0 51.0 éste le prometió traer á su obe-

216.0 1627.0 650.0 53.0 diencia las once Tribus. Supo

224.0 1674.0 649.0 62.0 Joab los agasajos que David hi-

219.0 1723.0 643.0 61.0 zo á Abner, y llevado de la

218.0 1772.0 644.0 58.0 envidia, se fué al Rey, y con

218.0 1816.0 644.0 59.0 suma libertad le habló, y le dixo:

262.0 1865.0 602.0 58.0 ¿Cómo teniendo vos Señor, á Ab-

219.0 1910.0 645.0 59.0 "ner en tus manos, le haceis ban-

219.0 1956.0 645.0 61.0 "quetes, y le dexais ir libre? ¿De

218.0 2007.0 642.0 54.0 "un enemigo se fia? cuya venida

219.0 2052.0 641.0 59.0 "no ha sido por otro fin que por

216.0 2098.0 644.0 66.0 "registrar nuestra fuerzas. ¿Un

890.0 172.0 649.0 53.0 "talento como el de V. Magestad

889.0 215.0 649.0 57.0 "asi se dexa engañar? Y diciendo

876.0 273.0 17.0 45.0 esto se apartó de su presencia.

929.0 308.0 628.0 63.0 Bien conoció David el atre-

889.0 362.0 5.0 52.0 vimiento, y libertad, pero le

896.0 401.0 642.0 59.0 fué forzoso disimular por enton-

893.0 451.0 651.0 58.0 ces, hasta otra ocasion mas

886.0 499.0 653.0 56.0 oportuna : pues se hallaba en

886.0 544.0 652.0 58.0 estado de necesitar al mas humil-

890.0 589.0 649.0 56.0 de soldado. El perverso Joab

889.0 638.0 649.0 54.0 luego llamó á uno de sus sol-

896.0 686.0 639.0 52.0 dados, y le dixo fuesen en alcan-

896.0 734.0 643.0 56.0 ce de Abner, que ya se volvia

896.0 780.0 642.0 57.0 de su encargo, y le dixese vol-

896.0 828.0 641.0 54.0 viese á Hebron, que David le

887.0 896.0 6.0 31.0 llamaba. Volvió al punto, y Joab,

889.0 921.0 646.0 56.0 que le esperaba, le recibió con

889.0 971.0 648.0 54.0 muchas cortesias, disimulando

889.0 1016.0 652.0 58.0 sus infames intentos. Llamóle

889.0 1062.0 646.0 57.0 despues de esto aparte ; y lle-

885.0 1121.0 8.0 39.0 vándole á un lugar retirado,

893.0 1154.0 640.0 61.0 quando le tuvo mas asegurado,

893.0 1206.0 642.0 60.0 y divertido, sacó un puñal que

893.0 1252.0 641.0 58.0 metiéndosele por el pecho, cayó

893.0 1300.0 642.0 57.0 muerto Abner á sus pies. Lue-

893.0 1348.0 642.0 56.0 go se divulgó la novedad, pu-

893.0 1393.0 640.0 53.0 blicándose, que habia sido despi-

893.0 1439.0 641.0 58.0 que de la muerte que Abner ha-

893.0 1489.0 641.0 57.0 bia dado á su hermano Asael;

893.0 1533.0 640.0 58.0 pero el Abulense dice haber si-

893.0 1582.0 642.0 55.0 do temer Joab no le contrastase

893.0 1627.0 423.0 53.0 Abner el Generalato.

913.0 1674.0 617.0 61.0 Supo David la alevosía, y

895.0 1720.0 640.0 61.0 sintió este exceso, qual no pue-

895.0 1768.0 639.0 57.0 de explicarse, prorrumpiendo

895.0 1815.0 638.0 59.0 sin libertad en copiosas lágrimas.

893.0 1864.0 641.0 55.0 Indignóse notablemente contra

893.0 1907.0 644.0 58.0 Joab, condenó su infamia delan-

893.0 1954.0 642.0 60.0 te de todos, echóle su maldi-

893.0 2005.0 639.0 56.0 cion con grandes execraciones,

893.0 2052.0 642.0 58.0 mandóle vestir de xerga como á

893.0 2098.0 641.0 62.0 los demas, porque le fuese cas-
