1664 2402
190.0 133.0 61.0 69.0 16

184.0 189.0 655.0 65.0 "de cortar este pedazo de tu

184.0 244.0 655.0 58.0 "ropa, pudiera mas facilmente

182.0 292.0 657.0 57.0 "quitarte la vida? Advierte es-

181.0 340.0 658.0 58.0 "ta accion, que es testigo de

184.0 388.0 655.0 55.0 "mi abono, á ley de un buen

181.0 429.0 658.0 63.0 "vasallo. Ea, Señor, vuelve

178.0 479.0 661.0 61.0 "en tí, y no ciego de pasion

181.0 527.0 517.0 58.0 "precipites tu grandeza."

229.0 572.0 610.0 61.0 Atonito Saul á lo que escu-

181.0 620.0 658.0 60.0 chaba, rodeó su manto ; y ha-

182.0 665.0 657.0 58.0 lló menos el giron, que en las

182.0 713.0 657.0 58.0 manos de David campaba por

182.0 761.0 657.0 59.0 trofeo. Creyó el caso, y confe-

184.0 808.0 655.0 63.0 só el peligro, loando en David

182.0 857.0 657.0 57.0 la bondad, y en sí la culpa. En-

186.0 907.0 653.0 53.0 ternecióse Saul, y echandose á

185.0 947.0 662.0 60.0 sus brazos lloroso le dixo. ''Con-

185.0 994.0 662.0 60.0 "fiesote, hijo mio David, que

184.0 1042.0 663.0 60.0 "eres mas justo que yó. Tú me

188.0 1087.0 659.0 55.0 "has hecho colmados bienes:

186.0 1135.0 661.0 61.0 "yo te he pagado con muchos

181.0 1180.0 666.0 60.0 "males ; tú me has servido va-

185.0 1231.0 662.0 56.0 "liente ; yo cruel te he perse-

188.0 1278.0 659.0 53.0 "guido ; tú, en fin, pudiendo

188.0 1326.0 659.0 59.0 "darme la muerte, has ampara-

188.0 1371.0 659.0 59.0 "do mi vida. Dios te, pague es-

186.0 1417.0 661.0 53.0 "ta fineza, que es quien solo

189.0 1466.0 658.0 59.0 "puede pagarla." El Rey desde

186.0 1511.0 661.0 60.0 entonces se volvió á la Corte

190.0 1564.0 657.0 48.0 con su gente, dexando á David,

190.0 1605.0 657.0 64.0 el que aunque pudiera haberse

193.0 1654.0 654.0 59.0 ido con él, no lo hizo, rece-

192.0 1704.0 655.0 54.0 loso de sus alhagos,  en que no

190.0 1748.0 657.0 51.0 tenia seguridad : antes buscó

192.0 1793.0 657.0 61.0 montes mas seguros, donde pa-

193.0 1840.0 656.0 62.0 sar la vida, en que procedió

190.0 1888.0 210.0 58.0 cuerdo.

244.0 1937.0 603.0 56.0 Emboscóse David en las sole-

201.0 1981.0 646.0 58.0 dades de Pharae, desiertos bas-

201.0 2029.0 646.0 59.0 tante dilatados. Pasaba en ellos

200.0 2079.0 647.0 68.0 mucha necesidad, quando sus

863.0 190.0 648.0 66.0 soldados, le dixeron, como un

863.0 244.0 651.0 58.0 labrador muy rico de la ciudad

863.0 290.0 650.0 58.0 de Mahon se hallaba allí en una

863.0 342.0 650.0 55.0 Granja del Carmelo al esquileo

863.0 390.0 650.0 53.0 de su mucho ganado. Este era

863.0 429.0 652.0 63.0 Nabal, á quien envió David

863.0 477.0 650.0 62.0 diez de sus soldados, que cor-

861.0 558.0 2.0 19.0 teses le dixesen de su parte lo

865.0 571.0 649.0 61.0 siguiente : que supuesto hallarse

865.0 617.0 650.0 58.0 con suma necesidad, le favo-

865.0 664.0 648.0 55.0 reciese piadoso coa algun so-

865.0 712.0 649.0 56.0 corro para él, y para sus sol-

865.0 757.0 646.0 59.0 dados. Era Nabal hombre mon-

865.0 806.0 650.0 61.0 taraz, y grosero, y al mismo

865.0 855.0 650.0 57.0 tiempo necio, y les respondió con

865.0 906.0 650.0 53.0 hinchazon, y soberbia. "¿Quién

868.0 946.0 646.0 58.0 "es David ? En verdad, que nos

868.0 992.0 647.0 60.0 "habia venido buen dia para sus-

868.0 1040.0 649.0 60.0 "tentar yó á unos hombres faci-

868.0 1087.0 647.0 53.0 "nerosos, y bandidos." Y sin

868.0 1134.0 647.0 60.0 darles otra respuesta, les vol-

868.0 1180.0 650.0 61.0 vió las espaldas. Mas sintieron

868.0 1230.0 650.0 59.0 los soldados el desprecio, que

868.0 1277.0 650.0 54.0 haberles negado lo que pedian.

868.0 1327.0 651.0 56.0 Llegaron á David, y habiendo-

868.0 1371.0 651.0 58.0 le referido lo sucedido con

871.0 1415.0 648.0 56.0 Nabal, brotando centellas por

871.0 1466.0 647.0 60.0 los ojos, mandó á quatrocientos

871.0 1510.0 648.0 60.0 soldados, que le siguiesen, con

871.0 1562.0 648.0 50.0 ánimo de no dexar en la casa de

855.0 1604.0 16.0 54.0 Nabal persona á vida.

871.0 1653.0 650.0 60.0 Entre tanto un criado que se

871.0 1704.0 650.0 54.0 habia hallado presente á lo que

871.0 1749.0 651.0 52.0 habia dicho Nabal á los soldados

868.0 1792.0 655.0 61.0 de David, buscó cuidadoso á su

868.0 1841.0 653.0 63.0 ama Abigail, muger de Nabal,

842.0 1888.0 18.0 50.0 y la contó todo el caso, y aña-

873.0 1938.0 650.0 55.0 dió: En verdad, Señora, que

873.0 1981.0 646.0 56.0 no merece tal desayre David, y

873.0 2029.0 653.0 59.0 su 'gente ; pues han procedido

873.0 2077.0 652.0 68.0 tan honrados con tus ganados
