1725 2385
1436.0 143.0 46.0 77.0 9

191.0 192.0 592.0 66.0 Huyese David de Palacio, y

147.0 245.0 644.0 57.0 se fué á Belén su patria. Supo

144.0 288.0 647.0 59.0 Saul la ausencia de David, y re-

140.0 336.0 650.0 53.0 flexionando lo mal que habia

141.0 384.0 651.0 54.0 obrado, como recelandose, que

144.0 431.0 648.0 56.0 siendo tan bien mirado del Pue-

147.0 477.0 649.0 59.0 blo , podia tomar algun despi-

147.0 531.0 649.0 52.0 que al agravio, procuró volverle

145.0 571.0 650.0 61.0 a su gracia : mas todo fué con

144.0 618.0 650.0 55.0 máximas de quitarle por otros

145.0 665.0 650.0 53.0 medios la vida. Esto lo trazó

148.0 708.0 650.0 63.0 valiéndose del honor, á quien

148.0 756.0 650.0 64.0 tomó por capa de su maldad, ó

147.0 802.0 653.0 57.0 sus intentos. Volvió David á su

147.0 851.0 655.0 57.0 presencia, y le recibió con mu-

147.0 895.0 653.0 64.0 cho agasajo, y cariño. Hizole

141.0 944.0 659.0 60.0 entonces Tribuno, y caudillo de

148.0 991.0 652.0 61.0 mil hombres; cuyo empleo era

149.0 1040.0 651.0 58.0 de los mas honrosos, y el pri-

141.0 1085.0 659.0 58.0 mero que salia á las batallas.

153.0 1132.0 644.0 52.0 Pero todo lo hacia con el fin de

143.0 1176.0 650.0 64.0 exponer á David donde murie-

145.0 1224.0 655.0 59.0 se. Mas Dios, que vé corazones

149.0 1270.0 654.0 62.0 no quiso que se lograsen sus per-

151.0 1319.0 657.0 59.0 versos intentos : antes habiendo

159.0 1369.0 636.0 58.0 salido en muchas funciones ven-

157.0 1415.0 640.0 59.0 cedor, consiguió de todos mas

149.0 1461.0 553.0 60.0 engrandecidos los aplausos.

159.0 1512.0 644.0 48.0 Viendo Saul que no conse-

159.0 1548.0 648.0 69.0 guía sus fines, echó por otro

145.0 1593.0 656.0 66.0 camino. Ofrecióle á David un dia

147.0 1649.0 652.0 60.0 á la Infanta Merob, la mayor

149.0 1691.0 654.0 65.0 de sus dos hijas; mas le dixo,

147.0 1741.0 658.0 63.0 que antes de recibirla por su es-

145.0 1788.0 656.0 64.0 posa, era preciso emprendiese

157.0 1840.0 646.0 54.0 un hecho valeroso, arriesgando

149.0 1880.0 654.0 59.0 sus brios á una empresa gran-

141.0 1925.0 662.0 62.0 de, pues brindaba á ello tantos

153.0 1971.0 650.0 66.0 Fronterizos, que le daban guer-

147.0 2019.0 662.0 63.0 ra. No rehusó David el ofrecerse

159.0 2072.0 650.0 78.0 á ello: y así empezó á emprender

822.0 205.0 647.0 48.0 cosas arduas, de las quales sa-

823.0 245.0 644.0 58.0 lia siempre vencedor: pero como

819.0 294.0 647.0 47.0 no era esto lo que la envidia del

823.0 336.0 643.0 60.0 Rey pretendía , dilataba mas la

824.0 384.0 642.0 58.0 paga, quanto mas triunfante vol-

824.0 429.0 645.0 57.0 vía ; y por último le faltó á la

823.0 475.0 646.0 55.0 palabra , dando la Infanta á un

824.0 519.0 643.0 57.0 tal Adriel, añadiendo á su envi-

827.0 565.0 643.0 61.0 dia su falsedad, y la falta del tra-

826.0 614.0 643.0 57.0 to. Sintió David este agravio,

826.0 658.0 641.0 60.0 mas calló, y se dió al disimulo.

869.0 704.0 601.0 56.0 Perdida esta ocasion, dió en

826.0 753.0 645.0 57.0 poner los ojos en la otra Infanta

826.0 800.0 643.0 58.0 Michol, y ésta no dexaba de cor-

822.0 848.0 644.0 58.0 responderle tambien inclinada.

824.0 894.0 649.0 52.0 Observaronse estas inclinaciones

826.0 938.0 645.0 63.0 entre los Palaciegos, y luego los

824.0 985.0 651.0 64.0 chismosos pasaron á participar-

823.0 1032.0 651.0 65.0 selo al Rey ; pero éste en vez de

827.0 1082.0 646.0 60.0 alterarse , mostró holgarse de

829.0 1124.0 643.0 64.0 ello, revolviendo todavia allá en

829.0 1178.0 641.0 60.0 su pensamiento nuevos ardides,

833.0 1221.0 644.0 61.0 para que David muriese. Dexóse

828.0 1272.0 649.0 58.0 decir á los del chisme, que gus-

828.0 1317.0 649.0 55.0 taria casar á Michol con David,

833.0 1367.0 641.0 60.0 que se lo diesen á entender. Hi-

829.0 1415.0 649.0 51.0 cieronlo estos ; pero David pru-

831.0 1457.0 648.0 60.0 dente, les dixo muy á lo descon-

829.0 1508.0 645.0 60.0 fiado: ''¿Quién soy yó para casar

837.0 1558.0 637.0 51.0 "con una Infanta? ¿Yo yerno de

829.0 1593.0 651.0 64.0 "un Rey, sin tener renta? Michol

833.0 1643.0 643.0 64.0 "se casará con quien mas la me-

833.0 1687.0 647.0 62.0 "reciere, y tenga bienes con que

835.0 1733.0 647.0 65.0 "dotarla." Volvieron al Rey con

837.0 1784.0 645.0 58.0 lo que David habia dicho: y éste

835.0 1826.0 645.0 72.0 respondió, que dispensaba en el

839.0 1884.0 645.0 53.0 dote, y que en recompensa le tra-

837.0 1925.0 645.0 60.0 xese cien prepucios de los Philis-

833.0 1969.0 647.0 66.0 teos, y luego le daria á Michol.

835.0 2023.0 645.0 61.0 Tiraba el Rey á meter á David,

845.0 2067.0 635.0 79.0 donde no saliese, y si salia, siem-

1157.0 2121.0 36.0 55.0 B
