1658 2351
190.0 70.0 63.0 73.0 14

180.0 165.0 645.0 30.0 ninguno los degollasen, lo que

176.0 181.0 644.0 60.0 sin dilacion alguna se executó.

181.0 228.0 652.0 61.0 ¡O crueldad barbara, é inhuma-

177.0 274.0 647.0 60.0 na! Este fué el fin del buen Isaí,

177.0 319.0 644.0 58.0 Padre de David : término triste,

178.0 362.0 649.0 72.0 y lastimoso, sobre no haber lle-

176.0 415.0 604.0 60.0 gado á ver á su hijo coronado.

223.0 463.0 602.0 58.0 Despues de este infortunio, y

174.0 503.0 656.0 71.0 lastimoso fracaso le llegó otro,

176.0 558.0 651.0 51.0 que fué de la muerte de los Sa-

176.0 603.0 653.0 60.0 cerdotes, y haber degollado á

176.0 647.0 654.0 60.0 los Ciudadanos de Nobé Saul,

174.0 691.0 654.0 71.0 porque refugiaron á David.

180.0 747.0 649.0 53.0 Ochenta y cinco Sacerdotes man-

180.0 792.0 654.0 56.0 dó pasar á cuchillo, y entre ellos

180.0 841.0 658.0 60.0 al gran Achimelech, porque

182.0 877.0 654.0 71.0 quando llegó á él David, con-

178.0 924.0 652.0 69.0 sultó á Dios en su abono, le dió

180.0 977.0 654.0 69.0 á comer del pan sagrado, y le

178.0 1020.0 652.0 65.0 ofreció el alfange de Goliat,

182.0 1065.0 650.0 69.0 que estaba en el Templo. He-

184.0 1116.0 646.0 59.0 cho este estrago sacrilego, en-

182.0 1161.0 650.0 67.0 vió Soldados á la Ciudad de No-

186.0 1208.0 650.0 71.0 bé, que furiosos la asolaron;

182.0 1257.0 652.0 69.0 pues como fieras no dexaron ni-

193.0 1315.0 651.0 53.0 ño, hombre, ni muger, que no

190.0 1359.0 642.0 51.0 matasen, dexandola asolada.

184.0 1400.0 648.0 57.0 Confuso y atonito estaba David

184.0 1455.0 654.0 55.0 al oir esto de Abiathan, y fue

190.0 1492.0 652.0 65.0 tanto el dolor que de esto tuvo,

186.0 1539.0 656.0 67.0 que iba ya á desahogar el pe-

184.0 1586.0 658.0 59.0 cho en lágrimas, pero por no

186.0 1637.0 654.0 55.0 contristar mas á sus soldados, se

186.0 1680.0 654.0 65.0 revistió de esfuerzos, y los em-

192.0 1727.0 648.0 67.0 pezó á animar, y consolar, fia-

190.0 1776.0 650.0 65.0 do en la proteccion de su Dios,

194.0 1823.0 646.0 67.0 que le habia de librar de sus

195.0 1880.0 166.0 54.0 manos.

237.0 1908.0 607.0 68.0 En esto estaba David, quan-

195.0 1963.0 649.0 58.0 do le llegaron nuevas, como

195.0 2008.0 649.0 80.0 los Philisteos habian sitiado la

870.0 1876.0 649.0 57.0 do, que casi vino á desesperar

870.0 1914.0 648.0 62.0 en librarse : pero como siem-

851.0 158.0 650.0 36.0 Ciudad de Ceylan, y que la

857.0 181.0 642.0 60.0 apretaban mucho. El Santo Pro-

849.0 229.0 650.0 58.0 feta, que no reparaba en volver

857.0 276.0 641.0 57.0 beneficios por agravios, antes

857.0 321.0 644.0 61.0 pensando aplacar á Saul con sus

856.0 362.0 643.0 65.0 servicios, acometió valeroso con

854.0 411.0 645.0 63.0 sus soldados á los infieles, é hi-

851.0 463.0 651.0 56.0 zo tal estrago en ellos, que los

854.0 501.0 647.0 59.0 derrotó totalmente. Agradeci-

860.0 556.0 641.0 59.0 dos los de Ceylan á David, le

853.0 602.0 650.0 54.0 acogieron en su Ciudad con sus

859.0 646.0 644.0 57.0 soldados, y les regalaron : pero

860.0 687.0 643.0 67.0 despues haciendo de traydores

859.0 741.0 647.0 60.0 por complacer á Saul, le quisie-

859.0 792.0 650.0 58.0 ron entregar ; y entonces David

859.0 837.0 648.0 60.0 se huyó con los suyos á los De-

868.0 875.0 637.0 69.0 siertos de Ceiph, donde los mo-

864.0 926.0 637.0 69.0 radores de aquellas soledades,

866.0 973.0 639.0 73.0 aunque rústicos les hicieron buen

870.0 1030.0 143.0 59.0 pasage.

915.0 1054.0 590.0 88.0 Iba Saul en seguimiento de

866.0 1114.0 641.0 67.0 David para matarle, y quando

856.0 1159.0 649.0 61.0 supo que se habia huido de Cey-

866.0 1208.0 639.0 69.0 lan ; bufaba de corage. Em-

866.0 1253.0 643.0 71.0 pezó á hacer diligencias para

862.0 1311.0 648.0 49.0 saber á donde estaba, quando

864.0 1349.0 643.0 63.0 luego llegaron mensageros de

866.0 1398.0 643.0 63.0 Ceiph, que traydores le dieron

866.0 1459.0 639.0 53.0 parte, ofreciendo darsele preso.

858.0 1492.0 651.0 61.0 Presumió David la traycion de

856.0 1539.0 656.0 59.0 los Ceiphos, y luego al punto

856.0 1592.0 656.0 55.0 huyó de aquellos desiertos á la

864.0 1631.0 648.0 69.0 Selva de Mahon. Pasó á ella Saul,

866.0 1682.0 648.0 63.0 y luego que lo supo, empezóla á

866.0 1729.0 646.0 67.0 cercar con sus muchos soldados,

864.0 1775.0 650.0 64.0 para que no se le escapase la

866.0 1831.0 650.0 59.0 presa. Vióse David tan apreta-

870.0 1959.0 646.0 68.0 pre confiaba en su Dios, éste le

870.0 2015.0 646.0 81.0 libertó por un modo raro. No
