1663 2315
204.0 108.0 71.0 92.0 46

204.0 187.0 641.0 43.0 dolor, y el susto que le tenian

205.0 222.0 640.0 60.0 presa la voz, y dixo: Vive el Se-

204.0 268.0 644.0 66.0 ñor, que es quien me ha librado

204.0 318.0 637.0 61.0 de todas mis congoxas, y fatigas,

204.0 365.0 641.0 58.0 de tantas persecuciones, y tra-

202.0 408.0 648.0 64.0 bajos, que el juramento, y pro-

204.0 457.0 643.0 61.0 mesa que te hice, que ocuparía

204.0 507.0 646.0 60.0 mi trono tu hijo Salomón des-

202.0 547.0 643.0 64.0 pues de mi muerte, lo has de ver

202.0 603.0 643.0 50.0 cumplido hoy, aun estando yo

207.0 646.0 641.0 58.0 vivo. No te digo mas, pues lo

205.0 691.0 643.0 60.0 digo todo en esto. Estimó Ber-

204.0 733.0 644.0 57.0 sabé la gracia, diciendo alboro-

207.0 783.0 640.0 65.0 zada : Viva mi Señor, y Rey,

204.0 830.0 428.0 59.0 David una eternidad.

250.0 871.0 596.0 64.0 Llamó al punto David al Sacer-

204.0 922.0 642.0 63.0 dote Sadoch, y Banaias, que jun-

205.0 972.0 645.0 58.0 tos con el Profeta Natan, les dió

207.0 1023.0 640.0 58.0 esta orden. Juntad toda mi guar-

207.0 1072.0 643.0 58.0 da, y á todos los que leales me

204.0 1117.0 648.0 55.0 reconocen Señor, y en estando

207.0 1163.0 641.0 62.0 congregados, tomad al Principe

205.0 1208.0 645.0 63.0 Salomón, mi hijo, y ponedle á

207.0 1259.0 643.0 60.0 caballo sobre mi mula, en la que

210.0 1306.0 638.0 62.0 yo solo, y no otro alguno, mon-

208.0 1352.0 644.0 62.0 taba, para que viendole en ella,

208.0 1401.0 647.0 56.0 conozca todo el Pueblo, que es

209.0 1448.0 648.0 61.0 disposicion, y voluntad mia, que

210.0 1491.0 650.0 58.0 suceda en mi Corona. Con ma-

212.0 1535.0 648.0 71.0 gestuoso acompañamiento le lle-

210.0 1585.0 652.0 66.0 vareis al Monte Gion, junto á la

210.0 1630.0 652.0 59.0 fuente Siloé. Ungirále alli por

210.0 1674.0 652.0 71.0 Rey el Sacerdote Sadoch, y al

216.0 1726.0 644.0 62.0 son de los clarines, y trompetas,

218.0 1772.0 642.0 64.0 con aclamaciones festivas, direis

212.0 1826.0 648.0 53.0 todos á una voz: Viva el Rey Sa-

219.0 1865.0 641.0 64.0 lomón. Hecha esta ceremonia, le

214.0 1921.0 646.0 58.0 entrareis en la Ciudad, le pasea-

214.0 1965.0 646.0 58.0 reis por las calles, le subireis á mi

218.0 2008.0 642.0 60.0 Alcazar, y le dareis posesion de

218.0 2052.0 642.0 87.0 mi Trono Regio, y alli yo le

878.0 195.0 639.0 39.0 Mandaré que rija y gobierne

874.0 222.0 255.0 53.0 mis estados.

922.0 261.0 598.0 60.0 Todo conforme David habia

875.0 304.0 643.0 64.0 mandado, se executó. Llegó la

875.0 356.0 641.0 62.0 griteria, y rumor á los oidos de

875.0 403.0 645.0 65.0 Adonías, y de todos sus convi-

875.0 447.0 645.0 62.0 dados, al tiempo que se levan-

875.0 493.0 645.0 64.0 taban las mesas del convite. Lle-

879.0 542.0 641.0 65.0 nos de admiracion, se pregun-

879.0 592.0 643.0 60.0 taron unos á otros : ¿qué sería

879.0 640.0 641.0 62.0 tanto aplauso? Quando Jonatás,

879.0 686.0 637.0 60.0 hijo del Sumo Sacerdote Apia-

881.0 733.0 643.0 59.0 tar los dexó mas aturdidos con

879.0 781.0 641.0 60.0 las nuevas de que el Infante Salo-

879.0 827.0 645.0 64.0 món estaba ya coronado, y hecho

885.0 871.0 639.0 62.0 Rey con gusto de su padre. Refi-

887.0 920.0 633.0 63.0 rióles por extenso los aplausos,

887.0 970.0 633.0 64.0 y júbilos, con que los Grandes,

887.0 1020.0 637.0 60.0 y Ciudadanos le victoreaban. Fue

885.0 1066.0 639.0 62.0 tanto el pavor, tanto el miedo

885.0 1113.0 639.0 58.0 que concibieron Adonías, y los

883.0 1159.0 643.0 58.0 suyos, que cada uno por su parte

883.0 1199.0 644.0 62.0 huyeron á toda diligencia. Ado-

883.0 1255.0 641.0 58.0 nías se amparó del Tabernaculo,

883.0 1294.0 644.0 62.0 asido de sus aras. Súpolo Salo-

883.0 1348.0 644.0 54.0 món, y envióle á su casa des-

883.0 1390.0 646.0 72.0 pues, que humilde, y postrado

883.0 1444.0 442.0 54.0 le reconoció por Rey.

933.0 1481.0 593.0 66.0 Grande fue la alegria que tuvo

891.0 1539.0 640.0 56.0 David luego que vino su hijo á su

891.0 1581.0 642.0 66.0 presencia, coronado Rey : y al

891.0 1635.0 642.0 54.0 punto que entró, desde la cama

891.0 1670.0 640.0 66.0 le hizo tambien reverencia, le

893.0 1724.0 640.0 60.0 tributó obsequio, y le dixo en-

893.0 1770.0 636.0 60.0 ternecido: Bendito sea el Señor de

893.0 1815.0 644.0 62.0 Israél, pues me ha dexado ver á un

893.0 1863.0 644.0 60.0 hijo coronado, ocupando mi Trono

893.0 1909.0 644.0 62.0 Real. Conociendo, pues, que se

893.0 1958.0 644.0 63.0 llegaba su muerte, y que el alien-

893.0 2008.0 644.0 63.0 to vital flaqueaba cada dia mas,

893.0 2060.0 644.0 56.0 trató de disponer sus cosas, antes
