1704 2329
1426.0 104.0 50.0 57.0 19

161.0 159.0 658.0 54.0 para no causar risa á los cria-

164.0 200.0 646.0 58.0 dos, y á la mañana, quando

161.0 247.0 650.0 60.0 ya estaba en su sano juicio, le

157.0 296.0 646.0 55.0 refirió los intentos de David, y

157.0 338.0 646.0 63.0 le afeó su ruin hecho, riñendo

155.0 388.0 648.0 62.0 el haberle despedido grosero, y

156.0 436.0 647.0 60.0 haber dado causa para haber su-

157.0 485.0 648.0 53.0 cedído muchas muertes. Al oir-

160.0 529.0 645.0 63.0 lo Nabal quedó como difunto,

159.0 584.0 650.0 52.0 dice el Texto Sagrado : y co-

164.0 622.0 648.0 56.0 bró desde entonces tal miedo,

167.0 671.0 643.0 60.0 y fué tanta la pena de que de-

159.0 718.0 651.0 58.0 xó llevarse, que no pudo echar

157.0 765.0 654.0 59.0 mas luz. Diez dias estuvo como

160.0 819.0 651.0 54.0 un marmol, y al cabo de ellos

156.0 860.0 659.0 56.0 murió de una repentina muerte,

163.0 905.0 655.0 60.0 en castigo de la soberbia, y arro-

161.0 953.0 653.0 61.0 gancia con que trató á los diez

161.0 1000.0 653.0 51.0 soldados de David, dice Rabí

160.0 1045.0 654.0 62.0 Salomon. David quando supo lo

163.0 1094.0 644.0 55.0 sucedido dió muchas gracias á

161.0 1139.0 646.0 61.0 Dios de haber tomado por él la

163.0 1192.0 644.0 53.0 venganza ; que quien se la dexa

160.0 1236.0 647.0 63.0 á Dios, viene á hallarse siempre

160.0 1283.0 656.0 60.0 muy cumplido de justicia. Gran

163.0 1331.0 649.0 55.0 materia, y grande exemplo para

163.0 1377.0 649.0 60.0 que nadie la tome por su mano.

207.0 1423.0 600.0 62.0 Brindado, pues, David de

163.0 1469.0 644.0 55.0 la ocasion de ver libre á Abi-

164.0 1517.0 652.0 62.0 gail, avivándosele en el pecho

163.0 1566.0 653.0 61.0 la llama de su hermosura, y dis-

159.0 1612.0 657.0 60.0 crecion, quiso haberla por mu-

165.0 1660.0 651.0 63.0 ger, y al punto la envió un

164.0 1707.0 654.0 60.0 mensagero, declarandola sus in-

164.0 1754.0 654.0 54.0 tentos. Recibióle Abigail gus-

165.0 1801.0 655.0 63.0 tosa, dandose el parabien, co-

164.0 1848.0 656.0 61.0 mo quien pasaba de un marido

165.0 1896.0 653.0 61.0 tonto, á un marido discreto.

163.0 1944.0 655.0 60.0 Montó luego en un bruto, y se

132.0 1987.0 686.0 63.0 fué á presentar á David, hacien-

147.0 2039.0 671.0 73.0 do alarde de humilde, y con-

832.0 146.0 651.0 66.0 fesandose esclava de quien la

836.0 199.0 645.0 63.0 hacía Señora; hasta en esto qui-

832.0 247.0 646.0 62.0 so ser symbolo esta gran Ma-

838.0 295.0 643.0 53.0 trona de la Virgen Madre. Con

822.0 346.0 16.0 47.0 rendimientos humildes enamoró

841.0 385.0 637.0 62.0 á David, mas de lo que esta-

837.0 442.0 4.0 48.0 ba, pues al oirla: veis aquí una

837.0 485.0 644.0 57.0 esclava vuestra, hagase segun

837.0 527.0 642.0 63.0 vuestro agrado, la admitió Da-

836.0 584.0 1.0 46.0 vid por su esposa, como a el

837.0 622.0 642.0 58.0 escuchar palabras semejantes hi-

843.0 670.0 638.0 58.0 zo Dios á Maria Madre suya.

846.0 718.0 637.0 59.0 Tuvo en ella un hijo, y aunque

836.0 765.0 647.0 60.0 algunos maliciaron, si sería su-

842.0 807.0 644.0 62.0 yo, ó de Nabal, por haberle te-

833.0 860.0 650.0 56.0 nido á los nueve meses justos,

835.0 904.0 654.0 58.0 salió el infante tan parecido á

839.0 953.0 650.0 58.0 David, que era un puro retrato

841.0 1000.0 642.0 59.0 suyo; llamóle Cheleab, que sig-

836.0 1048.0 653.0 56.0 nifica el parecido á su padre.

841.0 1094.0 648.0 58.0 Aunque David estaba ya casado

841.0 1138.0 648.0 61.0 con Michol, erales permitido

841.0 1195.0 648.0 52.0 en aquel tiempo á los varones

841.0 1233.0 648.0 62.0 mas justos el teñer muchas mu-

841.0 1280.0 649.0 57.0 geres ; y asi ya tenia, además

842.0 1328.0 649.0 59.0 de Michol, á Achinoa, hermo-

842.0 1377.0 652.0 60.0 sa Jezraelita, en quien tuvo el

845.0 1421.0 644.0 64.0 primer hijo que fué el Princi-

845.0 1468.0 246.0 54.0 pe Amnon.

896.0 1516.0 595.0 61.0 Parece que habiendo sabido

843.0 1564.0 648.0 59.0 Saul, que David habia tomado

843.0 1610.0 649.0 61.0 otras mugeres despues de su hi-

843.0 1658.0 651.0 62.0 ja Michol, se dió por agravia-

853.0 1706.0 641.0 60.0 do, y volvió á las andadas, dan-

853.0 1753.0 642.0 55.0 do á su hija por marido á Phal-

851.0 1801.0 647.0 62.0 tiel. Hay quien diga ( segun la

851.0 1850.0 641.0 59.0 Interlin. in 2. Regum, capit. 3.

853.0 1895.0 643.0 60.0 Historia Escol.) que viendose

853.0 1946.0 645.0 60.0 amagada, y forzada Michol de

853.0 1991.0 646.0 62.0 las razones, y amenazas de su

853.0 2040.0 647.0 74.0 padre, dió el sí á Phaltiel:
