1707 2301
1446.0 116.0 50.0 71.0 31

166.0 159.0 639.0 63.0 brio. Dexóle en las manos la vic-

168.0 212.0 647.0 62.0 toria, y él huyó á uña de ca-

168.0 255.0 637.0 59.0 ballo. Los despojos que aqui

164.0 306.0 651.0 64.0 ganó, fueron muchos, y pre-

163.0 354.0 652.0 52.0 ciosos : mil y setecientos Caba-

164.0 402.0 651.0 56.0 llos, y veinte mil Infantes que-

163.0 450.0 652.0 61.0 daron prisioneros, con que pue-

164.0 492.0 656.0 58.0 de rastrearse el tesoro, y ri-

164.0 542.0 656.0 63.0 queza que sería. Adadecer fué

164.0 590.0 649.0 63.0 huyendo, y David le seguía has-

166.0 632.0 647.0 62.0 ta cerrarle en Damasco : puso-

166.0 682.0 647.0 58.0 le cerco, y apretado de la nece-

166.0 734.0 647.0 50.0 sidad salió á batalla donde le

166.0 772.0 654.0 64.0 mató hasta veinte y dos mil hom-

166.0 822.0 654.0 56.0 bres. En fin el Barbaro se rin-

168.0 866.0 652.0 69.0 dió á partido, capitulando con-

168.0 922.0 652.0 52.0 diciones, y haciéndose tributa-

166.0 960.0 649.0 69.0 rio. De Beroth, y de Bethel lle-

168.0 1014.0 652.0 54.0 vó infinito metal, que sirvió des-

168.0 1058.0 664.0 65.0 pues á Salomon para basas, y

166.0 1100.0 666.0 69.0 columnas de su Templo. Volvió

168.0 1156.0 660.0 55.0 á Jerusalem muy cargado de ri-

168.0 1198.0 660.0 73.0 quezas, y triunfos, y le acla-

168.0 1248.0 660.0 63.0 maron sus Ciudadanos con gran-

168.0 1292.0 660.0 67.0 des bendiciones. Luego lle-

172.0 1338.0 656.0 69.0 gó el Príncipe Joran, hijo de

172.0 1386.0 656.0 69.0 Thon, Rey de Emath, envia-

168.0 1432.0 660.0 65.0 do de su padre al Rey David,

168.0 1484.0 658.0 65.0 dándole la enhorabuena de ha-

168.0 1526.0 658.0 71.0 ber sujetado á su dominio á Ada-

168.0 1581.0 658.0 58.0 decer su contrario, y á ofrecer

171.0 1627.0 651.0 57.0 la amistad con un presente rico

168.0 1677.0 658.0 60.0 de vasos de oro, y plata de ines-

175.0 1721.0 653.0 54.0 timable precio. Abrazóle David

170.0 1762.0 660.0 73.0 gustoso, é hizo al Principe mu-

168.0 1810.0 662.0 61.0 chas mercedes, y con retornos

174.0 1858.0 656.0 71.0 honrosos le despachó á su padre.

214.0 1915.0 608.0 54.0 Solo la Provincia de Idumea

168.0 1955.0 654.0 58.0 le quedaba á David por padras-

168.0 2007.0 654.0 60.0 tro de su Imperio, como á des-

168.0 2045.0 654.0 83.0 cendientes de Esau ( que son co-

851.0 130.0 650.0 98.0 mo hermanos de los Hebreos

849.0 205.0 648.0 63.0 que descienden de Jacob, her-

847.0 260.0 655.0 62.0 mano de aquel ) solo les pidió

841.0 310.0 656.0 52.0 la obediencia : mas ellos rebel-

841.0 350.0 660.0 66.0 des se pusieron en batalla. Dió-

841.0 396.0 660.0 58.0 se esta en el campo de las Sa-

841.0 439.0 660.0 71.0 linas, que quedó anegado en

841.0 492.0 660.0 58.0 sangre con diez y ocho mil de

841.0 542.0 662.0 56.0 ellos muertos. Asegundóles con

849.0 584.0 652.0 64.0 otra Gebélen, y costóles la vida

851.0 632.0 650.0 64.0 hasta otros treinta y tres mil.

849.0 676.0 652.0 62.0 A estragos tan violentos se hu-

851.0 722.0 650.0 66.0 milló la altivéz, é imploraron

851.0 770.0 650.0 66.0 clemencia. Usóla David con ellos,

851.0 816.0 650.0 67.0 enterrando á sus muertos, lo

843.0 864.0 660.0 62.0 que no habia hecho con los otros

845.0 914.0 660.0 63.0 bárbaros. Pusoles guarnicion en

857.0 964.0 646.0 65.0 todas las Fortalezas, y dexólos

851.0 1012.0 654.0 59.0 en paz, con que le reconocie-

859.0 1062.0 646.0 52.0 sen por Señor. Quietas sus Pro-

859.0 1098.0 642.0 65.0 vincias, y sujetos sus enemigos,

851.0 1146.0 650.0 60.0 se retiró al gonierno de su Pue-

851.0 1190.0 650.0 65.0 blo. Instituyó Consejeros, y Ofi-

851.0 1244.0 650.0 63.0 ciales para las cosas de la paz,

851.0 1296.0 648.0 61.0 y de la guerra; y él por su per-

851.0 1336.0 654.0 63.0 sona sentenciaba las causas, sin

845.0 1378.0 658.0 67.0 permitir, que otro malograse las

845.0 1436.0 654.0 63.0 sentencias. Como padre, y co-

849.0 1476.0 648.0 67.0 mo Rey escuchaba al desvalido,

849.0 1522.0 652.0 63.0 y como Juez, y Señor reprimia

849.0 1576.0 652.0 63.0 al poderoso. Y como arrastraba

855.0 1616.0 644.0 67.0 de esta suerte voluntades, y afec-

855.0 1664.0 642.0 69.0 tos, todos en aplausos comunes

855.0 1716.0 441.0 57.0 le daban bendiciones.

878.0 1765.0 619.0 50.0 Otras muchas victorias alcan-

849.0 1802.0 648.0 63.0 zó David de los Moabitas fue-

849.0 1852.0 647.0 69.0 ra de las que quedan menciona-

855.0 1905.0 644.0 62.0 das, sin que bastase á impedir-

855.0 1944.0 642.0 67.0 las la ingratitud de los Syrios,

855.0 1996.0 642.0 67.0 que al tanto agavillados, repi-

855.0 2047.0 646.0 66.0 tieron sus enconos por sacudir
