1675 2347
205.0 82.0 39.0 72.0 6

202.0 173.0 636.0 26.0 verle sintió en la dolencia alivio;

202.0 190.0 638.0 60.0 y mucho mas quando el gracioso

199.0 239.0 642.0 58.0 Zagal le tocaba el Harpa, pues

193.0 287.0 650.0 53.0 al pulsarla, suspendía el Demo-

195.0 334.0 644.0 53.0 nio el tormento, con que le mar-

197.0 385.0 642.0 55.0 tirizaba. Conoció Saul su mejo-

191.0 422.0 650.0 66.0 ria, y empezó á acariciar mu-

193.0 469.0 650.0 61.0 cho á David, haciéndole muchas

195.0 528.0 648.0 56.0 gracias, y honrandole con el em-

195.0 569.0 651.0 59.0 pleo de su Page. Asi continuó

194.0 618.0 647.0 58.0 algun tiempo, hasta que por

194.0 664.0 644.0 58.0 émulos, y chismes ( cosa muy

195.0 708.0 651.0 65.0 propia de Palacios ) le pusieron

193.0 762.0 646.0 55.0 mal con Saul, y éste se vió for-

198.0 804.0 602.0 52.0 zado á enviarselo á su Padre.

221.0 844.0 616.0 61.0 Proseguian las incomodida-

194.0 899.0 656.0 55.0 des, tristezas, y aflicciones de

194.0 946.0 650.0 57.0 Saul, y á estas se añadieron las

194.0 993.0 653.0 59.0 molestias de los Philisteos, que

191.0 1036.0 650.0 63.0 acometieron con un poderoso

194.0 1087.0 653.0 63.0 Exército todo su Reyno ; cuyas

191.0 1132.0 656.0 59.0 armas llenaron de pavor á todo

194.0 1181.0 655.0 58.0 Israél. Salió Saul con toda su

195.0 1226.0 656.0 63.0 gente á hacerles oposicion , pe-

191.0 1279.0 642.0 50.0 ro muy cogidos del miedo es-

191.0 1318.0 650.0 64.0 pecialmente al ver que un Gi-

199.0 1374.0 642.0 55.0 gante, llamado Goliat, fiado en

191.0 1417.0 650.0 53.0 sus grandes fuerzas, salió á desa-

193.0 1466.0 644.0 59.0 fiar cuerpo á cuerpo á los Ca-

191.0 1504.0 646.0 64.0 pitanes de Saul, no una vez so-

193.0 1554.0 644.0 65.0 la, sino muchas y todos que-

193.0 1611.0 640.0 47.0 daron como asombrados, y me-

193.0 1646.0 648.0 63.0 drosos, sin querer arriesgarse

194.0 1696.0 651.0 57.0 al peligro. El Rey, cogido del

193.0 1740.0 642.0 67.0 miedo, del enojo, y sentimien-

195.0 1789.0 648.0 57.0 to, se vió obligado á ofrecer

198.0 1839.0 646.0 59.0 ventajosos premios, y una de

199.0 1891.0 640.0 51.0 sus hijas al que hiciese frente á

197.0 1928.0 644.0 61.0 aquel soberbio Philisteo. Acertó

197.0 1975.0 644.0 66.0 en este tiempo á venir David al

200.0 2027.0 645.0 70.0 Exercito con la ocasion de en-

874.0 179.0 641.0 25.0 viarle su padre a saber de sus

870.0 195.0 645.0 55.0 hermanos, y remitirles algun so-

871.0 238.0 640.0 59.0 corro. Oyó entre los Soldados,

866.0 279.0 646.0 67.0 el esforzado Pastorcillo el ban-

872.0 332.0 644.0 57.0 do del Rey, y vió, y palpó el

874.0 375.0 642.0 59.0 temor, y encogimiento del Exér-

876.0 434.0 638.0 53.0 cito, que amedrentado, no se

872.0 477.0 640.0 60.0 atrevia á pelear con el Philisteo;

872.0 516.0 632.0 66.0 y cogido de un zelo de Dios, y

867.0 567.0 647.0 60.0 de su Patria, dixo : '' ¿Quién es

868.0 618.0 647.0 57.0 "este Bastardo, que con tanta

871.0 662.0 642.0 55.0 "osadía se atreve á menospre-

866.0 708.0 648.0 52.0 "ciar los Exércitos de mi Dios?

870.0 758.0 638.0 59.0 "¿Quién es este incircunciso para

867.0 803.0 646.0 57.0 "atrevimientos tales? ¿Un Phi-

870.0 850.0 644.0 51.0 "listeo vil ha de prevalecer con-

863.0 895.0 646.0 60.0 "tra la Justicia, ni el Cielo ha

867.0 945.0 647.0 57.0 "de dar lugar á que se vaya sin

867.0 990.0 647.0 60.0 "castigo? ¡O quién tuviera li-

868.0 1034.0 644.0 61.0 "cencia para entrar en la lid,

868.0 1084.0 646.0 59.0 "y admitir el combate! ¡O quién

870.0 1126.0 642.0 69.0 "fuera dichoso de hacer tan jus-

872.0 1177.0 292.0 57.0 "ta venganza!

897.0 1221.0 613.0 55.0 Llegó á oidos de Eliab, her-

870.0 1269.0 644.0 64.0 mano mayor de David, lo que

872.0 1320.0 640.0 54.0 éste decia, y enojado contra él,

870.0 1367.0 640.0 58.0 le dixo : "Rapaz, ¿quién te me-

872.0 1408.0 640.0 66.0 "te á tí en lo que no te incum-

870.0 1457.0 644.0 68.0 "be? Ea trata de coger tu hato,

868.0 1515.0 646.0 47.0 "y marchar á casa, no vengas

872.0 1558.0 644.0 55.0 "aqui á darnos que sentir." El

876.0 1599.0 640.0 61.0 buen David sufrió con paciencia

878.0 1644.0 636.0 65.0 el enojo de su hermano, y solo

870.0 1695.0 647.0 61.0 le dixo: ''Hermano, ¿qué es lo

872.0 1740.0 642.0 67.0 "que te he hecho, para indig-

876.0 1785.0 640.0 67.0 "narte tanto contra mí? ¿Ha sido

866.0 1839.0 651.0 55.0 "esto mas que hablar sin perjui-

874.0 1891.0 642.0 57.0 "cio algunos?" Y sin decir mas

876.0 1928.0 642.0 63.0 se ausentó de su hermano. No

878.0 1977.0 640.0 60.0 hizo tan poco ruido el caso que

882.0 2024.0 633.0 71.0 dexase de llegar á los oidos de
