1696 2351
243.0 78.0 72.0 84.0 36

245.0 147.0 640.0 60.0 taban prontos á hacer quanto or-

249.0 197.0 644.0 62.0 denase. Entonces David toman-

246.0 253.0 639.0 53.0 do consigo todos sus hijos con

244.0 293.0 639.0 59.0 sus mugeres, sin cuidar de los

244.0 340.0 637.0 59.0 tesoros, dexando, segun dice el

243.0 385.0 637.0 57.0 Abulense, diez concubinas, sa-

243.0 432.0 640.0 61.0 lió á toda priesa de palacio á pie,

240.0 479.0 641.0 63.0 no quiso montar á caballo, sino

245.0 523.0 635.0 66.0 que viese el mundo, que toma-

243.0 575.0 637.0 63.0 ba aquella desgracia como cas-

245.0 621.0 627.0 68.0 tigo de Dios, y que á pie, y

241.0 673.0 646.0 58.0 descalzo sin andalias era justo sa-

239.0 718.0 644.0 64.0 lir para aplacar sus iras. ¿Qué

239.0 765.0 636.0 59.0 bronce no se haría á la ternura,

241.0 813.0 644.0 58.0 viendo salir un Rey tan podero-

241.0 860.0 641.0 56.0 so huyendo de su Corte, rodea-

237.0 907.0 645.0 58.0 do de sus hijos y mugeres, á

237.0 956.0 642.0 60.0 pie, afligidos, y hechos todos

239.0 1003.0 640.0 64.0 al llanto? Hombres, y mugeres

237.0 1052.0 637.0 55.0 dexaban sus casas, y haciendas,

239.0 1102.0 641.0 55.0 y marchaban tras de su Rey. Al

237.0 1142.0 642.0 60.0 salir de la Ciudad volvió David

237.0 1193.0 635.0 51.0 los ojos, y viendo la muche-

235.0 1236.0 641.0 64.0 dumbre, que desalada le seguia,

233.0 1281.0 643.0 66.0 hizo mansion por esperarlos á

236.0 1333.0 642.0 52.0 todos, agradecido á su lealtad,

235.0 1376.0 646.0 62.0 y lastimado á su tristeza. En una

233.0 1426.0 641.0 61.0 casa de campo se juntó todo el

237.0 1473.0 637.0 59.0 concurso, y asímismo las legio-

235.0 1521.0 644.0 58.0 nes de sus valientes soldados, que

235.0 1568.0 643.0 60.0 arriesgados, y animosos servian

232.0 1613.0 647.0 60.0 de guarnicion, y de escolta al

232.0 1663.0 366.0 51.0 numeroso gentío.

278.0 1705.0 600.0 60.0 Al llegar á las márgenes del

232.0 1752.0 643.0 56.0 famoso arroyo Cedron, divisó

228.0 1799.0 648.0 60.0 el Rey entre los Capitanes, y

231.0 1846.0 648.0 62.0 soldados, que le iban siguiendo

229.0 1892.0 646.0 58.0 á un Caballero Getheo, llama-

223.0 1939.0 655.0 61.0 do Ethay, del qual en tiempo de

237.0 1984.0 639.0 61.0 sus persecuciones recibió en Geth

228.0 2034.0 659.0 67.0 muy grandes beneficios, y en

913.0 172.0 644.0 38.0 retorho de cellos le temlla en Su

912.0 194.0 645.0 63.0 Corte muy regalado, y servido

914.0 242.0 644.0 64.0 pocos dias habia; porque al pa-

914.0 289.0 640.0 58.0 recer, sobre algunos disgustos

913.0 335.0 643.0 58.0 que tuvo allá en su tierra, se ha-

912.0 381.0 644.0 61.0 bia acogido á David, acompa-

913.0 433.0 644.0 55.0 ñado de otros de su faccion. Co-

914.0 484.0 0.0 44.0 mo le viese David tan leal, y tan

911.0 519.0 643.0 60.0 fiel, con ser Pagano, extrañan-

911.0 568.0 645.0 66.0 dole la accion, y estimándole el

909.0 615.0 643.0 62.0 obsequio, le llamó, y le dixo:

931.0 663.0 625.0 68.0 "¿Qué es esto Ethay? ¿Para qué

909.0 714.0 647.0 60.0 "te sales de la Corte? ¿Ni para

910.0 762.0 646.0 59.0 "qué acompañas á quien ya se

909.0 803.0 639.0 70.0 "mira sin Laurel, y escapa fu-

905.0 848.0 643.0 68.0 "gitivo? : vuelvete á la Ciudad,

905.0 899.0 643.0 66.0 "y agasaja al nuevo Rey, y vi-

908.0 952.0 646.0 62.0 "ve en gracia suya, que eres al

909.0 997.0 645.0 62.0 "fin forastero, y estás fuera de

908.0 1050.0 645.0 56.0 "tu casa, y no es razon, que

905.0 1091.0 648.0 60.0 "habiendo venido ayer, como

908.0 1138.0 642.0 55.0 "dicen, á valerte de mí, te veas

907.0 1181.0 641.0 70.0 "hoy obligado á correr la triste

907.0 1228.0 643.0 61.0 "fortuna que me sigue. A ma-

905.0 1273.0 643.0 72.0 "la sazon llegastes á mi Corte

902.0 1327.0 648.0 58.0 "á experimentar mercedes de lo

902.0 1374.0 648.0 57.0 "mucho que te debo ; pues ape-

901.0 1418.0 647.0 63.0 "nas has llegado, miras mis ne-

901.0 1465.0 645.0 61.0 "cesidades, y desdichas : vuel-

902.0 1513.0 647.0 63.0 "ve, pues, te ruego, y lleva-

904.0 1564.0 641.0 56.0 "te contigo á tus compañeros,

900.0 1607.0 647.0 63.0 "y Dios que es quien mejor ga-

905.0 1658.0 642.0 60.0 "lardona beneficios, te pague

900.0 1704.0 640.0 61.0 "esa piedad, esa cortesía, y

904.0 1750.0 545.0 57.0 "esos buenos miramientos."

943.0 1797.0 605.0 55.0 Atento escuchaba el barbaro

897.0 1842.0 647.0 64.0 las palabras de David, y al pa-

898.0 1889.0 649.0 64.0 so que lastimado de oirlas, to-

901.0 1939.0 642.0 61.0 mado mas de su honroso pun-

903.0 1982.0 634.0 61.0 donor, respondió de esta suerte:

926.0 2034.0 617.0 77.0 "Juro por Dios del Cielo, y por
