1690 2344
1451 85 39 86 5

164.0 171.0 646.0 49.0 no le habia mandado venir. Pero

164.0 204.0 651.0 62.0 el Profeta luego le insinuó, que

166.0 257.0 645.0 56.0 le trajese. Llegó David del cam-

162.0 294.0 652.0 63.0 po, y tomandole su padre de la

166.0 351.0 648.0 49.0 mano, entró á presentarsele á

166.0 391.0 656.0 58.0 Samuél. Este apenas le vió en su

160.0 435.0 650.0 59.0 presencia, quando oyó, que ha-

156.0 480.0 652.0 68.0 blandole Dios al alma, le dixo,

164.0 529.0 642.0 68.0 que aquel era el electo del Se-

160.0 574.0 644.0 66.0 ñor, y pasó luego á ungirle, cu-

154.0 630.0 648.0 59.0 ya uncion causó al punto tal efec-

154.0 668.0 648.0 66.0 to, que el Espíritu de Dios que-

154.0 718.0 648.0 59.0 dó de él apoderado; la fortaleza

155.0 767.0 654.0 58.0 Divina se infundió en su pecho,

160.0 814.0 639.0 65.0 nueva valentía cobró el alma, y

152.0 860.0 517.0 51.0 el corazon nuevo aliento.

197.0 906.0 602.0 62.0 Retiróse Samuél para Rama-

150.0 957.0 651.0 52.0 tha, y David se volvio á guardar

152.0 1002.0 649.0 60.0 su ganado ; que auaque se vió

150.0 1046.0 651.0 59.0 ungido Principe de Israel, de

148.0 1093.0 653.0 63.0 ninguna suerte le desvaneció su

150.0 1142.0 652.0 57.0 dignidad. Proseguia en compa-

148.0 1183.0 651.0 65.0 ñia de sus Pastorcillos, divirtien-

148.0 1232.0 649.0 61.0 doles con su Harpa: un dia, que

148.0 1281.0 647.0 60.0 estaban demasiadamente embebi-

148.0 1332.0 650.0 61.0 dos con su música, asaltó á sus

150.0 1382.0 635.0 61.0 ganados un furioso Leon, y co-

144.0 1422.0 649.0 66.0 giendo uno de sus Corderillos,

150.0 1470.0 647.0 69.0 echó á huir por la espesura de

154.0 1521.0 639.0 55.0 un monte. Acudieron todos tras

146.0 1576.0 639.0 49.0 él con sus hondas, y perros,

144.0 1615.0 639.0 59.0 mas haciendolos cara el ham-

148.0 1660.0 645.0 56.0 briento Leon, les hizo temer, y

144.0 1711.0 644.0 60.0 retirarse; solo David le sigue, y

142.0 1761.0 649.0 59.0 la fiera, conociendo su esfuerzo,

152.0 1806.0 637.0 59.0 huye, mas el valiente Zagal,

146.0 1847.0 641.0 67.0 yendo en su seguimiento, le vi-

142.0 1894.0 653.0 65.0 no por fin á alcanzar. Arrojóse

143.0 1948.0 652.0 57.0 David al bruto, y agarrandole

143.0 1992.0 653.0 56.0 de la guedeja, le sacó el Corde-

143.0 2040.0 656.0 87.0 ro de la boca, que aunque mal-

832 171 654 45 tratado, volció con tiernos ba-

844.0 201.0 649.0 63.0 lidos á buscar su madre. Queda-

840.0 248.0 650.0 61.0 ron los dos peleando, mas el

844.0 294.0 644.0 57.0 esforzado Pastor mañoso, le

844.0 337.0 640.0 67.0 apretó tanto entre sus brazos,

843.0 388.0 642.0 61.0 que le hizo rendir sus últimos

844.0 435.0 644.0 59.0 alientos. Aplaudieron mucho á

845.0 476.0 639.0 67.0 David sus compañeros, que aun-

845.0 529.0 635.0 60.0 que solía en otras ocasiones qui-

840.0 576.0 640.0 62.0 tar la presa á los Osos, y hacer

832.0 617.0 652.0 64.0 huir á los Leones, no como aho-

838.0 664.0 646.0 64.0 ra, que quitó á tan formidable

836.0 712.0 644.0 65.0 Leon la vida con el robo. Esta

831.0 767.0 651.0 56.0 hazaña, y otras muchas hizo

824.0 808.0 656.0 59.0 David en los Montes de Belén:

831.0 858.0 646.0 57.0 ensayos todos de mayores valen-

836.0 906.0 623.0 58.0 tias, y de más grandes victorias.

843.0 951.0 634.0 59.0 Ocurrió haber caido el Rey

838.0 998.0 640.0 66.0 Saul en desgracia de Dios, por

836.0 1043.0 644.0 68.0 su ambicion y soberbia; y el

834.0 1088.0 646.0 60.0 mismo que le ungió Rey, vino

830.0 1136.0 650.0 59.0 de parte de Dios á notificarle su

826.0 1179.0 652.0 75.0 caida. Viendose Saul, asi des-

828.0 1228.0 649.0 69.0 graciado, dexóse apoderar de una

826.0 1283.0 649.0 60.0 suma melancolía, que le puso en-

824.0 1328.0 653.0 60.0 fermo por extremo. Medicina-

822.0 1371.0 651.0 68.0 banle los Medicos; pero ningun

820.0 1418.0 657.0 66.0 remedio bastaba para su cura,

826.0 1470.0 645.0 59.0 hasta que determinaron recetar-

824.0 1513.0 645.0 69.0 le para alivio la música, que al

822.0 1564.0 653.0 67.0 paso que suspende los sentidos,

818.0 1611.0 657.0 59.0 suele hacer pausa el tormento.

818.0 1654.0 649.0 66.0 Traxeronse varios Musicos, y

819.0 1707.0 658.0 61.0 ninguno de ellos hizo efecto:

820.0 1750.0 653.0 58.0 hasta que se hizo relacion de

824.0 1799.0 639.0 64.0 David, proponiendosele al Rey

822.0 1851.0 637.0 65.0 por único en tocar una Harpa, y

824.0 1892.0 647.0 59.0 diestro en cantar con su voz so-

829.0 1942.0 643.0 59.0 nora. Saul dió luego órden para

827.0 1989.0 642.0 57.0 que se le traxesen : llegó á la

828.0 2037.0 643.0 76.0 presencia del Rey, y con solo
