1689 2343
231.0 96.0 59.0 64.0 28

221.0 150.0 637.0 56.0 delito. Cortaronles las manos,

226.0 196.0 634.0 64.0 y los pies, colgándolos sobre la

218.0 240.0 639.0 68.0 Piscina de Hebron : castigo me-

218.0 285.0 639.0 66.0 recido de su maldad. Mandó Da-

220.0 341.0 637.0 59.0 vid enterrar la cabeza de Isboset

216.0 382.0 647.0 65.0 en el sepulcro de Abner con las

214.0 432.0 646.0 61.0 honras debidas á Principe tan

213.0 477.0 175.0 61.0 grande.

220.0 521.0 639.0 68.0 Tristes, y desconsoladas que-

216.0 581.0 643.0 49.0 daron las once Tribus al verse

213.0 624.0 646.0 54.0 sin su Rey Isboset, y entraron

214.0 665.0 639.0 65.0 en Consejo para ver lo que ha-

206.0 712.0 647.0 59.0 rian, mas todos uniformes eli-

205.0 761.0 648.0 64.0 gieron por mas util darle á Da-

210.0 812.0 645.0 60.0 vid la Corona, y sujetarse á su

210.0 859.0 645.0 64.0 Imperio. Marcharon, pues, á

204.0 911.0 647.0 58.0 Hebron los Principes, y Nobles,

208.0 960.0 649.0 61.0 y los mas avisados le hablaron

204.0 1000.0 654.0 64.0 á David de esta manera : Como

207.0 1049.0 647.0 54.0 vasallos, y subditos, que hemos

205.0 1093.0 646.0 58.0 sido siempre de V. Alteza el tiem-

201.0 1144.0 650.0 64.0 po que gobernaba las armas por

205.0 1187.0 646.0 68.0 Saul nuestro Rey, no tenemos por

193.0 1239.0 658.0 65.0 novedad acogernos á sus plantas,

206.0 1284.0 647.0 67.0 quando es permision de Dios, que

197.0 1329.0 656.0 68.0 nos gobierne á todos. Y pues no

197.0 1376.0 656.0 62.0 puede faltar lo que promete el

193.0 1425.0 668.0 64.0 Cielo, y ya ha dado á V. Alteza la

197.0 1476.0 650.0 52.0 Corona merecida, recibid en su pro-

197.0 1519.0 650.0 60.0 teccion á este Pueblo, que rendi-

199.0 1563.0 650.0 71.0 do se le postra. No sea solo Judá,

208.0 1620.0 651.0 61.0 quien se ufane de tenerle por Rey,

206.0 1659.0 653.0 67.0 gocen estas once Tribus de la

205.0 1704.0 654.0 61.0 misma dicha : Sea una la cabe-

185.0 1759.0 674.0 56.0 za, pues es una la voluntad. Con

205.0 1802.0 656.0 58.0 mucho cariño, y palabras dul-

206.0 1847.0 655.0 58.0 ces aceptó David la oferta, y

205.0 1895.0 656.0 63.0 les hizo muchos favores, y mer-

193.0 1948.0 668.0 49.0 cedes, llenándose toda la ciu-

201.0 1985.0 660.0 65.0 dad de muchos placeres, y jú-

193.0 2038.0 668.0 72.0 bilos, que con recíprocos abra-

886.0 152.0 579.0 61.0 zos hermanaban voluntades.

937.0 197.0 604.0 60.0 Al punto que se vió David

890.0 240.0 642.0 60.0 con todo lsraél á su mando, y

890.0 288.0 650.0 65.0 todas las fuerzas juntas, dió

892.0 339.0 646.0 63.0 contra los Jebuseos, deseando

894.0 390.0 640.0 57.0 ganarles la Ciudad de Jerusalem,

892.0 431.0 640.0 66.0 para sentar en ella su Corte. Y

892.0 484.0 646.0 52.0 sabiendo estos los designios de

882.0 523.0 652.0 68.0 David, lo tomaron á risa, fia-

882.0 579.0 648.0 57.0 dos en sus murallas tan fuertes:

885.0 627.0 649.0 57.0 y asi le enviaron á decir : Que

882.0 669.0 648.0 61.0 con ciegos, y tullidos, que estu-

882.0 714.0 654.0 67.0 viesen en los muros, tenian bastan-

876.0 765.0 654.0 60.0 te para su defensa. Enfadóse mu-

878.0 808.0 645.0 64.0 cho David del menosprecio, y

878.0 859.0 652.0 64.0 juntando todas sus gentes, y ata-

880.0 902.0 646.0 66.0 cada la ciudad por todas partes,

880.0 954.0 646.0 57.0 echó un bando, que qualquiera

880.0 997.0 646.0 65.0 que subiese primero al muro,

880.0 1046.0 648.0 64.0 le entregaría el baston de su Mi-

883.0 1092.0 640.0 61.0 licia. Joab, que era General, te-

880.0 1142.0 646.0 54.0 meroso quizá de perder la pre-

880.0 1192.0 643.0 53.0 eminencia, y que otro se la ga-

880.0 1230.0 646.0 64.0 nase, se arrojó entre nubes de

882.0 1280.0 639.0 67.0 saetas, cubierto con su escudo,

882.0 1337.0 642.0 55.0 arrimó su escala, y trepó por

882.0 1382.0 641.0 60.0 ella. Subieron muchos tras él,

882.0 1417.0 639.0 64.0 animados de su brio. Puestos so-

886.0 1472.0 640.0 60.0 bre la muralla hicieron su de-

886.0 1517.0 640.0 66.0 ber, hasta que quedó por ellos

886.0 1562.0 640.0 66.0 la victoria. Ganaron, pues, el

886.0 1616.0 635.0 55.0 Alcazar de Sion, que era la for-

886.0 1655.0 640.0 61.0 taleza, y pusieronle por nom-

886.0 1708.0 640.0 60.0 bre la Ciudad de David : sentan-

886.0 1749.0 635.0 72.0 do en ella su Corte, y amplian-

880.0 1806.0 373.0 58.0 dola grandemente.

880.0 1843.0 646.0 60.0 Mucho turbó esta victoria á

880.0 1890.0 644.0 60.0 los Philisteos ; pero coligándose

882.0 1938.0 644.0 59.0 todos, cubrieron de armas el

882.0 1983.0 644.0 67.0 valle de Raphain. Salió David

880.0 2032.0 641.0 78.0 al encuentro ; pero conociendo
