1719 2375
1384.0 179.0 48.0 63.0 25

118.0 209.0 642.0 77.0 bendiciones, y muchos agradeci-

120.0 278.0 648.0 61.0 mientos por la piedad que habian

121.0 325.0 644.0 60.0 usado con el Rey Saul, en darle

122.0 373.0 645.0 61.0 sepultura. La carta que llevaron

122.0 419.0 555.0 61.0 los Embaxadores decía así :

128.0 508.0 638.0 67.0 CARTA DE DAVID Á LOS

240.0 564.0 418.0 58.0 de Jabes de Galaad.

168.0 651.0 605.0 65.0 Seais benditos del Señor, Va-

124.0 703.0 653.0 60.0 rones Jabelitas, por la clemencia

125.0 750.0 652.0 62.0 que me dicen habeis urado con

125.0 799.0 655.0 59.0 vuestro Señor Saul dándole á su

124.0 845.0 649.0 61.0 cuerpo decente sepultura. Dios

124.0 891.0 657.0 64.0 os dé el galardon que merece la

125.0 936.0 656.0 64.0 obra: confiad de mí todo favor,

122.0 984.0 653.0 66.0 y gracia. Armaos de fortaleza pa-

125.0 1034.0 648.0 53.0 ra las necesidades que aunque os

130.0 1081.0 654.0 60.0 ha faltado Saul vuestro Señor,

128.0 1129.0 662.0 57.0 aqui quedo yó por el Rey en la

126.0 1177.0 652.0 58.0 Tribu de Judá, con que no le echa-

126.0 1227.0 238.0 50.0 reis menos.

170.0 1272.0 610.0 54.0 Gozaba David el Cetro de

132.0 1316.0 643.0 66.0 Judá en Hebron, primera Cor-

130.0 1363.0 650.0 63.0 te suya quando Abner Prin-

128.0 1415.0 649.0 61.0 cipe grande, y valiente tomó al

129.0 1460.0 646.0 56.0 Infante Isboset, hijo de Saul, y

134.0 1508.0 648.0 57.0 en medio de los Reales hizo que

128.0 1553.0 654.0 63.0 las once Tribus le aclamasen

130.0 1599.0 652.0 67.0 por Rey, como sucesor legi-

132.0 1654.0 650.0 52.0 timo de Saul. Dividióse el Pue-

130.0 1692.0 652.0 63.0 blo en dos bandos : los de Ju-

136.0 1739.0 646.0 62.0 dá se hicieron con David, y las

130.0 1793.0 650.0 59.0 demás Tribus siguiéron las ban-

130.0 1834.0 650.0 64.0 deras de Isboset. A estos ca-

134.0 1882.0 646.0 69.0 pitaneaba Abner, y á aquellos

138.0 1929.0 642.0 69.0 Joab, gran Soldado. Junto á

132.0 1977.0 648.0 65.0 Gabaon se juntaron los dos cam-

134.0 2032.0 646.0 59.0 pos, y de poder á poder se die-

134.0 2072.0 646.0 61.0 ron la batalla, que fué muy re-

134.0 2119.0 646.0 62.0 ñida, y sangrienta. Quedaron

136.0 2171.0 644.0 79.0 los de David con la victoria, y

794.0 207.0 641.0 78.0 Abner derrotado, y vencido,

793.0 275.0 644.0 64.0 escapó huyendo. Fuele siguien-

793.0 324.0 644.0 58.0 do Asael, hermano de Joab:

796.0 372.0 643.0 58.0 pidióle Abner con cortesía de-

794.0 418.0 647.0 59.0 sistiese de seguirle : no quiso

797.0 465.0 631.0 60.0 Asael desistir de su teson ; y

797.0 511.0 644.0 57.0 volviendo contra él Abner des-

798.0 562.0 642.0 56.0 esperado le atravesó con una lan-

801.0 605.0 640.0 60.0 za. Por los Montes de Moab ca-

798.0 653.0 638.0 60.0 minó toda la noche Abner, y

802.0 703.0 645.0 55.0 atravesando el Jordan, llegó á

804.0 750.0 640.0 57.0 sus estancias. Recogió su gente,

805.0 795.0 643.0 65.0 y empezó á hacer desde enton-

804.0 844.0 643.0 61.0 ces una guerra mansa á David,

801.0 890.0 647.0 57.0 con animo de poco á poco apu-

801.0 938.0 652.0 56.0 rarle sus fuerzas ; pero aun-

804.0 982.0 644.0 61.0 que el ardid era bueno, le sa-

804.0 1030.0 644.0 66.0 lió mal, porque David se lo en-

798.0 1077.0 153.0 63.0 tendió.

827.0 1124.0 630.0 58.0 Dos años duraron estas li-

804.0 1175.0 645.0 60.0 des, y un caso lo desbarató to-

804.0 1223.0 646.0 59.0 do, en que Abner se hizo de la

796.0 1267.0 652.0 63.0 parte de David. Fué el caso ha-

801.0 1320.0 649.0 60.0 ber tomado por muger, ó por

792.0 1363.0 651.0 60.0 concubina, una de las mugeres

805.0 1413.0 645.0 62.0 de Saul: llevólo muy á mal Is-

805.0 1459.0 642.0 62.0 boset, y llamándole, le riño, y

806.0 1506.0 637.0 59.0 reprehendió asperamente. Ofen-

806.0 1553.0 649.0 63.0 dióse de esto Abner, y le juró

806.0 1597.0 645.0 59.0 transferir la Corona de la casa

808.0 1646.0 643.0 64.0 de Saul á la cabeza de David,

806.0 1692.0 647.0 59.0 segun el Señor se lo prometió.

806.0 1744.0 3.0 52.0 Escribióle pronto á David, con-

808.0 1789.0 645.0 59.0 vidándole con su amistad: acep-

808.0 1842.0 647.0 54.0 tóla con gusto, poniéndole la

808.0 1880.0 645.0 63.0 condicion de llevarle á su que-

808.0 1925.0 647.0 70.0 rida Michol. Mas Abner ya fue-

808.0 1981.0 651.0 53.0 se no atreverse á quitarsela á

808.0 2022.0 647.0 73.0 Phaltiel con mano poderosa, ó

808.0 2082.0 649.0 57.0 ya no querer humillarse á pe-

811.0 2122.0 649.0 63.0 dirsela á Isboset, le respondió

809.0 2175.0 644.0 85.0 á David, que escribiese á Isbo-

1134.0 2224.0 50.0 54.0 D
