1700 2345
1422.0 82.0 47.0 97.0 45

138.0 161.0 659.0 65.0 ni gozar de sus brazos ) la qual

139.0 213.0 647.0 59.0 con juventud, honestidad, y

139.0 257.0 654.0 56.0 hermosura, sin indicios de ape-

138.0 308.0 650.0 53.0 tito, abrigára, y calentára aque-

138.0 345.0 650.0 69.0 lla elada vejéz. Fue la dichosa

140.0 402.0 648.0 57.0 Abisai Sunamitis, que con titu-

146.0 441.0 642.0 65.0 lo de esposa fué remedio de

140.0 488.0 648.0 63.0 David, y sin perder su virgini-

140.0 541.0 648.0 64.0 dad le fué compañera fiel en la

142.0 588.0 410.0 58.0 cama, y la comida.

187.0 627.0 605.0 66.0 Aun doliente David, é impe-

138.0 672.0 650.0 62.0 dido, no le dexaban las pesadum-

138.0 724.0 650.0 67.0 bres, y cuidados, por acrisolar-

138.0 769.0 650.0 67.0 le mas, y mas su Dios. Viéndose

140.0 814.0 652.0 69.0 su hijo mayor de los Infantes,

138.0 869.0 654.0 61.0 Adonias, que de derecho era su-

146.0 916.0 646.0 59.0 ya la Corona, y que su padre

136.0 963.0 652.0 60.0 podia vivir poco, quiso que le

138.0 1014.0 650.0 49.0 tuviesen por Rey, antes que otros

136.0 1051.0 652.0 66.0 pretestos le fuesen estorbo. Hi-

138.0 1104.0 650.0 62.0 zose con grande fausto, atrayen-

138.0 1151.0 650.0 60.0 do á sí muchos Grandes, y No-

138.0 1190.0 642.0 68.0 bles. Tenía de su parte á Joab,

136.0 1240.0 644.0 63.0 General de las armas, y al Sumo

136.0 1289.0 652.0 61.0 Sacerdote Abiatar. Era el oposi-

138.0 1332.0 650.0 59.0 tor Salomón, que aunque el me-

133.0 1379.0 659.0 67.0 nor casi de los Infantes, le mi-

136.0 1438.0 656.0 54.0 raban muchos como á sucesor

138.0 1473.0 656.0 59.0 del Reyno, por la promesa de

135.0 1524.0 656.0 61.0 David á su madre Bersabé. Por

134.0 1578.0 660.0 49.0 su parte estaba el Sacerdote Sa-

134.0 1625.0 660.0 59.0 doch, y el Profeta Natán, con

134.0 1666.0 661.0 61.0 el mayor resto de los Ciudada-

134.0 1721.0 656.0 57.0 nos, y Nobles. Recelandose,

142.0 1766.0 648.0 59.0 pues, de estos Adonías, convocó

134.0 1809.0 656.0 65.0 un dia á toda su parcialidad jun-

136.0 1852.0 654.0 68.0 to á la fuente Rogel ; y despues

136.0 1911.0 654.0 56.0 de ofrecidos grandes sacrificios,

138.0 1950.0 646.0 64.0 los cortejó á todos con explen-

136.0 2003.0 648.0 56.0 dido convite, donde entre menu-

138.0 2053.0 652.0 86.0 dos brindis, y festivas voces,

817.0 192.0 661.0 35.0 gritaban, diciendo: Viva el Rey

822.0 216.0 188.0 60.0 Adonías,

865.0 256.0 609.0 63.0 Supo Natán la novedad, y pa-

809.0 308.0 669.0 57.0 só luego á estar con la Reyna

811.0 347.0 662.0 59.0 Bersabé : aconsejóla prudente,

811.0 400.0 654.0 63.0 que entrase á hablar al Rey, y

809.0 441.0 658.0 67.0 le hiciese cargo de lo que la te-

809.0 490.0 667.0 64.0 nia ofrecido con juramento: esto

811.0 545.0 665.0 49.0 es, que despues de sus dias rey-

817.0 582.0 659.0 64.0 naria su hijo Salomón ; que el

817.0 639.0 661.0 48.0 despues, estando ella en esto con

819.0 683.0 654.0 53.0 el Rey, entraria como por acci-

819.0 723.0 652.0 66.0 dente, y avivaría el hecho, como

819.0 773.0 650.0 59.0 asi fué. Entróse, pues, Bersabé,

813.0 818.0 656.0 67.0 llegóse al lecho, y le habló de

813.0 869.0 652.0 55.0 esta manera : Señor mio, bien os

813.0 912.0 646.0 61.0 acordareis, que ofrecisteis, y

811.0 955.0 652.0 68.0 jurasteis á esta vuestra esclava,

813.0 1008.0 656.0 55.0 que mi hijo Salomón empuña-

813.0 1051.0 654.0 66.0 ria el Cetro, faltando vuestra

815.0 1106.0 650.0 58.0 persona. ¿Qué razon, pues, hay

815.0 1151.0 650.0 60.0 para que sin vuestro consenti-

817.0 1199.0 652.0 49.0 miento se haya coronado Ado-

819.0 1236.0 650.0 65.0 nías, y se llame Rey? Todo el

817.0 1287.0 644.0 61.0 Pueblo ha sentido mal del hecho,

819.0 1334.0 648.0 65.0 y está á devocion vuestra, espe-

821.0 1383.0 648.0 61.0 rando á que nombreis sucesor

821.0 1420.0 650.0 74.0 vuestro. Miradlo, Señor, bien

821.0 1473.0 648.0 68.0 que si esto no se enmienda, sa-

821.0 1522.0 646.0 64.0 bed que en faltando vos, sere-

821.0 1567.0 652.0 76.0 mos yó, y mi hijo despojos del

821.0 1616.0 174.0 64.0 Tyrano.

874.0 1649.0 591.0 80.0 Dióse luego al llanto Bersabé,

819.0 1717.0 648.0 63.0 y David se enterneció al verla llo-

821.0 1758.0 642.0 71.0 rar, porque la queria mucho. A

819.0 1815.0 648.0 47.0 este tiempo entró el Profeta Na-

821.0 1852.0 648.0 68.0 tán, y lleno de admiracion, co-

821.0 1901.0 646.0 68.0 menzó á extrañar la novedad de

821.0 1948.0 646.0 62.0 llamarse Adonías Rey, contra la

819.0 1997.0 650.0 60.0 voluntad del que tenía aun el

821.0 2044.0 648.0 86.0 mando. Aqui David, desechó el
