1672 2303
1387.0 76.0 37.0 121.0 3

293.0 144.0 944.0 72.0 ADVERTENCIA AL LECTOR.

101 220 1315 98 Sin embargo de la fé que daba dar á esta Historia la im-

199 264 1213 75 presion antecedente, ha parecido en esta aumentar algunas

104.0 318.0 667.0 55.0 cosas para el gusto del lector.

172.0 360.0 1247.0 55.0 Son las acciones de los que obran bien vigor de la virtud, con

106.0 411.0 1313.0 55.0 que excitan á otros para deponer el mal : el mas sagrado auxilio

107.0 455.0 1312.0 59.0 que sirve á la virtud para estenderse, son los exemplares de los bue-

104.0 505.0 1318.0 55.0 nos: una luz enciende muchas velas : un grano de incienso dá fra-

107.0 550.0 1315.0 59.0 grancias á muchos : y un varon ajustado es capaz de hacer justo

104.0 597.0 1318.0 55.0 á todo un Pueblo. Por esta misma causa, y la de que aprenda-

106.0 642.0 1316.0 61.0 mos la tolerancia en las adversidades, la paciencia en los infortu-

104.0 690.0 1317.0 61.0 nios, y el hacer penitencia por nuestros pecados, se presenta al Pú-

106.0 735.0 1286.0 73.0 blico la memoria del penitente Santo Rey David, como se sigue.

412.0 923.0 705.0 71.0 RESUMEN DE LA HISTORIA.

107.0 1033.0 1328.0 64.0 ORIGEN, Y DESCENDENCI DE DAVID.

108.0 1082.0 1327.0 63.0 Sus mocedades, y esfuerzos. Vence al Gigante Goliat, y premios

108.0 1129.0 1330.0 63.0 que consigue de Saul. Encóno de Saul contra David, y trazas

107.0 1178.0 1334.0 60.0 para quitarle la vida. Esfuerzos, y valentias de David. In-

107.0 1225.0 1334.0 59.0 tenta Saul matarle, y prenderle, pero Michol le liberta con

106.0 1269.0 1334.0 65.0 modo estraño. Persiguele Saul, y empieza á andar prófugo. Muer-

106.0 1322.0 1332.0 50.0 te lastimosa de los Padres de David. Estrago cruel de Saul

107.0 1366.0 1329.0 60.0 en los Sacerdotes, y Ciudadanos de Nobé. Aprietos, en que se

108.0 1413.0 1332.0 59.0 vé David por las persecuciones de Saul, y de traydores. Lanz-

107.0 1458.0 1330.0 65.0 ce estraño que usó David con Saul, que fué causa de aplacarse

108.0 1507.0 1329.0 55.0 éste. Caso de Nabal, y Abigail con David. Muerte de Nabal.

108.0 1551.0 1330.0 64.0 Toma David por segunda Muger á Abigail. Puede David ma-

110.0 1600.0 1330.0 58.0 tar á Saul, y no lo hace. Huye David á tierra estraña. Ponen guer-

108.0 1647.0 1330.0 61.0 ra los Philisteos á Saul, y es vencido, y muerto. Estrago de Si-

112.0 1697.0 1330.0 58.0 calech, y cómo le venga David. Sentimiento de David por la

111.0 1749.0 1330.0 53.0 muerte de Saul. Entra David á Reynar. Oposiciones que hubo

110.0 1789.0 1332.0 54.0 de parte de Isboset, y como vence David. Adquiere á su pri-

111.0 1837.0 1333.0 60.0 mera muger Michol. Alevosía de Joab. Otra alevosía que exe-

112.0 1883.0 1332.0 61.0 cutaron Recab, y Bannaa, que castigó David. Entreganse á

116.0 1934.0 1328.0 55.0 David las once Tribus. Gana David á Jerusalem, y Batallas

115.0 1978.0 1329.0 61.0 que tiene con los Philisteos. Castigo que Dios obró, en vene-

117.0 2026.0 1329.0 77.0 racion del Arca. Castigo de Michol, por despreciar á David.
