1706 2315
1403.0 141.0 58.0 37.0 43

138.0 169.0 644.0 50.0 góse á él muy cariñoso á salu-

135.0 207.0 648.0 56.0 darle, y al tiempo de abrazarle,

136.0 255.0 648.0 62.0 sacando un puñal, se lo metió

136.0 302.0 650.0 60.0 por las entrañas, dexándole ca-

136.0 351.0 651.0 55.0 daver. No hay que ponderar lo

138.0 396.0 645.0 60.0 que sintió David esta traycion, y

136.0 443.0 648.0 61.0 lo abrigada que la tuvo siempre

137.0 492.0 650.0 58.0 en su pecho, al modo que la dé

138.0 538.0 650.0 51.0 Abner, y la de Absalon, faltan-

138.0 585.0 653.0 59.0 do á su precepto; y en fin, otras

144.0 634.0 641.0 60.0 alevosías ; y asi lo mas que en-

138.0 679.0 654.0 57.0 cargó á su hijo Salomón en su

136.0 725.0 657.0 59.0 testamento fue, que castigase á

137.0 771.0 649.0 59.0 este alevoso. El disimularlo él,

140.0 816.0 651.0 61.0 fué forzado de la necesidad de

141.0 861.0 656.0 62.0 verse tan perseguido, rodeado

141.0 913.0 646.0 54.0 de rebeldes, contemplando mal-

138.0 964.0 219.0 46.0 contentos.

185.0 995.0 602.0 73.0 Despues que Joab hizo la he-

142.0 1049.0 649.0 62.0 churía, se tomó el baston del

138.0 1095.0 651.0 62.0 muerto, y fué capitaneando to-

142.0 1145.0 649.0 54.0 da aquella gente en seguimiento

141.0 1194.0 652.0 59.0 de Siba, el qual viendo que no

138.0 1246.0 655.0 52.0 le dexaban hacer baza se reduxo

142.0 1287.0 646.0 53.0 acosado á la Ciudad de Abela.

142.0 1333.0 650.0 59.0 Plantó Joab sus Reales á vista de

141.0 1382.0 651.0 52.0 la Ciudad, echóla un cordon por

141.0 1432.0 650.0 58.0 todas partes : pusola en notable

141.0 1477.0 648.0 59.0 aprieto, de manera, que los de

140.0 1524.0 652.0 57.0 adentro, viendose oprimidos de

140.0 1568.0 645.0 60.0 la necesidad, y hambre, comen-

138.0 1614.0 645.0 62.0 zaron á desfallecer, y á desear

138.0 1666.0 649.0 56.0 medios convenibles. Convinie-

142.0 1709.0 645.0 61.0 ronse con Joab, en que entregan-

138.0 1751.0 647.0 70.0 dole la cabeza de Siba, los dexa-

140.0 1801.0 645.0 66.0 ria libres ; y sin repugnancia, ni

140.0 1855.0 647.0 60.0 contradiccion alguna, hechos to-

140.0 1894.0 653.0 66.0 dos á un acuerdo, le cortaron la

144.0 1948.0 649.0 54.0 cabeza á Siba, y pór el muro se

142.0 1988.0 658.0 66.0 la echaron á Joab, que luego que

146.0 2035.0 654.0 83.0 la vió á sus pies, levantó el cer-

814.0 150.0 648.0 69.0 co, y se fué con ella á Jerusalem

816.0 207.0 642.0 56.0 muy ufano, sin temer enojos de

816.0 252.0 642.0 59.0 David, por haber muerto á Ama-

814.0 303.0 652.0 57.0 sa, y tomadose el baston sin su

814.0 344.0 646.0 61.0 licencia. Disimuló David, vien-

816.0 393.0 641.0 58.0 dole Señor de las armas, y re-

820.0 443.0 642.0 53.0 servando á otro tiempo el hacer

815.0 487.0 645.0 60.0 justicia. Concluida la diferencia,

816.0 533.0 646.0 57.0 se retiró David á dar gracias á

818.0 582.0 646.0 58.0 su Dios, por haberle libertado

824.0 630.0 634.0 56.0 de este traidor, que se le habia

816.0 676.0 222.0 49.0 levantado.

864.0 719.0 600.0 66.0 Sosegado este alboroto, dieron

820.0 767.0 640.0 62.0 treguas los trabajos á David por

816.0 819.0 649.0 58.0 algun tiempo, en cuyo intervalo

819.0 864.0 648.0 58.0 se aumentaba su grandeza, y el

820.0 909.0 649.0 59.0 Reyno iba en aumento. A este

822.0 963.0 647.0 51.0 tiempo le ocurrió un género de

825.0 1005.0 641.0 57.0 altivez, y soberbia, deseando

820.0 1043.0 644.0 66.0 saber quantos millares de solda-

825.0 1093.0 641.0 62.0 dos, y vasallos se podian alistar

822.0 1140.0 646.0 58.0 debaxo de sus banderas. Ofen-

825.0 1190.0 643.0 54.0 dióse Dios de esto, y apenas

822.0 1232.0 646.0 68.0 David acabó de alistarlos, quan-

823.0 1290.0 6.0 50.0 do conoció su yerro soberbio, y

820.0 1328.0 647.0 62.0 altivo, y hecho al llanto, di-

819.0 1374.0 651.0 61.0 xo : ''Pecado he, Señor, en gran

823.0 1426.0 644.0 54.0 "manera, en mostrarme altivo,

819.0 1467.0 651.0 64.0 "en desvanecerme soberbio, irri-

819.0 1518.0 647.0 56.0 "tando con mi presuncion vues-

822.0 1558.0 650.0 66.0 "tra mansedumbre ; pero si

820.0 1608.0 652.0 68.0 "ruegos de quien se arrepiente

825.0 1653.0 647.0 67.0 "ablandan vuestro pecho, dad

825.0 1703.0 647.0 60.0 "oido á mis súplicas : suplidme

824.0 1751.0 648.0 64.0 "aquesta culpa, pues mas la em-

824.0 1797.0 650.0 56.0 "prendí de necio, que de ma-

825.0 1838.0 649.0 64.0 "licioso." Ocurrió luego el Pro-

827.0 1886.0 641.0 64.0 feta Gad, enviado de Dios, y

820.0 1934.0 654.0 68.0 le dixo : El Señor me envia á

829.0 1981.0 649.0 69.0 V. Magestad para que le intime

829.0 2031.0 647.0 89.0 que elija de tres cosase la que
