1714 2322
1401 171 62 1 41

135 168 636 66 lena hermosa de sus cabellos, y

132 221 647 60 enredándosele en las ramas de

134 269 644 61 una encina, y pasando el bruto

131 316 655 59 adelante desbocado, quedó el ma-

131 362 653 62 logrado joven pendiente en el ay-

132 414 652 49 re. Por mas que hacia por que-

134 459 650 57 brar la rama, y desasir sus cabe-

134 505 650 52 llos, jamás pudo desenredarlos.

140 552 643 59 Vióle un Soldado, que al punto

141 598 642 61 dió noticia á Joab, que vinien-

135 648 649 51 do, con tres saetas le atravesó el

136 694 644 61 pecho; y llegando despues unos

134 743 649 58 criados suyos, á puras estocadas

135 789 648 55 acabaron de matarle; y echando-

136 834 651 53 le en una sima, le cubrieron de

134 878 654 62 piedras. Este fué el sepulcro de

136 927 646 61 Absalon, y este su desgraciado fin.

183 972 599 58 Envióse pronto á David la no-

135 1020 647 61 ticia de la victoria, y de la muer-

135 1066 647 61 te de Absalon, que habiendose ale-

139 1117 649 60 grado de la victoria, sobrepujó

138 1164 654 51 mas el sentimiento de la muerte

136 1207 657 61 de su hijo. Retiróse el Rey á su

136 1256 655 59 retrete, y soltando la rienda al

139 1308 648 54 llanto, comenzó á hacer extre-

134 1350 653 65 mos muy sentidos, repitiendo

136 1397 651 64 muchas veces: ¡Ay bsalon hijo

138 1444 649 55 mio! ¡Ay hijo mio Absalon! Espe-

134 1492 654 61 raban que recibiese á los vence-

136 1542 652 58 dores muy alegre; y viendo que

134 1586 652 61 no salia, Joab como mas atrevi-

138 1633 648 58 do entró, y le habló con pala-

138 1682 648 58 bras muy imperiosas. Disimuló

138 1726 650 60 David su arrogancia, y libertad, y

136 1772 652 53 tambien el atrevimiento de haber

138 1821 650 58 muerto á su amado hijo, habien-

144 1866 651 62 dole encargado no le quitase la

148 1915 647 59 vida; aguardólo para otra oca-

148 1972 647 52 sion, en que pagase estas, y otras

149 2008 646 61 osadías, y salió á recibir á su

149 2056 646 69 exercito triunfante. Privó luego

811 193 646 40 á Joab de General, dexando el

811 223 631 60 mayor castigo para despues, y

811 269 475 54 dió el baston á Amasa.

846 312 609 62 Empezó á premiar á los vence-

810 359 645 61 dores, y á perdonar á los culpa-

810 411 647 51 dos, que llegaron sumisos á sus

801 463 9 47 pies; y hasta á Semey perdonó, que

809 500 649 61 tanto le habia infamado, y ape-

811 564 6 35 dreado en su fuga,porque vino

817 597 636 58 á él rendido, prometiéndole, que

806 643 652 57 en tanto que él viviese no mori-

811 687 648 62 ria. Hubo quien le dixo : ¿cómo

813 736 646 59 perdonas, Señor, á un hombre

813 784 648 58 que tan libremente maldixo á un

814 830 648 60 Cristo del Señor tan osado?

814 874 645 62 Bueno fuera, respondió David,

814 924 647 60 que quando yo ando sembrando

814 968 649 61 cedulas de perdon, me anduviera

814 1017 648 61 á tomar venganzas. Hoy hago

814 1064 648 59 cuenta que comienzo á reynar

813 1111 650 59 sobre Israél, y que me he halla-

811 1157 655 63 do la Corona; y asi es bien gra-

814 1202 653 64 tificar al Cielo, usando de piedad

816 1253 651 60 con los que hubieren sido mis

815 1301 652 58 mayores enemigos. ¡O qué doctri-

815 1348 653 63 na, y exemplo tan divino! En fin

815 1394 652 62 no hacia David entonces otra

815 1440 651 60 cosa, que hacer gracias á todos,

815 1488 542 61 y perdonar á los culpados.

858 1535 612 62 Por último llegó aquel buen

821 1582 649 61 viejo Bercelay alborozado, y ale-

821 1629 650 59 gre, á darle los parabienes de la

815 1690 6 45 victoria, saliendole al camino

818 1724 652 61 desde Regelin, y lleno de gozo,

818 1771 653 56 le levantó del suelo á sus brazos,

818 1817 655 59 regocijado en sumo grado. Brin-

831 1862 642 60 dóle con las mercedes que qui-

832 1913 640 60 siese, propio de pechos nobles,

832 1963 645 57 proceder con gratitudes con

832 2007 644 60 aquellos que han sido liberales.

832 2054 647 71 Díxole, que se fuese con él á

1137 2105 67 86 F
