<?xml version="1.0" encoding="UTF-8"?>
<alto xmlns:xsi="http://www.w3.org/2001/XMLSchema-instance"
      xmlns="http://www.loc.gov/standards/alto/ns-v4#"
      xsi:schemaLocation="http://www.loc.gov/standards/alto/ns-v4# http://www.loc.gov/standards/alto/v4/alto-4-2.xsd">
  <Description>
    <MeasurementUnit>pixel</MeasurementUnit>
    <sourceImageInformation>
      <fileName>Varios_428_37.jpg</fileName>
      
    </sourceImageInformation>
  </Description>
  
  <Tags>
    <OtherTag ID="BT221" LABEL="CustomZone:impresorNum" DESCRIPTION="block type CustomZone:impresorNum"/><OtherTag ID="BT222" LABEL="CustomZone:numero_pliego" DESCRIPTION="block type CustomZone:numero_pliego"/><OtherTag ID="BT223" LABEL="CustomZone:title" DESCRIPTION="block type CustomZone:title"/><OtherTag ID="BT224" LABEL="GraphicZone:illustration" DESCRIPTION="block type GraphicZone:illustration"/><OtherTag ID="BT225" LABEL="GraphicZone:ornamentation" DESCRIPTION="block type GraphicZone:ornamentation"/><OtherTag ID="BT226" LABEL="MainZone" DESCRIPTION="block type MainZone"/><OtherTag ID="BT227" LABEL="MainZone:columns" DESCRIPTION="block type MainZone:columns"/><OtherTag ID="BT228" LABEL="MarginTextZone:colophon" DESCRIPTION="block type MarginTextZone:colophon"/><OtherTag ID="BT229" LABEL="MarginTextZone:note" DESCRIPTION="block type MarginTextZone:note"/><OtherTag ID="BT230" LABEL="MusicZone" DESCRIPTION="block type MusicZone"/><OtherTag ID="BT231" LABEL="NumberingZone:page" DESCRIPTION="block type NumberingZone:page"/><OtherTag ID="BT232" LABEL="QuireMarksZone:catchwords" DESCRIPTION="block type QuireMarksZone:catchwords"/><OtherTag ID="BT233" LABEL="QuireMarksZone:signature" DESCRIPTION="block type QuireMarksZone:signature"/><OtherTag ID="BT234" LABEL="RunningTitleZone" DESCRIPTION="block type RunningTitleZone"/>
    <OtherTag ID="LT81" LABEL="CustomLine:propriedad" DESCRIPTION="line type CustomLine:propriedad"/><OtherTag ID="LT82" LABEL="CustomLine:trailer" DESCRIPTION="line type CustomLine:trailer"/><OtherTag ID="LT83" LABEL="DefaultLine" DESCRIPTION="line type DefaultLine"/><OtherTag ID="LT84" LABEL="HeadingLine" DESCRIPTION="line type HeadingLine"/>
  </Tags>
  
  <Layout>
    <Page WIDTH="1697"
          HEIGHT="2351"
          PHYSICAL_IMG_NR="36"
          ID="eSc_dummypage_">
      <PrintSpace HPOS="0"
                  VPOS="0"
                  WIDTH="1697"
                  HEIGHT="2351">
        
        <TextBlock HPOS="1417.0"
                   VPOS="85.0"
                   WIDTH="109.0"
                   HEIGHT="76.0"
                   ID="eSc_textblock_fbb6bc6b"
                   TAGREFS="BT231">
          <Shape><Polygon POINTS="1417 85 1417 161 1526 161 1526 85"/></Shape>
          
          
          <TextLine ID="line_32"
                    TAGREFS="LT83"
                    BASELINE="1438 139 1492 139" 
                    HPOS="1436.0"
                    VPOS="86.0"
                    WIDTH="55.0"
                    HEIGHT="74.0">
            <Shape><Polygon POINTS="1475 86 1455 86 1436 86 1436 137 1436 154 1489 160 1491 137 1491 86 1475 86"/></Shape>
	    <String CONTENT="37"
                    HPOS="1436.0"
                    VPOS="86.0"
                    WIDTH="55.0"
                    HEIGHT="74.0"></String>
          </TextLine>

          
        </TextBlock>
        
        <TextBlock HPOS="120.0"
                   VPOS="138.0"
                   WIDTH="703.0"
                   HEIGHT="1999.0"
                   ID="block_1"
                   TAGREFS="BT227">
          <Shape><Polygon POINTS="823 144 805 2130 120 2137 123 138"/></Shape>
          
          
          <TextLine ID="line_0"
                    TAGREFS="LT83"
                    BASELINE="168 184 818 181" 
                    HPOS="164.0"
                    VPOS="123.0"
                    WIDTH="653.0"
                    HEIGHT="88.0">
            <Shape><Polygon POINTS="811 144 809 139 754 123 752 123 750 123 658 139 572 123 570 123 568 123 544 135 517 127 515 127 513 127 511 127 509 127 491 141 409 141 297 123 295 123 293 123 291 123 268 139 205 129 203 129 201 129 164 141 166 182 166 211 815 199 817 180 815 144 811 144"/></Shape>
	    <String CONTENT="&quot;la vida de V. Magestad de no"
                    HPOS="164.0"
                    VPOS="123.0"
                    WIDTH="653.0"
                    HEIGHT="88.0"></String>
          </TextLine>

          
          
          <TextLine ID="line_1"
                    TAGREFS="LT83"
                    BASELINE="165 228 818 225" 
                    HPOS="162.0"
                    VPOS="195.0"
                    WIDTH="655.0"
                    HEIGHT="63.0">
            <Shape><Polygon POINTS="164 227 164 258 815 246 817 223 811 195 162 197 164 227"/></Shape>
	    <String CONTENT="&quot;apartarme de su lado en todo"
                    HPOS="162.0"
                    VPOS="195.0"
                    WIDTH="655.0"
                    HEIGHT="63.0"></String>
          </TextLine>

          
          
          <TextLine ID="line_28"
                    TAGREFS="LT83"
                    BASELINE="163 276 823 274" 
                    HPOS="161.0"
                    VPOS="239.0"
                    WIDTH="662.0"
                    HEIGHT="57.0">
            <Shape><Polygon POINTS="163 276 163 296 821 292 823 274 821 249 786 239 785 239 783 239 782 239 756 248 644 239 642 239 641 239 640 239 628 248 600 239 599 239 598 239 597 239 564 248 518 239 517 239 516 239 514 239 505 245 461 240 459 240 458 240 437 250 390 250 374 240 373 240 372 240 371 240 369 240 368 240 355 250 314 250 236 240 235 240 233 240 232 240 224 248 206 242 205 242 203 242 161 250 163 276"/></Shape>
	    <String CONTENT="&quot;trance, y peligro, y de seguir"
                    HPOS="161.0"
                    VPOS="239.0"
                    WIDTH="662.0"
                    HEIGHT="57.0"></String>
          </TextLine>

          
          
          <TextLine ID="line_2"
                    TAGREFS="LT83"
                    BASELINE="168 323 816 320" 
                    HPOS="164.0"
                    VPOS="284.0"
                    WIDTH="651.0"
                    HEIGHT="64.0">
            <Shape><Polygon POINTS="166 321 166 340 811 348 815 319 809 284 164 289 166 321"/></Shape>
	    <String CONTENT="&quot;su fortuna hasta la muerte. En"
                    HPOS="164.0"
                    VPOS="284.0"
                    WIDTH="651.0"
                    HEIGHT="64.0"></String>
          </TextLine>

          
          
          <TextLine ID="line_3"
                    TAGREFS="LT83"
                    BASELINE="161 370 816 369" 
                    HPOS="160.0"
                    VPOS="338.0"
                    WIDTH="655.0"
                    HEIGHT="49.0">
            <Shape><Polygon POINTS="807 368 793 338 160 338 160 368 160 387 815 383 815 368 815 338 811 338 807 368"/></Shape>
	    <String CONTENT="&quot;lo prospero, y adverso perma-"
                    HPOS="160.0"
                    VPOS="338.0"
                    WIDTH="655.0"
                    HEIGHT="49.0"></String>
          </TextLine>

          
          
          <TextLine ID="line_4"
                    TAGREFS="LT83"
                    BASELINE="165 416 816 416" 
                    HPOS="164.0"
                    VPOS="385.0"
                    WIDTH="651.0"
                    HEIGHT="49.0">
            <Shape><Polygon POINTS="811 415 797 385 164 385 164 415 164 434 815 432 815 415 815 385 813 385 811 415"/></Shape>
	    <String CONTENT="&quot;neceré leal, que soy hombre"
                    HPOS="164.0"
                    VPOS="385.0"
                    WIDTH="651.0"
                    HEIGHT="49.0"></String>
          </TextLine>

          
          
          <TextLine ID="line_29"
                    TAGREFS="LT83"
                    BASELINE="161 461 812 464" 
                    HPOS="160.0"
                    VPOS="424.0"
                    WIDTH="652.0"
                    HEIGHT="61.0">
            <Shape><Polygon POINTS="161 461 160 472 199 483 201 483 202 483 220 475 269 475 280 481 282 481 283 481 284 481 344 476 377 484 378 484 380 484 441 476 463 484 465 484 466 484 467 484 492 476 538 484 615 485 616 485 617 485 634 479 670 485 671 485 672 485 691 478 781 485 782 485 783 485 811 476 812 464 812 437 790 427 789 427 787 427 747 434 706 427 705 427 704 427 702 427 702 428 692 437 692 438 628 438 625 437 589 425 587 425 586 425 585 425 552 436 525 427 523 427 522 427 483 433 461 425 459 425 458 425 457 425 429 436 428 436 427 436 391 427 390 427 389 427 387 427 386 427 376 436 351 436 344 436 344 434 312 424 310 424 271 424 270 424 269 424 245 434 244 434 212 424 211 424 210 424 209 424 207 424 195 434 194 434 161 434 161 461"/></Shape>
	    <String CONTENT="&quot;de bien, y fuera faltar á mis"
                    HPOS="160.0"
                    VPOS="424.0"
                    WIDTH="652.0"
                    HEIGHT="61.0"></String>
          </TextLine>

          
          
          <TextLine ID="line_5"
                    TAGREFS="LT83"
                    BASELINE="167 509 813 509" 
                    HPOS="166.0"
                    VPOS="474.0"
                    WIDTH="645.0"
                    HEIGHT="64.0">
            <Shape><Polygon POINTS="166 507 168 538 197 528 272 538 274 538 276 538 282 538 468 528 681 538 685 538 687 538 746 528 809 538 811 507 799 476 166 474 166 507"/></Shape>
	    <String CONTENT="&quot;obligaciones, si viendo á mi"
                    HPOS="166.0"
                    VPOS="474.0"
                    WIDTH="645.0"
                    HEIGHT="64.0"></String>
          </TextLine>

          
          
          <TextLine ID="line_6"
                    TAGREFS="LT83"
                    BASELINE="160 557 816 557" 
                    HPOS="158.0"
                    VPOS="527.0"
                    WIDTH="657.0"
                    HEIGHT="52.0">
            <Shape><Polygon POINTS="158 556 158 574 813 579 815 556 815 527 158 527 158 556"/></Shape>
	    <String CONTENT="&quot;Rey en necesidades, y traba-"
                    HPOS="158.0"
                    VPOS="527.0"
                    WIDTH="657.0"
                    HEIGHT="52.0"></String>
          </TextLine>

          
          
          <TextLine ID="line_30"
                    TAGREFS="LT83"
                    BASELINE="160 602 796 604" 
                    HPOS="159.0"
                    VPOS="566.0"
                    WIDTH="637.0"
                    HEIGHT="59.0">
            <Shape><Polygon POINTS="160 602 159 613 189 624 190 624 192 625 254 625 254 624 256 624 257 624 257 623 265 616 390 624 391 624 393 624 411 616 423 624 424 624 425 624 427 624 574 617 600 625 602 625 603 625 604 625 606 625 619 617 630 625 632 625 633 625 634 625 636 625 662 619 755 625 756 625 795 616 796 604 795 581 760 581 760 579 731 568 730 568 728 568 565 579 553 579 552 579 530 568 529 568 527 568 465 575 448 566 446 566 378 566 377 566 329 578 327 578 326 578 293 566 292 566 291 566 290 566 266 578 265 578 160 578 160 602"/></Shape>
	    <String CONTENT="&quot;jos, le volviera las espaldas.&quot;"
                    HPOS="159.0"
                    VPOS="566.0"
                    WIDTH="637.0"
                    HEIGHT="59.0"></String>
          </TextLine>

          
          
          <TextLine ID="line_7"
                    TAGREFS="LT83"
                    BASELINE="160 651 811 651" 
                    HPOS="158.0"
                    VPOS="611.0"
                    WIDTH="651.0"
                    HEIGHT="60.0">
            <Shape><Polygon POINTS="158 650 158 668 807 671 809 650 809 613 158 611 158 650"/></Shape>
	    <String CONTENT="Dexóse vencer David de tanta fé,"
                    HPOS="158.0"
                    VPOS="611.0"
                    WIDTH="651.0"
                    HEIGHT="60.0"></String>
          </TextLine>

          
          
          <TextLine ID="line_8"
                    TAGREFS="LT83"
                    BASELINE="163 702 811 698" 
                    HPOS="160.0"
                    VPOS="662.0"
                    WIDTH="649.0"
                    HEIGHT="64.0">
            <Shape><Polygon POINTS="162 701 162 726 807 715 809 697 803 662 160 668 162 701"/></Shape>
	    <String CONTENT="y de tanta cortesía, y permitió"
                    HPOS="160.0"
                    VPOS="662.0"
                    WIDTH="649.0"
                    HEIGHT="64.0"></String>
          </TextLine>

          
          
          <TextLine ID="line_9"
                    TAGREFS="LT83"
                    BASELINE="160 747 811 744" 
                    HPOS="156.0"
                    VPOS="713.0"
                    WIDTH="653.0"
                    HEIGHT="54.0">
            <Shape><Polygon POINTS="158 746 158 767 807 767 809 742 805 713 156 713 158 746"/></Shape>
	    <String CONTENT="que le acompañase. Atravesando"
                    HPOS="156.0"
                    VPOS="713.0"
                    WIDTH="653.0"
                    HEIGHT="54.0"></String>
          </TextLine>

          
          
          <TextLine ID="line_10"
                    TAGREFS="LT83"
                    BASELINE="159 792 811 791" 
                    HPOS="156.0"
                    VPOS="754.0"
                    WIDTH="653.0"
                    HEIGHT="64.0">
            <Shape><Polygon POINTS="158 791 158 816 805 818 809 789 803 754 156 760 158 791"/></Shape>
	    <String CONTENT="todos el Cedron en confusas tro-"
                    HPOS="156.0"
                    VPOS="754.0"
                    WIDTH="653.0"
                    HEIGHT="64.0"></String>
          </TextLine>

          
          
          <TextLine ID="line_11"
                    TAGREFS="LT83"
                    BASELINE="168 841 811 840" 
                    HPOS="164.0"
                    VPOS="805.0"
                    WIDTH="645.0"
                    HEIGHT="60.0">
            <Shape><Polygon POINTS="166 840 166 865 807 856 809 838 805 809 164 805 166 840"/></Shape>
	    <String CONTENT="pas, y á pie todos, hombres, y"
                    HPOS="164.0"
                    VPOS="805.0"
                    WIDTH="645.0"
                    HEIGHT="60.0"></String>
          </TextLine>

          
          
          <TextLine ID="line_12"
                    TAGREFS="LT83"
                    BASELINE="158 888 811 885" 
                    HPOS="154.0"
                    VPOS="852.0"
                    WIDTH="655.0"
                    HEIGHT="59.0">
            <Shape><Polygon POINTS="156 887 156 907 805 911 809 883 803 852 154 852 156 887"/></Shape>
	    <String CONTENT="mugeres, hechos todos al llan-"
                    HPOS="154.0"
                    VPOS="852.0"
                    WIDTH="655.0"
                    HEIGHT="59.0"></String>
          </TextLine>

          
          
          <TextLine ID="line_13"
                    TAGREFS="LT83"
                    BASELINE="158 935 811 932" 
                    HPOS="154.0"
                    VPOS="899.0"
                    WIDTH="655.0"
                    HEIGHT="59.0">
            <Shape><Polygon POINTS="156 934 156 952 805 958 809 930 803 899 154 899 156 934"/></Shape>
	    <String CONTENT="to, se encaminaron al Monte de"
                    HPOS="154.0"
                    VPOS="899.0"
                    WIDTH="655.0"
                    HEIGHT="59.0"></String>
          </TextLine>

          
          
          <TextLine ID="line_14"
                    TAGREFS="LT83"
                    BASELINE="159 982 811 979" 
                    HPOS="156.0"
                    VPOS="940.0"
                    WIDTH="653.0"
                    HEIGHT="65.0">
            <Shape><Polygon POINTS="158 981 158 1005 807 995 809 977 805 948 156 940 158 981"/></Shape>
	    <String CONTENT="las Olivas, trepando por sus lo-"
                    HPOS="156.0"
                    VPOS="940.0"
                    WIDTH="653.0"
                    HEIGHT="65.0"></String>
          </TextLine>

          
          
          <TextLine ID="line_15"
                    TAGREFS="LT83"
                    BASELINE="159 1029 811 1026" 
                    HPOS="156.0"
                    VPOS="991.0"
                    WIDTH="653.0"
                    HEIGHT="57.0">
            <Shape><Polygon POINTS="158 1028 158 1046 805 1048 809 1024 805 995 156 991 158 1028"/></Shape>
	    <String CONTENT="mas, y sus cuestas, afanado un"
                    HPOS="156.0"
                    VPOS="991.0"
                    WIDTH="653.0"
                    HEIGHT="57.0"></String>
          </TextLine>

          
          
          <TextLine ID="line_16"
                    TAGREFS="LT83"
                    BASELINE="159 1076 811 1075" 
                    HPOS="156.0"
                    VPOS="1032.0"
                    WIDTH="653.0"
                    HEIGHT="69.0">
            <Shape><Polygon POINTS="158 1075 158 1093 805 1101 809 1073 803 1032 156 1032 158 1075"/></Shape>
	    <String CONTENT="Rey, fatigadas unas Magestades,"
                    HPOS="156.0"
                    VPOS="1032.0"
                    WIDTH="653.0"
                    HEIGHT="69.0"></String>
          </TextLine>

          
          
          <TextLine ID="line_17"
                    TAGREFS="LT83"
                    BASELINE="158 1121 807 1122" 
                    HPOS="156.0"
                    VPOS="1081.0"
                    WIDTH="649.0"
                    HEIGHT="69.0">
            <Shape><Polygon POINTS="156 1120 156 1144 803 1150 805 1120 805 1091 156 1081 156 1120"/></Shape>
	    <String CONTENT="Reynas delicadas, Infantes tier-"
                    HPOS="156.0"
                    VPOS="1081.0"
                    WIDTH="649.0"
                    HEIGHT="69.0"></String>
          </TextLine>

          
          
          <TextLine ID="line_18"
                    TAGREFS="LT83"
                    BASELINE="156 1168 807 1167" 
                    HPOS="152.0"
                    VPOS="1130.0"
                    WIDTH="653.0"
                    HEIGHT="59.0">
            <Shape><Polygon POINTS="154 1167 154 1189 803 1187 805 1165 801 1136 152 1130 154 1167"/></Shape>
	    <String CONTENT="nos, y huyendo todos de un hi-"
                    HPOS="152.0"
                    VPOS="1130.0"
                    WIDTH="653.0"
                    HEIGHT="59.0"></String>
          </TextLine>

          
          
          <TextLine ID="line_19"
                    TAGREFS="LT83"
                    BASELINE="156 1218 807 1216" 
                    HPOS="152.0"
                    VPOS="1175.0"
                    WIDTH="653.0"
                    HEIGHT="72.0">
            <Shape><Polygon POINTS="154 1216 156 1247 207 1236 291 1246 293 1246 350 1236 801 1246 805 1214 801 1187 666 1187 664 1185 648 1175 646 1175 644 1175 642 1175 583 1185 572 1187 476 1187 474 1183 466 1177 466 1175 464 1175 462 1175 460 1175 458 1175 429 1183 415 1185 397 1183 356 1175 354 1175 152 1179 154 1216"/></Shape>
	    <String CONTENT="jo rebelado. Sumo dolor para"
                    HPOS="152.0"
                    VPOS="1175.0"
                    WIDTH="653.0"
                    HEIGHT="72.0"></String>
          </TextLine>

          
          
          <TextLine ID="line_31"
                    TAGREFS="LT83"
                    BASELINE="158 1264 561 1264" 
                    HPOS="158.0"
                    VPOS="1236.0"
                    WIDTH="403.0"
                    HEIGHT="53.0">
            <Shape><Polygon POINTS="158 1264 158 1287 262 1279 287 1285 304 1289 305 1289 367 1283 384 1282 394 1282 452 1289 453 1289 454 1289 455 1289 466 1281 468 1281 500 1286 501 1286 561 1278 561 1264 561 1238 158 1236 158 1264"/></Shape>
	    <String CONTENT="quien menos siente."
                    HPOS="158.0"
                    VPOS="1236.0"
                    WIDTH="403.0"
                    HEIGHT="53.0"></String>
          </TextLine>

          
          
          <TextLine ID="line_21"
                    TAGREFS="LT83"
                    BASELINE="202 1312 804 1310" 
                    HPOS="199.0"
                    VPOS="1271.0"
                    WIDTH="604.0"
                    HEIGHT="63.0">
            <Shape><Polygon POINTS="201 1310 201 1332 799 1334 803 1308 799 1277 199 1271 201 1310"/></Shape>
	    <String CONTENT="Mientras David iba huyendo,"
                    HPOS="199.0"
                    VPOS="1271.0"
                    WIDTH="604.0"
                    HEIGHT="63.0"></String>
          </TextLine>

          
          
          <TextLine ID="line_22"
                    TAGREFS="LT83"
                    BASELINE="156 1359 804 1357" 
                    HPOS="152.0"
                    VPOS="1318.0"
                    WIDTH="651.0"
                    HEIGHT="69.0">
            <Shape><Polygon POINTS="154 1357 154 1379 799 1387 803 1355 799 1328 172 1318 170 1318 168 1318 166 1318 152 1324 154 1357"/></Shape>
	    <String CONTENT="Absalon se iba acercando á Je-"
                    HPOS="152.0"
                    VPOS="1318.0"
                    WIDTH="651.0"
                    HEIGHT="69.0"></String>
          </TextLine>

          
          
          <TextLine ID="line_23"
                    TAGREFS="LT83"
                    BASELINE="154 1407 804 1406" 
                    HPOS="150.0"
                    VPOS="1373.0"
                    WIDTH="653.0"
                    HEIGHT="57.0">
            <Shape><Polygon POINTS="152 1406 152 1424 799 1430 803 1404 797 1373 150 1373 152 1406"/></Shape>
	    <String CONTENT="rusalem. Entró en la Ciudad, sin"
                    HPOS="150.0"
                    VPOS="1373.0"
                    WIDTH="653.0"
                    HEIGHT="57.0"></String>
          </TextLine>

          
          
          <TextLine ID="line_24"
                    TAGREFS="LT83"
                    BASELINE="154 1455 804 1452" 
                    HPOS="150.0"
                    VPOS="1410.0"
                    WIDTH="653.0"
                    HEIGHT="71.0">
            <Shape><Polygon POINTS="152 1453 152 1473 799 1481 803 1451 801 1420 785 1410 783 1410 781 1410 779 1410 777 1410 742 1420 542 1410 540 1410 538 1410 519 1420 517 1420 505 1420 374 1410 372 1410 370 1410 342 1418 335 1420 327 1418 295 1410 293 1410 291 1410 150 1416 152 1453"/></Shape>
	    <String CONTENT="hallar resistencia alguna, porque"
                    HPOS="150.0"
                    VPOS="1410.0"
                    WIDTH="653.0"
                    HEIGHT="71.0"></String>
          </TextLine>

          
          
          <TextLine ID="line_25"
                    TAGREFS="LT83"
                    BASELINE="152 1503 804 1500" 
                    HPOS="148.0"
                    VPOS="1463.0"
                    WIDTH="655.0"
                    HEIGHT="57.0">
            <Shape><Polygon POINTS="150 1502 150 1520 801 1516 803 1498 799 1467 148 1463 150 1502"/></Shape>
	    <String CONTENT="la encontró despoblada de gen-"
                    HPOS="148.0"
                    VPOS="1463.0"
                    WIDTH="655.0"
                    HEIGHT="57.0"></String>
          </TextLine>

          
          
          <TextLine ID="line_26"
                    TAGREFS="LT83"
                    BASELINE="150 1551 796 1548" 
                    HPOS="146.0"
                    VPOS="1506.0"
                    WIDTH="649.0"
                    HEIGHT="63.0">
            <Shape><Polygon POINTS="148 1549 148 1567 791 1569 795 1547 791 1506 146 1506 148 1549"/></Shape>
	    <String CONTENT="te. Fuése derecho al Alcazar, y"
                    HPOS="146.0"
                    VPOS="1506.0"
                    WIDTH="649.0"
                    HEIGHT="63.0"></String>
          </TextLine>

          
          
          <TextLine ID="line_27"
                    TAGREFS="LT83"
                    BASELINE="150 1597 796 1595" 
                    HPOS="146.0"
                    VPOS="1565.0"
                    WIDTH="649.0"
                    HEIGHT="53.0">
            <Shape><Polygon POINTS="148 1596 148 1618 793 1614 795 1594 791 1565 146 1565 148 1596"/></Shape>
	    <String CONTENT="apoderóse de él con mucha so-"
                    HPOS="146.0"
                    VPOS="1565.0"
                    WIDTH="649.0"
                    HEIGHT="53.0"></String>
          </TextLine>

          
          
          <TextLine ID="line_36"
                    TAGREFS="LT83"
                    BASELINE="151 1645 805 1643" 
                    HPOS="148.0"
                    VPOS="1606.0"
                    WIDTH="655.0"
                    HEIGHT="57.0">
            <Shape><Polygon POINTS="150 1643 150 1663 801 1663 803 1641 799 1614 148 1606 150 1643"/></Shape>
	    <String CONTENT="beranía. Las diez mancebas que"
                    HPOS="148.0"
                    VPOS="1606.0"
                    WIDTH="655.0"
                    HEIGHT="57.0"></String>
          </TextLine>

          
          
          <TextLine ID="line_37"
                    TAGREFS="LT83"
                    BASELINE="151 1692 805 1689" 
                    HPOS="148.0"
                    VPOS="1647.0"
                    WIDTH="655.0"
                    HEIGHT="69.0">
            <Shape><Polygon POINTS="150 1690 150 1712 799 1716 803 1688 797 1647 148 1647 150 1690"/></Shape>
	    <String CONTENT="habia dexado David en el Pala-"
                    HPOS="148.0"
                    VPOS="1647.0"
                    WIDTH="655.0"
                    HEIGHT="69.0"></String>
          </TextLine>

          
          
          <TextLine ID="line_38"
                    TAGREFS="LT83"
                    BASELINE="150 1739 800 1737" 
                    HPOS="146.0"
                    VPOS="1698.0"
                    WIDTH="653.0"
                    HEIGHT="65.0">
            <Shape><Polygon POINTS="148 1737 148 1759 795 1763 799 1735 795 1704 180 1698 178 1698 176 1698 146 1708 148 1737"/></Shape>
	    <String CONTENT="cio, como cosas tan propias del"
                    HPOS="146.0"
                    VPOS="1698.0"
                    WIDTH="653.0"
                    HEIGHT="65.0"></String>
          </TextLine>

          
          
          <TextLine ID="line_39"
                    TAGREFS="LT83"
                    BASELINE="151 1786 800 1784" 
                    HPOS="148.0"
                    VPOS="1747.0"
                    WIDTH="651.0"
                    HEIGHT="59.0">
            <Shape><Polygon POINTS="150 1784 150 1806 797 1804 799 1782 795 1747 148 1747 150 1784"/></Shape>
	    <String CONTENT="Rey, pensaron las trataría cortés"
                    HPOS="148.0"
                    VPOS="1747.0"
                    WIDTH="651.0"
                    HEIGHT="59.0"></String>
          </TextLine>

          
          
          <TextLine ID="line_40"
                    TAGREFS="LT83"
                    BASELINE="155 1835 801 1833" 
                    HPOS="152.0"
                    VPOS="1792.0"
                    WIDTH="647.0"
                    HEIGHT="69.0">
            <Shape><Polygon POINTS="154 1833 154 1861 211 1851 795 1855 799 1831 795 1800 315 1792 313 1792 152 1802 154 1833"/></Shape>
	    <String CONTENT="y comedido : mas fué muy al"
                    HPOS="152.0"
                    VPOS="1792.0"
                    WIDTH="647.0"
                    HEIGHT="69.0"></String>
          </TextLine>

          
          
          <TextLine ID="line_41"
                    TAGREFS="LT83"
                    BASELINE="150 1882 801 1879" 
                    HPOS="146.0"
                    VPOS="1839.0"
                    WIDTH="653.0"
                    HEIGHT="67.0">
            <Shape><Polygon POINTS="148 1880 148 1900 795 1906 799 1878 795 1841 201 1839 199 1839 146 1849 148 1880"/></Shape>
	    <String CONTENT="contrario, pues las acometió al"
                    HPOS="146.0"
                    VPOS="1839.0"
                    WIDTH="653.0"
                    HEIGHT="67.0"></String>
          </TextLine>

          
          
          <TextLine ID="line_42"
                    TAGREFS="LT83"
                    BASELINE="148 1930 801 1928" 
                    HPOS="145.0"
                    VPOS="1888.0"
                    WIDTH="654.0"
                    HEIGHT="65.0">
            <Shape><Polygon POINTS="146 1929 146 1947 795 1953 799 1927 795 1894 145 1888 146 1929"/></Shape>
	    <String CONTENT="honor con la mayor desenvol-"
                    HPOS="145.0"
                    VPOS="1888.0"
                    WIDTH="654.0"
                    HEIGHT="65.0"></String>
          </TextLine>

          
          
          <TextLine ID="line_43"
                    TAGREFS="LT83"
                    BASELINE="147 1977 801 1975" 
                    HPOS="145.0"
                    VPOS="1937.0"
                    WIDTH="654.0"
                    HEIGHT="57.0">
            <Shape><Polygon POINTS="146 1976 146 1994 797 1994 799 1974 795 1945 145 1937 146 1976"/></Shape>
	    <String CONTENT="tura que de Príncipe se ha di-"
                    HPOS="145.0"
                    VPOS="1937.0"
                    WIDTH="654.0"
                    HEIGHT="57.0"></String>
          </TextLine>

          
          
          <TextLine ID="line_44"
                    TAGREFS="LT83"
                    BASELINE="147 2025 801 2023" 
                    HPOS="145.0"
                    VPOS="1980.0"
                    WIDTH="654.0"
                    HEIGHT="69.0">
            <Shape><Polygon POINTS="791 1996 779 1984 768 1990 719 1980 715 1980 713 1980 711 1980 709 1980 689 1992 589 1992 572 1980 570 1980 568 1980 566 1980 564 1980 562 1980 546 1990 472 1982 454 1980 452 1980 425 1982 321 1990 303 1982 297 1980 295 1980 293 1980 291 1980 282 1982 248 1990 145 1984 146 2023 146 2049 797 2039 799 2021 791 1988 791 1996"/></Shape>
	    <String CONTENT="cho. ¿Pero qué arrojo no hará"
                    HPOS="145.0"
                    VPOS="1980.0"
                    WIDTH="654.0"
                    HEIGHT="69.0"></String>
          </TextLine>

          
          
          <TextLine ID="line_45"
                    TAGREFS="LT83"
                    BASELINE="148 2070 801 2072" 
                    HPOS="145.0"
                    VPOS="2033.0"
                    WIDTH="654.0"
                    HEIGHT="90.0">
            <Shape><Polygon POINTS="146 2068 145 2119 190 2121 192 2121 193 2121 201 2119 237 2104 266 2117 278 2121 280 2121 282 2123 417 2123 417 2121 466 2111 505 2102 534 2108 562 2115 564 2115 566 2115 568 2115 595 2108 613 2102 634 2106 687 2115 689 2115 797 2100 799 2070 797 2037 146 2033 146 2068"/></Shape>
	    <String CONTENT="quien á su mismo padre le quita"
                    HPOS="145.0"
                    VPOS="2033.0"
                    WIDTH="654.0"
                    HEIGHT="90.0"></String>
          </TextLine>

          
        </TextBlock>
        
        <TextBlock HPOS="822.0"
                   VPOS="142.0"
                   WIDTH="699.0"
                   HEIGHT="2006.0"
                   ID="block_0"
                   TAGREFS="BT227">
          <Shape><Polygon POINTS="1521 144 1521 2143 822 2148 836 142"/></Shape>
          
          
          <TextLine ID="eSc_line_91582cc2"
                    TAGREFS="LT83"
                    BASELINE="845 180 1486 177" 
                    HPOS="842.0"
                    VPOS="144.0"
                    WIDTH="643.0"
                    HEIGHT="57.0">
            <Shape><Polygon POINTS="1469 144 1450 144 1430 144 1410 144 1391 144 1371 144 1352 144 1332 144 1312 144 1293 144 1273 144 1254 144 1234 144 1214 144 1195 144 1175 144 1156 144 1136 144 1116 144 1097 144 1077 144 1058 144 1038 144 1018 144 999 144 979 144 960 144 940 144 921 144 901 144 881 144 862 144 842 144 844 178 844 195 1481 201 1485 176 1481 144 1469 144"/></Shape>
	    <String CONTENT="la Corona, y pretende quitarle"
                    HPOS="842.0"
                    VPOS="144.0"
                    WIDTH="643.0"
                    HEIGHT="57.0"></String>
          </TextLine>

          
          
          <TextLine ID="eSc_line_f5216d92"
                    TAGREFS="LT83"
                    BASELINE="845 225 1196 223" 
                    HPOS="842.0"
                    VPOS="184.0"
                    WIDTH="353.0"
                    HEIGHT="70.0">
            <Shape><Polygon POINTS="844 223 844 254 915 240 936 250 938 250 940 250 1009 240 1020 250 1020 252 1022 252 1024 252 1026 252 1165 240 1189 252 1195 221 1191 191 932 184 930 184 842 193 844 223"/></Shape>
	    <String CONTENT="tambien la vida?"
                    HPOS="842.0"
                    VPOS="184.0"
                    WIDTH="353.0"
                    HEIGHT="70.0"></String>
          </TextLine>

          
          
          <TextLine ID="line_33"
                    TAGREFS="LT83"
                    BASELINE="885 274 1493 274" 
                    HPOS="885.0"
                    VPOS="233.0"
                    WIDTH="608.0"
                    HEIGHT="67.0">
            <Shape><Polygon POINTS="885 274 887 299 904 292 965 299 973 299 974 299 975 299 977 299 999 289 1118 289 1128 297 1130 299 1131 299 1132 299 1133 300 1267 300 1267 299 1268 299 1269 299 1269 297 1271 296 1277 289 1294 296 1299 299 1301 299 1302 299 1318 296 1357 289 1395 289 1405 296 1409 299 1410 299 1412 299 1413 299 1493 295 1493 274 1493 246 1440 246 1440 245 1413 236 1412 236 1410 236 1409 236 1408 236 1393 245 1392 246 1311 246 1310 245 1284 236 1282 236 1281 236 1243 245 1241 245 1229 236 1228 236 1226 236 1225 236 1224 236 1196 245 1195 245 1179 233 1178 233 1177 233 1175 233 1174 233 1173 233 1161 242 1149 233 1148 233 1147 233 1145 233 1071 244 1060 245 1030 245 1030 244 1020 235 1020 233 1018 233 1017 233 1016 233 945 242 910 233 909 233 907 233 906 233 885 242 885 274"/></Shape>
	    <String CONTENT="Hallábase David con su gen-"
                    HPOS="885.0"
                    VPOS="233.0"
                    WIDTH="608.0"
                    HEIGHT="67.0"></String>
          </TextLine>

          
          
          <TextLine ID="eSc_line_ffce74cd"
                    TAGREFS="LT83"
                    BASELINE="843 320 1060 319 1487 323" 
                    HPOS="840.0"
                    VPOS="278.0"
                    WIDTH="645.0"
                    HEIGHT="66.0">
            <Shape><Polygon POINTS="842 319 840 335 1481 344 1485 321 1483 289 1128 289 1124 287 1081 278 1079 278 842 286 842 319"/></Shape>
	    <String CONTENT="te en el Monte de las Olivas."
                    HPOS="840.0"
                    VPOS="278.0"
                    WIDTH="645.0"
                    HEIGHT="66.0"></String>
          </TextLine>

          
          
          <TextLine ID="eSc_line_55459e51"
                    TAGREFS="LT83"
                    BASELINE="843 369 1493 368" 
                    HPOS="840.0"
                    VPOS="325.0"
                    WIDTH="651.0"
                    HEIGHT="68.0">
            <Shape><Polygon POINTS="842 368 842 387 1487 393 1491 366 1487 335 858 325 856 325 854 325 852 325 840 331 842 368"/></Shape>
	    <String CONTENT="ú Olivete, quando le asaltó otro"
                    HPOS="840.0"
                    VPOS="325.0"
                    WIDTH="651.0"
                    HEIGHT="68.0"></String>
          </TextLine>

          
          
          <TextLine ID="eSc_line_d0ebd7b0"
                    TAGREFS="LT83"
                    BASELINE="843 417 1489 417" 
                    HPOS="842.0"
                    VPOS="376.0"
                    WIDTH="645.0"
                    HEIGHT="66.0">
            <Shape><Polygon POINTS="842 415 842 436 1485 442 1487 415 1487 383 1283 376 1281 376 1230 380 1154 385 1079 378 1054 376 1052 376 1050 376 1048 376 1046 378 1030 387 909 387 842 376 842 415"/></Shape>
	    <String CONTENT="funesto cuidado, pues le dieron"
                    HPOS="842.0"
                    VPOS="376.0"
                    WIDTH="645.0"
                    HEIGHT="66.0"></String>
          </TextLine>

          
          
          <TextLine ID="line_34"
                    TAGREFS="LT83"
                    BASELINE="840 464 1493 464" 
                    HPOS="840.0"
                    VPOS="428.0"
                    WIDTH="653.0"
                    HEIGHT="57.0">
            <Shape><Polygon POINTS="840 464 840 484 1491 485 1493 464 1491 436 1417 437 1413 434 1405 428 1404 428 1403 428 1335 428 1333 428 1332 428 1316 434 1307 437 1293 434 1267 428 1265 428 1231 433 1217 436 1207 433 1186 428 1184 428 1183 428 1182 428 1171 433 1165 437 1128 433 1103 431 1102 431 1090 433 1077 436 1069 433 1058 428 1056 428 1055 428 1054 428 1039 432 1025 438 979 438 968 432 960 428 958 428 904 428 902 428 901 428 892 432 876 437 840 432 840 464"/></Shape>
	    <String CONTENT="noticia como Achitophel era"
                    HPOS="840.0"
                    VPOS="428.0"
                    WIDTH="653.0"
                    HEIGHT="57.0"></String>
          </TextLine>

          
          
          <TextLine ID="eSc_line_e6c5c96f"
                    TAGREFS="LT83"
                    BASELINE="843 510 1487 510" 
                    HPOS="842.0"
                    VPOS="478.0"
                    WIDTH="643.0"
                    HEIGHT="60.0">
            <Shape><Polygon POINTS="842 509 842 530 1483 538 1485 509 1485 479 842 478 842 509"/></Shape>
	    <String CONTENT="quien aconsejaba al Infante. Pen-"
                    HPOS="842.0"
                    VPOS="478.0"
                    WIDTH="643.0"
                    HEIGHT="60.0"></String>
          </TextLine>

          
          
          <TextLine ID="eSc_line_933be85f"
                    TAGREFS="LT83"
                    BASELINE="845 557 1491 557" 
                    HPOS="844.0"
                    VPOS="525.0"
                    WIDTH="645.0"
                    HEIGHT="50.0">
            <Shape><Polygon POINTS="844 556 844 575 1489 575 1489 556 1487 525 844 525 844 556"/></Shape>
	    <String CONTENT="saba eran solamente altiveces de"
                    HPOS="844.0"
                    VPOS="525.0"
                    WIDTH="645.0"
                    HEIGHT="50.0"></String>
          </TextLine>

          
          
          <TextLine ID="line_35"
                    TAGREFS="LT83"
                    BASELINE="845 604 1491 604" 
                    HPOS="844.0"
                    VPOS="572.0"
                    WIDTH="645.0"
                    HEIGHT="60.0">
            <Shape><Polygon POINTS="844 603 844 626 1487 632 1489 603 1489 572 844 572 844 603"/></Shape>
	    <String CONTENT="un rapaz soberbio. Era la astucia"
                    HPOS="844.0"
                    VPOS="572.0"
                    WIDTH="645.0"
                    HEIGHT="60.0"></String>
          </TextLine>

          
          
          <TextLine ID="eSc_line_ed10892d"
                    TAGREFS="LT83"
                    BASELINE="838 651 1490 651" 
                    HPOS="836.0"
                    VPOS="613.0"
                    WIDTH="653.0"
                    HEIGHT="66.0">
            <Shape><Polygon POINTS="836 650 836 670 1487 679 1489 650 1489 621 836 613 836 650"/></Shape>
	    <String CONTENT="de Achitophel mucha, y tal su"
                    HPOS="836.0"
                    VPOS="613.0"
                    WIDTH="653.0"
                    HEIGHT="66.0"></String>
          </TextLine>

          
          
          <TextLine ID="eSc_line_fea41c9d"
                    TAGREFS="LT83"
                    BASELINE="838 698 1489 694" 
                    HPOS="834.0"
                    VPOS="666.0"
                    WIDTH="653.0"
                    HEIGHT="60.0">
            <Shape><Polygon POINTS="836 697 836 724 883 715 956 715 966 722 966 724 968 724 969 724 971 726 1087 726 1087 724 1089 724 1091 724 1091 722 1093 720 1101 715 1124 720 1140 724 1142 724 1144 724 1146 724 1148 724 1152 720 1163 713 1207 720 1228 722 1230 722 1232 722 1240 719 1254 713 1291 719 1320 722 1322 722 1324 722 1326 722 1332 719 1340 713 1352 717 1365 722 1367 722 1369 722 1485 715 1487 693 1481 666 834 668 836 697"/></Shape>
	    <String CONTENT="ardid, que se vió un enten-"
                    HPOS="834.0"
                    VPOS="666.0"
                    WIDTH="653.0"
                    HEIGHT="60.0"></String>
          </TextLine>

          
          
          <TextLine ID="eSc_line_e74ae807"
                    TAGREFS="LT83"
                    BASELINE="838 744 1489 741" 
                    HPOS="834.0"
                    VPOS="701.0"
                    WIDTH="653.0"
                    HEIGHT="66.0">
            <Shape><Polygon POINTS="836 742 836 764 1483 767 1487 740 1483 705 877 701 875 701 873 701 834 711 836 742"/></Shape>
	    <String CONTENT="dimiento como el de David obli-"
                    HPOS="834.0"
                    VPOS="701.0"
                    WIDTH="653.0"
                    HEIGHT="66.0"></String>
          </TextLine>

          
          
          <TextLine ID="eSc_line_6bfb10a4"
                    TAGREFS="LT83"
                    BASELINE="838 791 1485 790" 
                    HPOS="836.0"
                    VPOS="762.0"
                    WIDTH="647.0"
                    HEIGHT="49.0">
            <Shape><Polygon POINTS="836 789 836 809 1481 811 1483 789 1483 762 836 762 836 789"/></Shape>
	    <String CONTENT="gado á pedir socorro al cielo,"
                    HPOS="836.0"
                    VPOS="762.0"
                    WIDTH="647.0"
                    HEIGHT="49.0"></String>
          </TextLine>

          
          
          <TextLine ID="eSc_line_e0b70a94"
                    TAGREFS="LT83"
                    BASELINE="838 840 1481 839" 
                    HPOS="836.0"
                    VPOS="805.0"
                    WIDTH="643.0"
                    HEIGHT="53.0">
            <Shape><Polygon POINTS="836 838 836 854 1477 858 1479 838 1477 805 836 807 836 838"/></Shape>
	    <String CONTENT="diciendo á su Dios : Señor, y"
                    HPOS="836.0"
                    VPOS="805.0"
                    WIDTH="643.0"
                    HEIGHT="53.0"></String>
          </TextLine>

          
          
          <TextLine ID="eSc_line_209153bc"
                    TAGREFS="LT83"
                    BASELINE="843 885 1485 882" 
                    HPOS="840.0"
                    VPOS="846.0"
                    WIDTH="643.0"
                    HEIGHT="59.0">
            <Shape><Polygon POINTS="842 883 842 905 1481 903 1483 881 1479 846 840 846 842 883"/></Shape>
	    <String CONTENT="Dios de mi alma, por quien sois"
                    HPOS="840.0"
                    VPOS="846.0"
                    WIDTH="643.0"
                    HEIGHT="59.0"></String>
          </TextLine>

          
          
          <TextLine ID="eSc_line_d047c5fc"
                    TAGREFS="LT83"
                    BASELINE="843 931 1486 928" 
                    HPOS="840.0"
                    VPOS="899.0"
                    WIDTH="645.0"
                    HEIGHT="57.0">
            <Shape><Polygon POINTS="842 930 842 952 1481 956 1485 926 1481 901 840 899 842 930"/></Shape>
	    <String CONTENT="os ruego que entontezcais los con-"
                    HPOS="840.0"
                    VPOS="899.0"
                    WIDTH="645.0"
                    HEIGHT="57.0"></String>
          </TextLine>

          
          
          <TextLine ID="eSc_line_aec887e7"
                    TAGREFS="LT83"
                    BASELINE="843 979 1487 976" 
                    HPOS="840.0"
                    VPOS="944.0"
                    WIDTH="645.0"
                    HEIGHT="57.0">
            <Shape><Polygon POINTS="842 977 842 1001 1483 1001 1485 975 1481 946 840 944 842 977"/></Shape>
	    <String CONTENT="sejos de chitophel, desatinad Se-"
                    HPOS="840.0"
                    VPOS="944.0"
                    WIDTH="645.0"
                    HEIGHT="57.0"></String>
          </TextLine>

          
          
          <TextLine ID="eSc_line_a3b5d9c2"
                    TAGREFS="LT83"
                    BASELINE="843 1026 1486 1023" 
                    HPOS="840.0"
                    VPOS="987.0"
                    WIDTH="645.0"
                    HEIGHT="65.0">
            <Shape><Polygon POINTS="842 1024 842 1050 1481 1052 1485 1022 1481 995 840 987 842 1024"/></Shape>
	    <String CONTENT="ñor su astucia, entorpeced su ar-"
                    HPOS="840.0"
                    VPOS="987.0"
                    WIDTH="645.0"
                    HEIGHT="65.0"></String>
          </TextLine>

          
          
          <TextLine ID="eSc_line_b763fa5f"
                    TAGREFS="LT83"
                    BASELINE="843 1074 1486 1073" 
                    HPOS="840.0"
                    VPOS="1032.0"
                    WIDTH="645.0"
                    HEIGHT="69.0">
            <Shape><Polygon POINTS="842 1073 842 1089 877 1101 879 1101 881 1101 883 1101 915 1091 917 1091 919 1091 958 1101 960 1101 962 1101 964 1101 995 1093 1001 1091 1013 1093 1064 1101 1066 1101 1113 1095 1134 1091 1150 1095 1173 1101 1175 1101 1177 1101 1179 1101 1195 1095 1209 1091 1483 1099 1485 1071 1481 1040 860 1032 858 1032 856 1032 854 1032 840 1040 842 1073"/></Shape>
	    <String CONTENT="did, y frustrad su entendimiento."
                    HPOS="840.0"
                    VPOS="1032.0"
                    WIDTH="645.0"
                    HEIGHT="69.0"></String>
          </TextLine>

          
          
          <TextLine ID="eSc_line_0de54061"
                    TAGREFS="LT83"
                    BASELINE="840 1123 1482 1124" 
                    HPOS="838.0"
                    VPOS="1083.0"
                    WIDTH="643.0"
                    HEIGHT="61.0">
            <Shape><Polygon POINTS="838 1122 838 1140 1479 1144 1481 1122 1481 1089 838 1083 838 1122"/></Shape>
	    <String CONTENT="Oyóle Dios á David sus ruegos,"
                    HPOS="838.0"
                    VPOS="1083.0"
                    WIDTH="643.0"
                    HEIGHT="61.0"></String>
          </TextLine>

          
          
          <TextLine ID="eSc_line_c83a4177"
                    TAGREFS="LT83"
                    BASELINE="840 1167 1484 1166" 
                    HPOS="838.0"
                    VPOS="1132.0"
                    WIDTH="645.0"
                    HEIGHT="59.0">
            <Shape><Polygon POINTS="838 1165 838 1191 1483 1189 1483 1165 1481 1132 838 1136 838 1165"/></Shape>
	    <String CONTENT="en medio que le castigaba, por-"
                    HPOS="838.0"
                    VPOS="1132.0"
                    WIDTH="645.0"
                    HEIGHT="59.0"></String>
          </TextLine>

          
          
          <TextLine ID="eSc_line_a34daa47"
                    TAGREFS="LT83"
                    BASELINE="840 1216 1485 1214" 
                    HPOS="836.0"
                    VPOS="1173.0"
                    WIDTH="647.0"
                    HEIGHT="71.0">
            <Shape><Polygon POINTS="838 1214 838 1244 1481 1242 1483 1212 1475 1173 1454 1183 836 1177 838 1214"/></Shape>
	    <String CONTENT="que como Padre amoroso sabe"
                    HPOS="836.0"
                    VPOS="1173.0"
                    WIDTH="647.0"
                    HEIGHT="71.0"></String>
          </TextLine>

          
          
          <TextLine ID="line_20"
                    TAGREFS="LT83"
                    BASELINE="835 1263 1482 1265" 
                    HPOS="832.0"
                    VPOS="1226.0"
                    WIDTH="649.0"
                    HEIGHT="63.0">
            <Shape><Polygon POINTS="834 1261 832 1285 1477 1289 1481 1263 1477 1226 834 1230 834 1261"/></Shape>
	    <String CONTENT="al mismo tiempo que azota,"
                    HPOS="832.0"
                    VPOS="1226.0"
                    WIDTH="649.0"
                    HEIGHT="63.0"></String>
          </TextLine>

          
          
          <TextLine ID="eSc_line_6cfefcc4"
                    TAGREFS="LT83"
                    BASELINE="835 1310 1484 1308" 
                    HPOS="832.0"
                    VPOS="1275.0"
                    WIDTH="651.0"
                    HEIGHT="51.0">
            <Shape><Polygon POINTS="834 1308 834 1326 1481 1324 1483 1306 1479 1279 832 1275 834 1308"/></Shape>
	    <String CONTENT="templar el azote con su benigni-"
                    HPOS="832.0"
                    VPOS="1275.0"
                    WIDTH="651.0"
                    HEIGHT="51.0"></String>
          </TextLine>

          
          
          <TextLine ID="eSc_line_ce649f25"
                    TAGREFS="LT83"
                    BASELINE="835 1357 1484 1355" 
                    HPOS="832.0"
                    VPOS="1314.0"
                    WIDTH="651.0"
                    HEIGHT="69.0">
            <Shape><Polygon POINTS="834 1355 834 1383 1483 1381 1483 1353 1479 1326 1322 1314 1320 1314 1318 1314 1316 1314 1307 1324 1267 1314 1265 1314 1263 1314 1199 1324 1193 1326 1101 1326 1099 1324 1085 1314 1083 1314 1081 1314 1079 1314 1077 1314 1058 1324 1056 1324 1052 1324 997 1314 995 1314 832 1322 834 1355"/></Shape>
	    <String CONTENT="dad. Vino luego á David Chu-"
                    HPOS="832.0"
                    VPOS="1314.0"
                    WIDTH="651.0"
                    HEIGHT="69.0"></String>
          </TextLine>

          
          
          <TextLine ID="eSc_line_d23da2f4"
                    TAGREFS="LT83"
                    BASELINE="837 1405 1481 1404" 
                    HPOS="834.0"
                    VPOS="1373.0"
                    WIDTH="645.0"
                    HEIGHT="57.0">
            <Shape><Polygon POINTS="836 1404 836 1428 1475 1430 1479 1402 1475 1373 834 1373 836 1404"/></Shape>
	    <String CONTENT="sai, un Consejero de los mas lea-"
                    HPOS="834.0"
                    VPOS="1373.0"
                    WIDTH="645.0"
                    HEIGHT="57.0"></String>
          </TextLine>

          
          
          <TextLine ID="eSc_line_7da85a10"
                    TAGREFS="LT83"
                    BASELINE="837 1452 1481 1449" 
                    HPOS="834.0"
                    VPOS="1420.0"
                    WIDTH="645.0"
                    HEIGHT="59.0">
            <Shape><Polygon POINTS="834 1430 836 1451 836 1475 1475 1479 1479 1447 1475 1420 842 1420 834 1430"/></Shape>
	    <String CONTENT="les, que tenia bien intenciona-"
                    HPOS="834.0"
                    VPOS="1420.0"
                    WIDTH="645.0"
                    HEIGHT="59.0"></String>
          </TextLine>

          
          
          <TextLine ID="eSc_line_d49e9df8"
                    TAGREFS="LT83"
                    BASELINE="837 1499 1481 1496" 
                    HPOS="834.0"
                    VPOS="1461.0"
                    WIDTH="645.0"
                    HEIGHT="65.0">
            <Shape><Polygon POINTS="836 1498 836 1526 1477 1526 1479 1494 1473 1461 834 1467 836 1498"/></Shape>
	    <String CONTENT="do, al paso que entendido, hu-"
                    HPOS="834.0"
                    VPOS="1461.0"
                    WIDTH="645.0"
                    HEIGHT="65.0"></String>
          </TextLine>

          
          
          <TextLine ID="eSc_line_8173da82"
                    TAGREFS="LT83"
                    BASELINE="839 1548 1482 1545" 
                    HPOS="836.0"
                    VPOS="1510.0"
                    WIDTH="645.0"
                    HEIGHT="61.0">
            <Shape><Polygon POINTS="838 1547 838 1567 1477 1571 1481 1543 1477 1512 836 1510 838 1547"/></Shape>
	    <String CONTENT="yendo de Jerusalem. Alegróse mu-"
                    HPOS="836.0"
                    VPOS="1510.0"
                    WIDTH="645.0"
                    HEIGHT="61.0"></String>
          </TextLine>

          
          
          <TextLine ID="eSc_line_2cdfd0d5"
                    TAGREFS="LT83"
                    BASELINE="839 1595 1476 1593" 
                    HPOS="836.0"
                    VPOS="1559.0"
                    WIDTH="639.0"
                    HEIGHT="61.0">
            <Shape><Polygon POINTS="838 1594 838 1612 1295 1620 1297 1620 1299 1620 1332 1610 1455 1620 1457 1620 1459 1620 1461 1620 1475 1608 1475 1592 1469 1559 836 1559 838 1594"/></Shape>
	    <String CONTENT="cho David luego que le vió, y"
                    HPOS="836.0"
                    VPOS="1559.0"
                    WIDTH="639.0"
                    HEIGHT="61.0"></String>
          </TextLine>

          
          
          <TextLine ID="eSc_line_d13b228c"
                    TAGREFS="LT83"
                    BASELINE="835 1642 1481 1640" 
                    HPOS="832.0"
                    VPOS="1596.0"
                    WIDTH="647.0"
                    HEIGHT="65.0">
            <Shape><Polygon POINTS="834 1641 834 1661 1477 1659 1479 1639 1471 1596 1452 1606 832 1598 834 1641"/></Shape>
	    <String CONTENT="le dixo: &#39;&#39; Chusai amigo, aunque"
                    HPOS="832.0"
                    VPOS="1596.0"
                    WIDTH="647.0"
                    HEIGHT="65.0"></String>
          </TextLine>

          
          
          <TextLine ID="eSc_line_68270fa8"
                    TAGREFS="LT83"
                    BASELINE="835 1689 1478 1686" 
                    HPOS="832.0"
                    VPOS="1651.0"
                    WIDTH="645.0"
                    HEIGHT="67.0">
            <Shape><Polygon POINTS="834 1688 834 1718 1475 1706 1477 1684 1471 1651 832 1659 834 1688"/></Shape>
	    <String CONTENT="&quot;es verdad que tu esposa, y tus"
                    HPOS="832.0"
                    VPOS="1651.0"
                    WIDTH="645.0"
                    HEIGHT="67.0"></String>
          </TextLine>

          
          
          <TextLine ID="eSc_line_75251080"
                    TAGREFS="LT83"
                    BASELINE="833 1736 1480 1734" 
                    HPOS="830.0"
                    VPOS="1702.0"
                    WIDTH="649.0"
                    HEIGHT="59.0">
            <Shape><Polygon POINTS="832 1735 832 1761 1479 1761 1479 1733 1473 1702 830 1702 832 1735"/></Shape>
	    <String CONTENT="&quot;consejos me pueden ser de mu-"
                    HPOS="830.0"
                    VPOS="1702.0"
                    WIDTH="649.0"
                    HEIGHT="59.0"></String>
          </TextLine>

          
          
          <TextLine ID="eSc_line_06c1cd85"
                    TAGREFS="LT83"
                    BASELINE="833 1784 1477 1782" 
                    HPOS="830.0"
                    VPOS="1747.0"
                    WIDTH="645.0"
                    HEIGHT="63.0">
            <Shape><Polygon POINTS="832 1782 832 1810 903 1802 1126 1806 1406 1810 1408 1810 1475 1798 1475 1780 1469 1747 830 1747 832 1782"/></Shape>
	    <String CONTENT="&quot;cho provecho aqui, de mas"
                    HPOS="830.0"
                    VPOS="1747.0"
                    WIDTH="645.0"
                    HEIGHT="63.0"></String>
          </TextLine>

          
          
          <TextLine ID="eSc_line_ff7d0a6e"
                    TAGREFS="LT83"
                    BASELINE="837 1833 1474 1831" 
                    HPOS="834.0"
                    VPOS="1790.0"
                    WIDTH="639.0"
                    HEIGHT="71.0">
            <Shape><Polygon POINTS="836 1831 836 1861 1034 1851 1469 1859 1473 1829 1469 1796 1018 1790 1017 1790 834 1800 836 1831"/></Shape>
	    <String CONTENT="&quot;me pueden servir en Jerusalem;"
                    HPOS="834.0"
                    VPOS="1790.0"
                    WIDTH="639.0"
                    HEIGHT="71.0"></String>
          </TextLine>

          
          
          <TextLine ID="eSc_line_8c165820"
                    TAGREFS="LT83"
                    BASELINE="837 1879 1474 1876" 
                    HPOS="834.0"
                    VPOS="1839.0"
                    WIDTH="639.0"
                    HEIGHT="69.0">
            <Shape><Polygon POINTS="836 1878 836 1908 893 1898 1469 1898 1473 1874 1469 1847 879 1839 877 1839 875 1839 834 1849 836 1878"/></Shape>
	    <String CONTENT="&quot;porque si tú con tu buen ar-"
                    HPOS="834.0"
                    VPOS="1839.0"
                    WIDTH="639.0"
                    HEIGHT="69.0"></String>
          </TextLine>

          
          
          <TextLine ID="eSc_line_8cc13841"
                    TAGREFS="LT83"
                    BASELINE="837 1928 1474 1926" 
                    HPOS="834.0"
                    VPOS="1884.0"
                    WIDTH="639.0"
                    HEIGHT="71.0">
            <Shape><Polygon POINTS="836 1927 836 1955 1408 1955 1408 1953 1473 1941 1473 1925 1467 1884 942 1892 893 1884 891 1884 834 1894 836 1927"/></Shape>
	    <String CONTENT="&quot;did te puedes introducir con"
                    HPOS="834.0"
                    VPOS="1884.0"
                    WIDTH="639.0"
                    HEIGHT="71.0"></String>
          </TextLine>

          
          
          <TextLine ID="eSc_line_f7c52123"
                    TAGREFS="LT83"
                    BASELINE="837 1974 1473 1972" 
                    HPOS="834.0"
                    VPOS="1931.0"
                    WIDTH="637.0"
                    HEIGHT="69.0">
            <Shape><Polygon POINTS="836 1972 836 2000 1469 1990 1471 1970 1467 1931 883 1931 881 1931 834 1941 836 1972"/></Shape>
	    <String CONTENT="&quot;Absalon, podrás tener con él"
                    HPOS="834.0"
                    VPOS="1931.0"
                    WIDTH="637.0"
                    HEIGHT="69.0"></String>
          </TextLine>

          
          
          <TextLine ID="eSc_line_056f0978"
                    TAGREFS="LT83"
                    BASELINE="837 2022 1472 2020" 
                    HPOS="834.0"
                    VPOS="1984.0"
                    WIDTH="637.0"
                    HEIGHT="65.0">
            <Shape><Polygon POINTS="836 2021 836 2049 1471 2039 1471 2019 1467 1990 834 1984 836 2021"/></Shape>
	    <String CONTENT="&quot;mano, y cabida, para destruir"
                    HPOS="834.0"
                    VPOS="1984.0"
                    WIDTH="637.0"
                    HEIGHT="65.0"></String>
          </TextLine>

          
          
          <TextLine ID="eSc_line_05f113a5"
                    TAGREFS="LT83"
                    BASELINE="837 2072 1469 2074" 
                    HPOS="834.0"
                    VPOS="2031.0"
                    WIDTH="633.0"
                    HEIGHT="77.0">
            <Shape><Polygon POINTS="836 2070 834 2104 1369 2098 1405 2108 1406 2108 1408 2108 1410 2108 1412 2108 1424 2098 1461 2108 1467 2072 1463 2031 836 2035 836 2070"/></Shape>
	    <String CONTENT="&quot;con tu prudencia los consejos,"
                    HPOS="834.0"
                    VPOS="2031.0"
                    WIDTH="633.0"
                    HEIGHT="77.0"></String>
          </TextLine>

          
        </TextBlock>
        

        
      </PrintSpace>
    </Page>
  </Layout>
</alto>
