1676 2347
1433 113 58 63 7

156.0 174.0 650.0 39.0 Saul, y al punto le mandó bus-

160.0 207.0 646.0 57.0 car, y que se le traxesen á su

160.0 249.0 652.0 61.0 presencia. Llegó David delante

156.0 291.0 652.0 63.0 del Rey, y le dixo: "Yo soy, Se-

158.0 338.0 656.0 66.0 "ñor, de quien estais informa-

160.0 385.0 646.0 58.0 "do, y porque veais, que cor-

156.0 440.0 650.0 50.0 "responde mi esfuerzo á lo que

156.0 487.0 654.0 52.0 "he dicho, solo espero la licen-

156.0 533.0 652.0 53.0 "cia vuestra para ir á domar los

156.0 576.0 646.0 65.0 "brios de ese Philisteo, que el

162.0 623.0 646.0 63.0 "zelo de la Ley, y la honra

161.0 676.0 283.0 48.0 "me excitan."

203.0 719.0 603.0 63.0 Gustó mucho el Rey de su

162.0 766.0 644.0 65.0 varonil denuedo, y habiendole

156.0 816.0 648.0 56.0 mandado vestir con sus propias

156.0 858.0 650.0 61.0 armas, el gallardo mancebo ha-

154.0 907.0 652.0 59.0 llóse tan embarazado, que ape-

156.0 960.0 646.0 58.0 nas podia moverse. Dexólas,

158.0 1007.0 648.0 60.0 pues, y tomando solo su baculo,

160.0 1044.0 640.0 66.0 y honda, salió en busca del ene-

158.0 1105.0 644.0 58.0 migo. Llegó á un arroyo, y es-

156.0 1140.0 646.0 68.0 cogiendo cinco piedras, metió-

154.0 1191.0 648.0 62.0 las en su zurron. Confiado, y va-

154.0 1236.0 640.0 68.0 liente, se acercó al Gigante, el

162.0 1288.0 632.0 53.0 qual viendole muchacho, y des-

154.0 1331.0 644.0 65.0 armado, le empezó á ultrajar,

162.0 1374.0 636.0 71.0 y menospreciar. Satisfizo David

154.0 1429.0 644.0 61.0 á sus arrogancias, y ultrages,

154.0 1470.0 648.0 61.0 diciendole : "Ningun temor me

152.0 1523.0 654.0 61.0 "causan tus amenazas, y tus ar-

152.0 1570.0 646.0 63.0 "mas ; yo vengo á pelear en

152.0 1617.0 646.0 53.0 "nombre del Señor de los Exér-

156.0 1666.0 636.0 53.0 "citos; á quien hoy has menos-

156.0 1705.0 636.0 68.0 "preciado, por lo que mi Dios

156.0 1764.0 642.0 54.0 "te pondrá luego en mis manos,

154.0 1803.0 646.0 66.0 "te cortaré la cabeza, y los ca-

152.0 1856.0 642.0 60.0 "daveres frios de tus gentes, de

152.0 1897.0 642.0 60.0 "que te será presto tumba esta

152.0 1942.0 640.0 64.0 "campaña, los daré por susten-

154.0 1998.0 646.0 61.0 "to á las bestias, para que co-

152.0 2039.0 648.0 73.0 "nozca el Mundo, quien es el

845.0 150.0 633.0 67.0 "Dios de Israél, que para sal-

843.0 197.0 637.0 68.0 "var su Pueblo, no necesita de

839.0 246.0 186.0 64.0 "armas."

883.0 301.0 597.0 56.0 Encendido en cólera Goliat,

843.0 342.0 637.0 64.0 arremetió contra David con su

847.0 387.0 635.0 60.0 lanza, y retirandose lo bastante

839.0 440.0 641.0 56.0 el gallardo joven, quanto le da-

839.0 481.0 641.0 68.0 ba lugar para jugar su honda,

843.0 528.0 637.0 66.0 le arrojó con tal brio una piedra,

849.0 576.0 631.0 59.0 que dandole en la frente, ca yó

843.0 625.0 637.0 63.0 aquel monte de carne en el sue-

837.0 672.0 647.0 62.0 lo, privado de sentido, y aliento.

841.0 721.0 643.0 61.0 Corrió David pronto á él, y con

838.0 766.0 642.0 57.0 su misma espada le cortó la ca-

832.0 814.0 648.0 56.0 beza. Los Philisteos, que por las

841.0 862.0 639.0 61.0 cumbres de los montes estaban

843.0 909.0 639.0 55.0 á la mira, asi tambien como los

845.0 956.0 635.0 62.0 Israélitas, luego que vieron el

838.0 1007.0 642.0 58.0 estrago de su Capitan , echaron

838.0 1056.0 642.0 58.0 á huir precipitadamente. Siguie-

838.0 1103.0 642.0 58.0 ronles los de Saul, haciendo en

832.0 1150.0 646.0 50.0 ellos tal mortandad, que en bre-

834.0 1196.0 646.0 59.0 ve se cubrió todo el campo de

830.0 1238.0 646.0 66.0 cadaveres. Cogieron muchísi-

830.0 1292.0 644.0 61.0 mos, y ricos despojos ; y Da-

828.0 1331.0 646.0 65.0 vid, á quien todo se le debia,

830.0 1384.0 644.0 59.0 solo se contentó con las armas

830.0 1433.0 646.0 63.0 del Gigante, que ofreció á su

839.0 1472.0 351.0 65.0 Dios en obsequio.

883.0 1519.0 593.0 61.0 Gozoso Saul, mandó á Ab-

834.0 1564.0 644.0 65.0 ner se informase, ¿quién era aquel

834.0 1617.0 640.0 61.0 mancebo que tan valerosamente

832.0 1666.0 644.0 61.0 los habia libertado de la muerte?

830.0 1713.0 648.0 55.0 Abner cumplió el precepto, con

832.0 1756.0 646.0 64.0 traer á David á la presencia del

836.0 1809.0 640.0 54.0 Rey, para que él mismo le in-

828.0 1852.0 648.0 62.0 formase. Preguntóle Saul con

834.0 1899.0 640.0 58.0 mucho agrado, ¿quién era? ¿Qué

828.0 1944.0 644.0 56.0 linage, y padre era el suyo? A

836.0 1989.0 636.0 64.0 que respondió David: "Ya igno-

830.0 2041.0 644.0 83.0 "ras, Señor, ya desconoces, mi
