1860 2629
199.0 1270.0 1364.0 145.0 LAS FALTAS DE LOS HOMBRES

144.0 1408.0 1457.0 88.0 Sacadas a relucir por un congreso de mujeres de experiencia.

179.0 1472.0 1391.0 87.0 a fin de que las muchachas casaderas sepan de que defectos

313.0 1516.0 1117.0 92.0 adolecen y como se han de conducir con ellos.

397.0 1573.0 958.0 107.0 VAN AL FIN UNOS TROVOS DE AMOR

190.0 1702.0 544.0 85.0 Desde tiempo inmemorial,

144.0 1772.0 494.0 63.0 los hombres a su placer.

149.0 1831.0 467.0 57.0 han dicho de la mujer

144.0 1877.0 571.0 68.0 cuanto han querido de mal.

193.0 1936.0 493.0 68.0 Serpiente, arpía infernal

146.0 1980.0 632.0 79.0 la llaman y otros mil nombres,

144.0 2048.0 606.0 55.0 así es que hoy no te asombres

146.0 2096.0 446.0 61.0 noble auditorio al oir

146.0 2144.0 476.0 68.0 que saquemos a relucir

144.0 2201.0 557.0 64.0 los defectos de los hombres.

190.0 2256.0 487.0 72.0 Ingratos, falsos, arteros,

142.0 2302.0 483.0 77.0 Inconstantes, bailarines,

142.0 2366.0 511.0 72.0 son Danieles, Valentines,

149.0 2414.0 451.0 127.0 Viorianos y Valeros.

940.0 1708.0 547.0 92.0 Los Juanes y Baldomeros,

890.0 1774.0 480.0 75.0 Andreses y Celestinos,

890.0 1824.0 529.0 75.0 son amigos de los vinos,

890.0 1884.0 480.0 68.0 aguardientes y licores;

901.0 1934.0 559.0 79.0 y también los Salvadores,

897.0 2000.0 506.0 65.0 los Modestos y Rufinos.

936.0 2044.0 417.0 70.0 Para tiranos crueles

886.0 2094.0 552.0 83.0 los Guillermos y Eduardos,

888.0 2155.0 533.0 79.0 y amigos de picos pardos

888.0 2206.0 447.0 68.0 Serafines y Manueles.

934.0 2256.0 513.0 96.0 Los Donatos y Migueles,

892.0 2313.0 413.0 75.0 Benitos y Simeones,

886.0 2368.0 506.0 74.0 son fulleros, correntones,

881.0 2431.0 524.0 108.0 propensos a embriagarse
