1753 2480
394.0 76.0 823.0 87.0 La imájen hel de su adorada hermosa

339.0 144.0 535.0 64.0 mira brillar ilusion falaz,

336.0 194.0 652.0 70.0 véla despues fugarse presurosa

332.0 231.0 693.0 76.0 sin atender al ruego de piedad.

343.0 281.0 729.0 76.0 nunca jamas su desventura impía

341.0 330.0 777.0 79.0 podrá calmar con su delicia, amor;

334.0 386.0 610.0 70.0 tan solo ya bajo la losa fria

339.0 421.0 828.0 99.0 puede encontrar piedad el Trobador.

419.0 516.0 796.0 91.0 Si hay una flor que cojas, ó enemiga,

345.0 576.0 672.0 70.0 para adornar mi fúnebre ataud,

343.0 628.0 630.0 72.0 seré feliz el dia que consiga

343.0 673.0 591.0 68.0 dejar alli dormido mi laud;

343.0 713.0 789.0 72.0 á ti, mi bien, los últimos quejidos

343.0 768.0 707.0 66.0 de su laud dedica el Trobador,

351.0 816.0 750.0 76.0 y el corazon, suspensos sus latidos,

347.0 865.0 804.0 85.0 quiere á tus pies agonizar de amor.

423.0 944.0 747.0 89.0 Yo de tu voz la armónica dulzura

349.0 1012.0 670.0 70.0 sentí feliz mi pecho penetrar,

351.0 1066.0 672.0 64.0 ha! yo te vi, romantica figura,

349.0 1105.0 781.0 73.0 sin tu cendal mis lagrimas horrar:

353.0 1157.0 926.0 76.0 Y ahora por fin en mi afliccion me dejas;

351.0 1209.0 641.0 70.0 ha! compasion palia mi dolor!

355.0 1246.0 934.0 82.0 ven Anjel, ven, que al ecsalar mis quejas

351.0 1308.0 783.0 68.0 quiero á tus pies agonizar de amor.

359.0 1382.0 852.0 89.0 Yo Trobador; yo pobre y sin fortuna,

351.0 1444.0 769.0 68.0 esé mirar las gracias de tu tez.....

355.0 1490.0 812.0 74.0 ay! yo te vi mas bella que la luna,

353.0 1543.0 794.0 75.0 yo te adoré.... perdona mi altivez:

349.0 1587.0 771.0 70.0 sin otro bien que su laud inerte

355.0 1632.0 839.0 81.0 que es para tí tan mísero amador....?

357.0 1671.0 937.0 100.0 piedad por Dios.... no quiero merecerte

359.0 1736.0 811.0 93.0 quiero á tus pies agonizar de amor.

438.0 1816.0 785.0 85.0 Te ví por fin....acércate Anjel mio,

365.0 1874.0 718.0 83.0 á ti; mi bien, y solamente á tí,

359.0 1926.0 616.0 70.0 dirije mi cántico sombrio

365.0 1969.0 757.0 83.0 que dictara mi acerbo frenesí....

374.0 2012.0 783.0 85.0 Llegaste ya.... ¡Señora tanta suerte!

367.0 2064.0 821.0 87.0 y.... mi rival .. no llegues ¡O furor!

361.0 2108.0 868.0 84.0 su acero atroz her ¡do me ha de muerte

365.0 2163.0 844.0 122.0 tengo á tus pies á agonizar de amor.
