1860 2629
734 214 310 88 Núm. 150.

596.0 963.0 570.0 117.0 RELACION

177.0 1080.0 1417.0 135.0 VIDA Y MUERTE DE SANSON.

265.0 1288.0 597.0 72.0 Duque excelso de Antioqnia,

162.0 1336.0 664.0 74.0 Principe heroico de Tiro,

153.0 1391.0 522.0 70.0 jurado Rey de Samaria,

153.0 1443.0 651.0 70.0 grande Emperador de Egipto,

149.0 1494.0 666.0 68.0 mi calidad, patria y nombre,

153.0 1551.0 537.0 54.0 mis hazañas y prodigios

149.0 1594.0 544.0 64.0 escucha, para que sepas

149.0 1643.0 620.0 63.0 al hombre que has ofendido:

146.0 1686.0 691.0 79.0 Mi concepcion, porque en todo

146.0 1741.0 604.0 75.0 fuese asombro de los siglos,

149.0 1803.0 590.0 59.0 á mis padres fue anunciada

146.0 1851.0 564.0 61.0 de un celestial Paraninfo,

144.0 1892.0 658.0 77.0 favor, que entonces por raro,

146.0 1947.0 512.0 70.0 tanta novedad les hizo,

149.0 2000.0 546.0 68.0 que si le creyeron justos,

146.0 2057.0 580.0 63.0 tambien lo dudaron tibios,

149.0 2101.0 614.0 74.0 porque era mi Madre esteril;

149.0 2155.0 502.0 68.0 pero el efecto les dixo,

149.0 2206.0 587.0 65.0 que todo á Dios es posible,

153.0 2252.0 562.0 72.0 porque en todo es infinito.

149.0 2309.0 614.0 72.0 Nací, Sanson me llamaron,

146.0 2350.0 490.0 73.0 cuyo sagrado apellido,

151.0 2405.0 509.0 72.0 Sol significa en Hebreo.

155.0 2462.0 606.0 96.0 y en lengua Siria Ministro.

881.0 1296.0 579.0 62.0 Crecí en virtudes morales,

890.0 1345.0 472.0 59.0 hice varios ejercicios,

890.0 1386.0 540.0 75.0 estudié diversas ciencias,

897.0 1448.0 489.0 63.0 visité Reynos distintos

899.0 1487.0 658.0 75.0 Y en fin, por orden del Cielo,

894.0 1542.0 481.0 66.0 Capitan quedé elegido

890.0 1594.0 509.0 66.0 de las tropas de Israel.

901.0 1643.0 594.0 70.0 y Juez de sus doce Tribus:

892.0 1700.0 533.0 65.0 Para cuya gran funcion.

890.0 1743.0 619.0 77.0 piadoso el Cielo y propicio,

888.0 1800.0 555.0 68.0 me dotó de tales fuerzas,

886.0 1853.0 570.0 63.0 me adornó de tales brios,

890.0 1899.0 638.0 74.0 que como al hombre primero

890.0 1949.0 421.0 70.0 en el sacro Paraiso

890.0 2013.0 524.0 59.0 se postraron obedientes,

892.0 2055.0 542.0 67.0 ya el Rinoceronte altivo,

892.0 2101.0 540.0 76.0 ya el Jabalí ensortijado,

897.0 2160.0 673.0 68.0 ya el Tigre á mancnas vestido,

890.0 2206.0 715.0 76.0 ya el Lince, que parte un roble,

890.0 2254.0 695.0 74.0 ya el Oso, que hiende un pino,

890.0 2311.0 724.0 63.0 ya el Toro, que ruinia el heno,

892.0 2370.0 704.0 64.0 ya el Ciervo, que pace el risco,

894.0 2416.0 700.0 66.0 y ya el Leon que con hambre,

892.0 2469.0 632.0 118.0 turbando el monte á rugidos,
