1860 2629
250.0 245.0 638.0 66.0 que es la paz de las mugeres,

254.0 286.0 555.0 73.0 y el honor de los maridos.

241.0 326.0 555.0 83.0 Pero si ruegos y alhagos,

236.0 389.0 593.0 73.0 ansias, lastimas, suspiros,

234.0 427.0 608.0 92.0 llantos, ternuras y afectos,

234.0 492.0 581.0 77.0 penas, dolores, martirios,

230.0 545.0 669.0 70.0 no bastaren, manda, ordena,

221.0 591.0 614.0 75.0 que me maten tus Ministros;

223.0 637.0 696.0 81.0 haz, que me arrastre un caballo,

225.0 685.0 678.0 83.0 haz, que me despeñe un risco,

221.0 733.0 704.0 84.0 haz, que me ahogue un veneno,

221.0 786.0 616.0 88.0 haz, que me sepulte un rio,

223.0 839.0 553.0 74.0 ó que en el teatro infame

219.0 898.0 537.0 72.0 de tos vulgares suplicios,

217.0 944.0 528.0 74.0 un Verdugo me derribe

219.0 1003.0 559.0 72.0 con destemplado cuchillo

221.0 1051.0 570.0 70.0 la cabeza de los hombros;

219.0 1099.0 513.0 75.0 pero en vano desconfio

219.0 1156.0 524.0 70.0 de tu condicion bizarra,

217.0 1207.0 708.0 68.0 quando mas que Rey te admiro.

221.0 1250.0 463.0 73.0 Misericordia, Señor,

219.0 1307.0 625.0 77.0 clemencia. Principe invicto,

221.0 1360.0 583.0 72.0 piedad, mi Rey Soberano,

221.0 1415.0 540.0 70.0 y válgame ahora el tino,

219.0 1459.0 575.0 76.0 ya que no pueden los ojos,

217.0 1509.0 511.0 72.0 para arrojarme rendido

217.0 1564.0 513.0 74.0 segunda vez á la tierra,

219.0 1614.0 522.0 75.0 que te mereció benigno;

214.0 1662.0 549.0 68.0 sean tus pies mi sagrado,

217.0 1715.0 596.0 70.0 sean tus plantas mi auxilio,

214.0 1761.0 529.0 74.0 sea tu valor mi Templo,

217.0 1816.0 601.0 79.0 y tu nombre sea mi abrigo,

217.0 1870.0 552.0 75.0 para que cobre mi honor,

212.0 1919.0 650.0 76.0 y vuelva á ser lo que ha sido,

212.0 1978.0 553.0 63.0 pues con una piedad sola

212.0 2026.0 529.0 68.0 tantas venturas consigo.

212.0 2068.0 632.0 79.0 Esta, Señor, es mi historia,

217.0 2127.0 590.0 66.0 pordonad si os he ofendido.

219.0 2171.0 625.0 83.0 Volvióle el Rey las espaldas,

217.0 2230.0 524.0 68.0 y Sanson quedó corrido,

217.0 2280.0 550.0 99.0 diciendole al que le guia:

978.0 245.0 717.0 79.0 Llevadme hacia el Templo amigo,

980.0 302.0 627.0 66.0 que si en el Templo me veo,

982.0 352.0 494.0 66.0 yo vengaré mi delito.

973.0 387.0 625.0 79.0 Entró Sanson en el Templo,

969.0 453.0 557.0 61.0 dió un lastimoso suspiro.

971.0 501.0 700.0 72.0 y dice : aqui hay dos columnas

962.0 556.0 522.0 68.0 que tienen este edificio,

965.0 611.0 447.0 61.0 arrimame ácia ellas.

967.0 652.0 592.0 64.0 y en pago de este servicio

965.0 707.0 625.0 70.0 toma amigo estas monedas,

960.0 758.0 654.0 70.0 tambien os ruego, y os pido,

969.0 799.0 579.0 81.0 que me digais quanto pasa

965.0 860.0 572.0 71.0 en aqueste Templo altivo.

967.0 902.0 528.0 70.0 Dálila no está contenta.

967.0 950.0 708.0 84.0 ya está el Rey con sus Padrinos,

967.0 1007.0 553.0 77.0 las ceremonias empiezan,

962.0 1062.0 457.0 66.0 el Sacerdote vestido,

971.0 1110.0 549.0 75.0 y el Dios Astarot ya está

962.0 1167.0 571.0 62.0 cercado de muchos cirios,

956.0 1215.0 649.0 71.0 todo el Templo está ya lleno,

965.0 1272.0 524.0 55.0 los Músicos han venido.

962.0 1318.0 606.0 66.0 Pues idos pronto allá fuera,

965.0 1362.0 644.0 83.0 mirad que os requiero y digo

967.0 1424.0 498.0 65.0 que no tardeis en salir,

962.0 1474.0 626.0 70.0 porque os corre gran peligro,

962.0 1520.0 577.0 74.0 y quando estéis alla fuera,

960.0 1568.0 652.0 70.0 dadme una voz, ó un silvido.

962.0 1627.0 492.0 62.0 Alzó los ojos al Cielo,

969.0 1675.0 561.0 64.0 y aquestas palabras dixo:

965.0 1728.0 552.0 68.0 Justicia venga del Cielo

956.0 1774.0 564.0 72.0 contra aquestos enemigos,

958.0 1820.0 691.0 83.0 pues que me han sido traidores,

956.0 1875.0 533.0 70.0 no quede ninguno vivo.

962.0 1927.0 496.0 68.0 Y aqui morirá Sanson

949.0 1976.0 513.0 65.0 con todos sus Filisteos,

951.0 2028.0 498.0 66.0 por amigo de Dios él,

949.0 2076.0 463.0 77.0 y sus enemigos ellos;

954.0 2136.0 680.0 63.0 y arrancando ambas columnas,

949.0 2186.0 676.0 61.0 dió con el Templo en el suelo,

954.0 2241.0 660.0 61.0 donde hay mas de quatro mil,

951.0 2282.0 619.0 75.0 ninguno se escapó de ellos.

214.0 2379.0 1455.0 79.0 Con liecencia: En Córdoba , en la Imprenta de Don Rafael Garcia

572.0 2431.0 730.0 99.0 Rodriguez, Calle de la Librería.
