1392 2182
27 827 1317 76 ROMANCE NUEVO, EN QUE SE DECLARA Y DA CUENTA,

50 881 1285 71 como estando cautivo un cristiano, natural de la ciudad de Valencia,

1 934 1370 60 en la ciudad de Constantinopla, en el palacio del gran Turco, se ena-

16 985 1365 67 moró de él la hija de dicho Rey: dase cuenta como con sus persua-

140 1032 1100 64 siones la redujo á nuestra santa Fe, bautizándola; y como

236 1083 912 71 despues murieron mártires. Con todo lo demas

436 1132 508 73 que verá el curioso lector.

14 1220 493 81 En el alcázar de Vénus,

14 1289 575 65 junto al Dios de las planetas,

9 1347 518 56 en la gran Constantinopla,

7 1389 478 65 allá en la casa de Meca,

61 1436 493 67 Donde aquel Sultan bajá,

7 1487 475 65 imperio de tanta fuerza,

9 1536 505 62 aquel alcorán, que todos

7 1589 533 60 le pagan tributo en perlas,

61 1645 550 60 Rey de setenta y tres reinos,

3 1687 510 65 de siete imperios cabeza;

7 1740 446 61 este tal tenia una hija,

10 1785 552 62 que es del imperio heredera.

67 1834 524 67 Tiene Lucinda por nombre,

12 1896 524 60 porque lucen sus bellezas,

7 1938 602 67 mas que un trono de Amarílis,

7 1987 555 71 mas que un cielo de Medea.

61 2038 503 67 Su cara y rubios cabellos

10 2096 497 75 es un sol sin resistencia;

711 1236 475 58 trae en la frente la luna,

716 1281 521 71 y son dos aljavas sus cejas.

755 1331 524 69 Sus ojos son dos flecheros,

715 1383 482 66 que están tirando saetas;

707 1432 433 64 es sirena encantadora,

711 1492 617 60 que encanta cuantos encuentra.

755 1538 425 58 Herida está del amor,

718 1581 530 70 porque una amorosa flecha

706 1640 449 52 le traspasa el corazon,

715 1683 507 71 por lo que padece y pena.

756 1729 534 65 Siendo la causa un cautivo

706 1785 496 60 de la ciudad de Valencia,

707 1831 572 65 que en los jardines del Turco

706 1885 534 60 sus plantas cultiva y riega.

755 1934 595 66 No es mozo de mucho tiempo,

713 1985 535 67 que á quince años no llega,

707 2036 435 69 cuya gala y discrecion

713 2085 477 86 punto es de la gentileza.
