1424 2290
3 1 50 40 4

49 30 403 50 Salieron dos galeotas

1 66 508 67 fieras, ufanas, soberbias,

3 116 464 63 carrozas de la fortuna,

9 167 515 75 que con vaivenes navegan.

53 225 557 59 Cuando el claro rubio Apolo

1 267 529 63 tiende sus doradas hebras,

3 320 464 63 dando luz al nuevo dia,

3 372 502 70 dijo Rosa con gran pena:

61 419 494 73 Belardo, perdidos somos;

5 467 506 74 sin duda que en mi tierra

3 519 527 68 nos habrán hallado menos;

13 566 542 79 porque dos naves soberbias

87 624 575 66 Nos vienen cortando el viento,

7 673 521 69 navegando á remo y vela:

15 725 517 68 y pues la adversa fortuna

11 769 554 64 de aquesta suerte lo ordena,

64 820 607 67 Goce el mar en nuestro nombre

13 872 481 70 aquestas joyas y perlas;

20 921 482 78 y ya que tú no las gozas

15 978 536 58 nadie las goce en la tierra.

70 1019 456 68 Dijo, y echólas al mar;

17 1076 561 65 las dos corsarias que llegan,

22 1124 529 72 prenden al triste barquillo,

26 1171 458 73 por tener poca defensa.

72 1225 481 61 Cogen á los dos amantes,

32 1272 510 73 y á la corte se los llevan;

20 1318 602 69 desque el gran Sultan les vió,

24 1379 476 56 al proviso les sentencia,

74 1421 546 61 Que deben morir quemados,

30 1473 557 70 porque así su ley lo ordena.

26 1522 498 63 Sacan á los dos amantes,

45 1570 583 78 ¡oh, qué dolor! oh, qué pena!

76 1631 469 57 Belardo de quince años,

28 1673 466 65 su cara una rosa hecha,

28 1725 508 65 vuelta en un morado lirio,

26 1780 552 57 mas hermosa que las perlas.

83 1828 438 59 Y Rosa de diez y siete,

30 1877 500 61 su cara era una azucena,

32 1923 550 65 vuelta en cándidos jazmines,

32 1973 414 67 disciplinadas violetas.

82 2034 523 63 Desnudos de medio arriba,

696 15 556 59 descalzos de pié y de pierna,

696 68 445 56 desmelenado el cabello,

698 112 582 65 con dos muy gruesas cadenas,

746 164 471 59 Pregonando van delante

696 209 569 65 con cuatro roncas trompetas,

698 263 525 65 que son voces del silencio,

708 309 473 72 publicando su sentencia.

746 358 523 69 Un arco se vió en el cielo,

702 410 536 63 con dos hermosas diademas,

704 461 456 65 escritas con sangre roja

704 515 510 65 aquestas siguientes letras:

746 562 500 67 Suban al cielo los justos,

696 610 479 65 á gozar la gloria eterna;

710 664 460 74 y los injustos se queden

706 721 422 57 á padecer las eternas.

752 753 492 71 Estando ya para echarlos

700 809 470 68 á la encendida hoguera,

710 858 471 67 llegó un moro visitante,

710 912 444 72 y dijo de esta manera:

757 957 489 67 De parte del gran Sultan,

713 1015 497 68 lo que declara mi lengua,

713 1061 485 72 que si el Alcorán adoran

719 1112 451 71 y profesan en su secta,

765 1160 410 65 Y si reniegan de Dios

719 1213 548 75 y de la Vírgen sacra y bella,

723 1263 439 72 que se casarán los dos,

719 1309 516 72 gozarán reinos y hacienda.

759 1358 455 65 Mas Rosa le respondió,

717 1412 439 66 con una fe verdadera:

723 1459 557 77 Vete, perro, y dí á mi padre,

727 1520 471 65 que reniego de su secta,

763 1566 521 61 Que por no ver á Mahoma,

719 1608 502 71 me arrojo á la vida eterna.

719 1658 411 69 Ea, valiente Belardo,

721 1711 451 67 esta es la fe verdadera,

769 1759 395 76 Invoquemos á Jesus

725 1803 538 88 y á la Vírgen sacra y bella:

721 1866 426 63 con esto los arrojaron

721 1912 466 68 á la encendida hoguera,

729 1969 429 72 y libres de toda culpa

723 2020 489 60 suben á la gloria eterna.

133 2112 1176 78 Barcelona: Imprenta de los Herederos de la Viuda Pla, calle de Cotoners. 1848.
