1765 2512
301 226 38 64 4

203 280 458 59 saqué la sinta de seda

200 324 497 59 desdoblela, y un letrero

203 368 483 65 hallé en ella que decia:

200 418 555 67 el que de esta fuere dueño

203 468 523 65 tambien será de Rosaura,

196 514 549 72 esposo, queriendo el cielo.

207 565 540 73 Quedé alegre con mi cínta,

205 623 529 59 y breve á mi casa vuelvo:

205 667 521 63 y montando en un caballo

203 715 469 65 una tarde cuando Febo

203 759 502 69 queria ocultar sus luces,

203 810 584 62 vuelvo á buscar á mi dueño:

198 856 580 65 dile, pues, vista á la Quinta,

200 902 585 71 y alli me estuve encubierto,

196 952 549 67 hasta que la oscura noche

198 1002 536 67 tendiera su manto negro,

200 1055 518 62 A un árbol até el caballo

198 1096 637 74 por que no anduviera inquieto:

198 1151 538 65 le eché porcion de cebada

198 1205 499 57 en la capa y con secreto

198 1245 451 65 paseè toda la Quinta:

196 1291 515 73 llegué al referido puesto

198 1341 534 67 del balcon, hice una seña,

200 1394 446 65 y la dama con anhelo

194 1438 526 73 salio al balcón y me dijo:

196 1492 534 63 Amante y querido dueño,

194 1536 586 67 conviene de que esta noche

196 1586 593 69 me saques, porque sé cierto

198 1639 545 62 de que mi padre me tiene

198 1683 522 73 prometida á un caballero

198 1731 545 67 de Madrid, esto no dudes.

200 1785 522 67 Pero fortuna, ¡qué presto

196 1827 637 65 me transformaste en tu rueda!

200 1873 691 101 Fué que un criado á este tiempo

933 280 576 57 me vido hablar con Rosaura

931 322 609 65 entró dentro como un trueno,

933 368 559 71 dandole cuenta á su Padre;

931 427 486 56 al punto se previnieron

927 466 593 69 los que estaban en la Quinta,

933 519 507 60 y yo ignorando el suceso

927 569 505 63 me dispararon dos tiros,

933 623 482 59 pero dieron en el suelo

931 665 469 65 las valas; y yo animoso

927 715 540 59 me opuse con todos ellos:

929 764 475 58 dispare tres carabinas,

933 803 534 69 y á uno quité los alientos,

929 849 578 74 hiriendo à los dos hermanos

929 904 517 67 de la dama; y conociendo

931 956 478 61 que era cosa imposible

931 1006 465 61 en el referido empeño

933 1059 465 58 poder sacar á Rosaura,

931 1101 519 60 me escapé de todos ellos.

927 1140 572 72 Fui donde estaba el caballo,

929 1193 641 67 monté en el, y como un trueno

925 1243 473 65 á Córdoba dí la vuelta:

927 1293 553 69 pero como estaba ardiendo

931 1343 455 65 en amores de Rosaura

929 1387 513 61 en vivas ansias mi pecho

929 1440 477 67 quise volver á buscarla,

933 1490 457 65 y desierto me digeron

929 1534 534 63 como su Padre, agraviado

931 1586 408 61 del referido suceso,

929 1639 371 58 una noche la sacó

935 1685 515 62 y no saben donde fueron.

927 1727 490 64 Del modo que yo quedé

931 1781 475 63 considérelo el discreto

933 1821 494 73 y en otra segunda parte

935 1877 467 65 daré fin á este suceso.

433 2009 944 117 Fin de la primera parte.
