1100 1580
516 124 78 26 —23—

201 150 712 46 En este momento descendió poco á poco la urraca, y

164 189 750 40 despues de darle un fuerte picotazo en el cuello, agarró

165 223 754 42 con el pico la cruz de plata y echó á volar deteniéndose en

166 259 364 43 el campanario de la torre.

178 295 741 42 Blas, furioso al observar aquella operacion, y mal hu-

164 330 756 44 morado al verla, abrió la puertecilla de la torre y empezó á

165 366 752 41 subir la escalera con el ánimo poco tranquilizador de retor-

165 396 238 41 cerla el pescuezo.

179 431 737 42 En tal instante salia del ayuntamiento la lúgubre co-

163 468 750 41 mitiva, Ana, entre gendarmes, caminaba hácia su prision

164 503 749 42 para esperar el momento en que se cumpliera la sentencia,

163 536 751 47 detrás el bailío con iracundo ademàn, y luego todo el

165 574 109 43 pueblo.

204 604 709 46 Ana, al pasar por delante de la morada donde habia pa-

160 639 751 43 sado dias tan felices al lado de su Miguel, no pudo menos

158 675 753 40 de detenerse para dirigir un triste adios, cuando la campa-

160 713 751 43 na empezó á voltear alegremente como en un dia de júbilo

162 751 167 39 y fiesta.

172 781 735 38 No era ni aun hora de vísperas, ni habia ningun moti-

162 817 750 43 vo para aquel repique, creyendo que el sacristan se habia

159 848 752 44 vuelto loco; pero cuál seria su sorpresa al ver á Blas en lo

158 887 753 43 alto gritando y gestionando con un objeto reluciente en

160 919 138 41 la mano.

179 952 454 47 —¿Qué es eso? preguntó el bailío.

169 990 741 43 —Deténgase todo, suspéndase todo, gritaba Blas; Ana es

158 1026 751 44 inocente... ¡no en vano lo afirmaba yo!... Sé quién es el

158 1061 249 42 autor del crímen...

187 1093 448 46 —Baja pronto, murmuró el bailío.

188 1127 602 44 —Sí, sí, que baje, contestaba el pueblo á coro.

202 1162 606 45 Y Blas bajó, efectivamente, y empezó á hablar.

201 1196 704 45 Al subir á la torre en persecucion de la urraca por reco-

158 1231 747 44 brar su cruz de plata, bajo uno de los maderos atravesados

155 1264 748 46 que sostenian la techumbre habia visto brillar un objeto;

155 1300 750 42 alargó la mano y tomó la cuchara y el tenedor que iban á

155 1335 748 44 causar la muerte de Ana, y tras esto una multitud de obje-

156 1370 748 45 tos, fruto de la rapiña del ave; porque en resúmen, aquel

154 1404 749 53 era el nido donde la urraca escondia cuanto podia atrapar.
