1156 1604
575 109 47 43 —8—

228 149 708 47 tarse, con sus ojos fijos como la péndola de un reloj pa

232 185 730 48 y las golondrinas revoloteaban en su derredor, como

226 227 763 39 fueran las conductoras misteriosas de aquel hijo de la aldea.

246 255 745 46 De repente sintió un ligero extremecimiento del aire,

226 292 767 46 ligero grito de bienvenida. Era el tañido de la campana

226 329 647 45 chica de la aldea que sonaba al toque de vísperas.

270 362 722 42 La campana cuando hace oir su voz en la soledad de los

226 398 766 45 campos, siempre sobrecoje al alma que la escucha; pero

225 435 767 39 cuando este sonido no resuena en nuestros oidos hace ya

225 469 764 40 ocho años y además es precursor de una fausta entrevista,

224 503 765 45 entonces dilata el corazon y hace que la alegría rebose en él.

272 542 715 39 Miguel no pudo menos de arrodillarse, descubrirse y

229 575 654 41 orar; aquella campana le habia saludado al nacer.

271 609 719 45 Entonces se acordó de que su padre, Juliana, alguien

229 646 760 41 tal vez de su familia, la amada de su corazon, pudieran ha-

229 681 287 42 ber dejado de existir.

274 712 470 47 ¡Suceden tantas cosas en ocho años!

270 749 721 46 Aquel pensamiento le hizo levantarse y proseguir su

230 785 762 44 jornada, aun cuando el corazon no le predecia ninguna

230 822 144 42 desgracia.

274 858 715 43 Y anduvo, anduvo sin parar, viendo que ya el sol se iba

227 892 533 43 á ocultar entre las nubes de oro y grana.

271 925 717 45 Anduvo porque tenia necesidad de abrazar á los suyos.

270 961 716 47 No trascurrió mucho tiempo sin que apareciera Miguel,

226 995 761 46 con su gorra doblada, cuya borla le caia sobre el hombro,

226 1031 765 44 su empolvado uniforme sobre el que brillaban tres conde-

225 1067 763 44 coraciones y su morral á la espalda. Inútilmente trataría-

226 1100 764 42 mos de deseribir la escena de júbilo que á su llegada tuvo

227 1136 762 46 lugar. Todos aquellos que hayan estado ocho años esperan-

225 1171 766 47 do á una persona querida, y de repente se hayan encontra-

225 1204 765 47 do en su presencia, pueden figurársela, y como Miguel era

225 1241 766 43 tan querido en la aldea por sus buenas cualidades, todos á

227 1276 763 41 porfía se apresuraban á darle la bienvenida. Precedidos del

226 1310 765 45 gaitero, que marchaba á la cabeza, llegó toda la comitiva

225 1345 767 44 á casa de Gervasio, donde se repitió la misma escena de ale-

227 1380 764 43 gría entre los dos amantes, Ana y Miguel. Allí se desfon-

225 1415 764 51 daron dos toneles cuyo líquido sirvió para alegrar las cabe-
