1091 1557
558 67 46 52 —20—

203 108 750 51 que no con los diez y nueve francos que le habian pedido.

244 146 358 44 Esta reflexion era juiciosa.

243 181 715 46 Y medio alegre y medio mohino emprendió la ruta de

202 217 359 43 que Ana le diera las señas.

243 249 711 47 Cuando la fuerza del dolor era en él menos intensa,

202 287 756 44 acortaba el paso, pues de ese modo daba campo á la refle-

204 322 755 46 xion, y sabido es que el que camina muy deprisa reflexiona

203 358 754 45 poco; pero al hacerse cargo de la angustiosa situacion de

205 393 754 45 Ana, entonces ni un águila, ni el mismo huracan hubiera

205 428 276 41 podido darle alcance.

247 462 710 43 El queria apresurar todo aquello y que tuviese pronto

206 497 754 44 resultado, como si solo el impulso material que daba su

208 532 751 42 voluntad á sus dos piernas hubiera sido suficiente á con-

210 567 123 47 seguirlo.

250 603 711 42 Era poco más de medio dia: es decir, que el sol hacia

209 639 750 43 sentir sus rayos en toda su fuerza; así es, que el pobre la-

210 674 617 44 briego sudaba y trasudaba de calor y de fatiga.

251 708 710 43 Salió del pueblo y ya su vista esperimentada vió á lo

214 743 746 45 lejos el primer sáuce donde tenia que colocarse el dinero.

253 779 711 41 Mas no vió que al aproximarse él hácia aquel sitio, un

211 815 751 40 hombre que venia en direccion opuesta, esto es, hácia la

209 849 750 44 aldea, huyó el cuerpo escondiéndose detrás de unas ramas,

212 884 675 45 y volvió á emprender su jornada cuando aquel pasó.

253 922 709 41 A través de la opalanda gris que encubria aquel hom-

212 957 752 40 bre y que el viento levantaba en su carrera, se veian los

213 991 324 40 galones de un uniforme.

254 1024 712 46 Ello es, que Blas detuvo su carrera frente por frente del

211 1061 756 43 sáuce indicado; pero allí metió la mano en su bolsillo para

211 1095 755 44 dejar en él la cantidad convenida y... se quedó pálido como

215 1130 158 43 un difunto.

256 1163 468 42 Los tres luises habian desaparecido.

258 1198 710 45 En vano se registró y palpó minuciosamente de arriba

213 1236 754 42 abajo, hasta el interior de los zapatos: no pudo dar con el

219 1269 107 41 dinero.

262 1302 706 47 Y dando vueltas y revueltas en su imaginacion á los

215 1344 753 38 diferentes modos de que se pueden perder tres luises, con-

216 1374 754 49 cluyó con atinar la verdadera causa; esto es, que con la
