1117 1578
488 97 110 35 — 15—

161 140 755 36 do á la acusadora apariencia, de tal modo, que Juliana,

166 167 723 42 Gervasio, y aun el mismo Miguel, empezaron á dudar.

206 202 712 42 Tambien el bailío, con sus ideas de venganza por el

163 236 756 41 menosprecio de su amor y la burla de haber cambiado las

163 271 757 44 señas en el pliego del dia anterior, procuraba hacer mayor

163 308 757 39 la culpabilidad y fuerza que resultaba en todas aquellas

166 343 211 40 circunstancias.

209 376 713 38 La situacion de Ana no podia ser más lamentable. Mien-

165 412 757 42 tras su padre la esperaba para salvarse, ella era objeto de

166 448 756 36 una infame acusacion, que preciso es confesar no carecia de

169 483 754 41 pruebas, pero que por lo mismo aumentaba más su desven-

169 518 755 43 tura, porque todas ellas propendian á infamar su repu-

172 554 104 35 tacion.

199 584 723 41 Solo habia un medio de deshacer como el humo las re-

167 621 758 43 criminaciones de que era objeto, confesando la verdad del

166 657 760 40 caso; pero entonces descubria á su padre y al apartar de su

166 689 759 46 cuello la cuchilla de la ley la echaba sobre el anciano autor

169 726 165 42 de sus dias.

208 760 720 45 Su abnegacion triunfó de todo y resolvió arrostrar ella

166 796 760 39 sola las consecuencias de su desgracia, no ocultándosele que

165 831 426 43 aquellas debian ser muy fatales.

210 864 717 45 Blas tambien en medio de su tribulacion y queriendo

169 900 758 41 á toda costa hacer que triunfara la inocencia de la mucha-

167 935 759 39 cha, dió con una idea, que en otra ocasion hubiera sido

167 971 761 43 excelente, pero que entonces solo iba á servir para hacer

170 1006 566 42 mayor la prueba de conviccion contra Ana.

213 1040 712 42 Buscaré, habia dicho, al buhonero, que nos presente el

168 1075 760 41 cubierto que Ana le ha vendido y veremos entonces como

171 1111 533 42 no es el que mi madrina echa de menos.

219 1145 553 44 Y partíó como un rayo en busca del judío.

214 1179 714 43 Ana palideció al oirle, porque recordó que el cubierto

170 1214 758 45 estaba marcado con una G, inicial de su apellido, y los de

170 1249 435 43 Gervasio tenian la misma marca.

215 1282 711 41 La desgracia iba envolviéndola cada vez más en su tu-

170 1318 762 45 pida red y ya solo el amparo de Dios podia hacer que triun-

170 1354 229 43 fase la inocencia.

218 1386 708 54 Miguel, interesado tambien como Blas, fué en busca del
