1860 2629
198.0 229.0 607.0 68.0 veyentlo ab la trompa y tót

197.0 278.0 669.0 66.0 se va pensá que era un matxo.

244.0 321.0 545.0 61.0 Y deya: «Mi jugo un nap,

194.0 363.0 685.0 72.0 que no ha vist may cap gandúl,

195.0 419.0 570.0 55.0 un matxo ab la cua al cúl

195.0 460.0 475.0 57.0 y tenì una cua al cáp.

236.0 492.0 580.0 60.0 ¡Mireu lo pobre com súa!!

194.0 547.0 651.0 59.0 vetaqui, aixó es un fanónimu:

191.0 591.0 615.0 64.0 aquest sense jugá al dónimu

191.0 638.0 584.0 48.0 sempre á de fer cap y cúa.

235.0 677.0 637.0 69.0 ¡Ay y are! Que está esquilat!

189.0 724.0 616.0 61.0 no te un pel: ¡Verge Maria!

191.0 771.0 560.0 62.0 potsé es de una malaltia,

189.0 813.0 433.0 64.0 ó potse l'an afeitat.

233.0 855.0 607.0 73.0 ¡Quinas aure...llas! Señora!

191.0 905.0 532.0 56.0 Aixó si que no te mida.

191.0 942.0 618.0 73.0 Semblen sense dir mentida,

189.0 994.0 487.0 61.0 velas de revenedoras.

232.0 1041.0 578.0 55.0 Osque...niño..toma, te.....

185.0 1083.0 511.0 48.0 Fa la cara de enfadat:

185.0 1117.0 634.0 73.0 me sembla que ya ey cobrat

185.0 1172.0 644.0 54.0 si acás me endinya un vaivé.

227.0 1216.0 654.0 73.0 ¡Ay! no 's belluga ni 's mou...

184.0 1261.0 562.0 62.0 lo payo, cem fa 'l tanoca.

189.0 1304.0 545.0 61.0 Te las banyas á la boca;

184.0 1353.0 656.0 65.0 pot ser si que deu ser un bou.

225.0 1399.0 588.0 57.0 Pero ca, un bou no es aixì

185.0 1445.0 595.0 56.0 perque me auría embestit.

188.0 1488.0 618.0 67.0 ¡Quin cul que te mes pensit:

185.0 1533.0 500.0 60.0 veyam si 'l faré seguí.

232.0 1577.0 516.0 61.0 Toma petit, osque ho...

182.0 1622.0 607.0 57.0 vey que la po no l' arredra:

182.0 1663.0 574.0 64.0 veyam, tiremli una pedra

182.0 1711.0 500.0 62.0 per veura si agafa pó.

223.0 1754.0 558.0 64.0 Com me mira 'l sicateru.

181.0 1803.0 594.0 48.0 Recristo com se estarrufa!

187.0 1843.0 597.0 67.0 ¡Ay mare meva, com bufa!

178.0 1889.0 568.0 63.0 fem gelén que fa torero.»

222.0 1932.0 521.0 61.0 L' elefan se va enfadar

178.0 1977.0 578.0 67.0 cuan se va veure insultat,

179.0 2024.0 555.0 60.0 y ab la trompa preparat

178.0 2078.0 516.0 52.0 al garenu va empaitar.

220.0 2113.0 532.0 64.0 Lo arreplega pel clatell

176.0 2155.0 518.0 78.0 ab la trompa lo animal,

957.0 246.0 482.0 40.0 veyeu si 'l va tirar alt

952.0 268.0 701.0 75.0 que no hem sabut res mes d' ell.

957.0 368.0 621.0 52.0 «aixó si, ya ú podeu creure»

993.0 322.0 520.0 56.0 Pero un dia va arribar:

954.0 414.0 689.0 60.0 que dos indios que 'l van veure

954.0 460.0 546.0 58.0 una trampa li van parar.

992.0 500.0 572.0 57.0 La bestia un costum tenía

951.0 541.0 486.0 65.0 que cuan volía dormí,

952.0 590.0 528.0 59.0 se arressarava ab un pí

952.0 636.0 504.0 65.0 perque jaure no podía.

951.0 718.0 627.0 75.0 fins que tot just se aguantés,

992.0 683.0 464.0 56.0 Lo pí li varen serrar

951.0 777.0 537.0 62.0 si arressará, y ab lo pes

951.0 822.0 549.0 48.0 se va acabar de trencar.

949.0 905.0 614.0 60.0 sens pogués moures de allí,

992.0 861.0 520.0 60.0 De cul l' animal caigué

949.0 947.0 498.0 56.0 y al endamá al dematí

948.0 996.0 461.0 61.0 lo varen fer presoné.

990.0 1034.0 547.0 58.0 Lo van alsá ab un ternal

949.0 1083.0 544.0 60.0 y lligat sense clemencia,

949.0 1124.0 745.0 69.0 y ab lo temps y ab gran pasiencia

949.0 1175.0 509.0 51.0 varen domar l' animal.

984.0 1218.0 556.0 54.0 Li varen talla 'ls caixals

945.0 1258.0 749.0 68.0 que aixís diu que 's tornan mansos

949.0 1314.0 599.0 56.0 y que no son pas romansos

945.0 1353.0 618.0 56.0 que 'n van treure mols rals.

986.0 1402.0 543.0 60.0 Un inglés lo va comprá:

945.0 1443.0 663.0 58.0 y ab un barco y molta manya,

943.0 1486.0 725.0 84.0 se 'l va endù cap aquí á Espanya

943.0 1532.0 500.0 65.0 y á Barcelona 'l portá.

981.0 1580.0 515.0 55.0 Allí se 'l varen fer seu

940.0 1632.0 556.0 44.0 comprat ó venut no ú se,

940.0 1666.0 570.0 58.0 lo que si puch dir molt be

939.0 1713.0 653.0 61.0 que allí al Parque 'l trobareu.

980.0 1757.0 690.0 65.0 No es jens frestech es mol sabi

939.0 1802.0 492.0 63.0 la quichalla quan y va

938.0 1846.0 523.0 65.0 sempre 'l afartan de pa

938.0 1895.0 542.0 69.0 y per nom li diuhen Avi.

978.0 2033.0 507.0 54.0 Y si ya algun gamarús

935.0 2069.0 736.0 70.0 que 'l que ey dit no vulgui creure

935.0 2120.0 718.0 72.0 cuan vulgui ho pot anar á veure

935.0 2176.0 491.0 67.0 y acabat, amen Jesús.

729.0 2224.0 185.0 57.0 – FI—

995.0 2230.0 585.0 61.0 (Es propiedad de Juan Grau.)

198.0 2281.0 1491.0 61.0 REUS.—Véndese en la librería de Juan Grau, calle del Metje Fortuny, núm. 5. En la misma casa se halla un gran surtido

182.0 2322.0 1505.0 52.0 de romances, sainetes, libritos, historias, comedias aleluyas de rodolines, santos, soldados pintados. Depósito de libritos de

179.0 2352.0 1501.0 57.0 fumar y cajas de cerillas. Papel para escribir, sobres para cartas, plumas mangos, Gran sutido de devocionarios, carta,

176.0 2379.0 1004.0 95.0 detacas, abanicos, cromos, calcomanias, calendarios, naipes, pizarras, etc. etc. etc.
