1684 2475
206 140 547 72 Ya que los dejó acostados,

206 206 578 68 cuando ya iba amaneciendo,

204 247 452 76 salió la Misa del alba,

204 313 638 62 cuando el alba ibá, rompiendo,

200 356 481 83 porque quiso Margarita

202 410 545 74 al alba darla un encuentro,

202 472 650 64 y un choque con su hermusura,

204 530 621 64 cara á cara y cuerpo á cuerpo,

206 573 483 68 luz á luz y rayo á rayo,

204 624 487 87 que podia bien hacerlo,

204 676 553 72 A este tiempo Julián vino,

208 734 532 62 cuando de Apolo el lucero

202 789 460 64 rayaba neutrales luces

204 835 477 66 en la lámpara de Febo:

204 897 518 60 cuando el tierno pajarillo

202 942 571 78 empieza á entonar gorgeos,

202 996 524 74 y sacudiendo sus plumas,

198 1045 458 74 desperezándose hueco

202 1109 456 62 sobre la verde ramilla

202 1150 549 71 de los chopos y los fresnos

204 1204 448 68 á vista de su consorte

200 1254 557 74 del pico afilada el extremo:

200 1317 542 71 entró Julián en su cuarto,

200 1361 464 78 descuidado del suceso,

200 1421 578 66 se fué acercando á su cama

198 1478 586 68 para dar descanso al cuerpo

200 1522 511 72 del cansancio de la caza,

200 1573 485 70 imágcn de sus alientos.

200 1625 557 82 Descorrió, pues, la cortina,

198 1685 561 70 á donde estaban durmiendo

196 1734 520 74 sus dos padres recogidos,

196 1788 522 74 pagando el natural feudo,

200 1837 429 74 y cuando vido Julián

198 1893 606 72 hombre v muger en su lecho,

198 1944 464 69 estatua de mármol frió

200 2004 578 77 se quedó de luego, á luego,

198 2056 565 78 juzgando que era su esposa

200 2105 458 75 que le hacia adulterio.

208 2165 390 93 Colérico y enojado,

908 101 26 70 7

932 146 425 74 como león carnicero,

922 202 475 74 que despedazaba zeloso

928 255 518 77 chopos, peñascos y leños,

930 317 504 56 siendo sus agudas garras

932 358 560 73 los cuchillos mas shngrien

934 418 446 64 con encendido cor a ge,

932 468 489 68 echando sus ojos fuego,

930 519 436 77 el corazón palpitante,

930 581 463 66 que le salia del pecho,

930 633 493 64 pálido el rabioso rostro,

932 682 541 66 arrancó un puñal violento,

930 736 475 72 y les dió de puñaladas,

932 783 494 70 dejándolos allí muertos,

932 843 564 66 revolcándose en su sangre,

932 886 510 75 téngalos Dios en el cielo.

930 940 498 76 Vino después Margarita,

932 1008 510 60 y viendo el estregó fiero,

932 1053 496 66 le dice esposo del alma,

930 1109 677 64 qué estrago es este que has hecho?

934 1157 667 80 Sabes que has muerto á tus padres,

924 1210 557 77 pues tus padres eran estos?

926 1266 541 70 que aquí llegaron á noche

930 1315 549 73 en tu busca y seguimiento,

930 1375 481 60 en trage de peregrinos,

930 1427 529 70 y yo los metí aquí dentro,

924 1470 475 72 hospedándolos en casa,

924 1524 563 74 y en fin le contó el suceso,

928 1584 349 63 lodo lo que pasó;

926 1633 489 76 y él atónito y suspenso,

926 1693 508 68 pasmado de aquel acaso,

922 1749 466 53 arrepentido del hecho,

920 1798 584 64 viendo á su esposa inocente,

918 1841 545 73 que fué causa de su yerro,

922 1899 534 68 aunque ella no tuvo culpa

924 1955 466 68 del lamentable suceso,

922 2000 518 79 se acordó lloroso y triste

924 2052 551 74 de lo que le dijo el Ciervo

924 2103 576 75 cuando le siguió en la caza,

924 2161 601 83 haciendo en matarle empeño.
