1737 2508
211 227 485 67 un bello infante tuvieron

211 280 485 60 hermoso á las maravillas,

215 321 481 67 y con los mismos cortejos

213 357 566 73 que la infanta fué aplaudido;

217 407 529 69 pero cuando llegó el tiempo

217 451 443 67 de poder ya destetarlo,

219 495 546 60 con otra industria Gualtero

217 539 489 67 la constancia de su esposa

219 583 479 62 quiso probarla de nuevo.

219 627 477 62 Entró donde estaba sola,

221 675 479 66 y como quien de veneno

223 718 454 61 está encendido, le dice:

223 758 422 65 quitar ese niño quiero

225 798 567 71 de mi presencia, pues ambos

225 844 535 65 sois el primer fundamento

227 892 496 63 de mi pundonor perdido,

227 930 431 77 y muchos estar sujetos

229 982 429 63 á mi persona rehúsan,

227 1024 466 69 y á tu hijo por lo menos

227 1070 477 58 en ningún tiempo darán

232 1107 539 67 de hijo do marqués respeto;

229 1153 521 65 salga pues luego de casa. .

232 1201 478 63 Y con semblante risueño

234 1241 363 63 dijo Griselda señor,

229 1283 460 73 ya os dije que mi deseo

236 1337 372 65 y mi mayor alegría

236 1375 457 67 es daros gusto completo

236 1417 434 62 en todo, y así mandad

238 1467 501 60 lo que tuviereis dispuesto

238 1504 585 67 que todo cuanto á vosplazga,

238 1552 575 65 me place á mí pues no temo

234 1594 478 73 perder á otro sino á vos.

238 1644 430 59 Estas palabras oyendo

238 1686 499 59 se salió y llamó al criado

244 1732 521 63 diciéndole que al momento

242 1770 495 58 vaya y le quite el infante

244 1816 554 60 de los brazos, qué tormento!

244 1860 470 64 Fué el criado y la señora

242 1906 523 71 persignando al niño bello,

244 1947 514 65 lo besó, no sin gran pena,

244 1991 452 63 aunque festivo y sereno

244 2033 495 67 manifestaba el semblante.

248 2083 565 63 Dió al criado el niño, y luego

250 2133 393 55 del aposento se sale,

248 2163 540 77 y en las manos de Gualtero

248 2213 571 65 se lo entrega, el cual lo envia

248 2259 475 65 á Bolonia con el mesmo

246 2307 435 58 encargo, que le criase

248 2349 427 58 su cuñado con secreto.

248 2390 452 72 Pasáronse muchos dias,

930 217 522 65 que sin sus dos hijos bellos

934 261 472 65 la triste Griseda estaba:

934 309 476 67 pero ningún sentimiento

938 357 429 56 en su rostro conocían,

940 384 573 82 y aunque alguna vez Gualtero

938 443 477 60 se los nombraba por ver

940 489 518 54 si ella haria algún estreno

942 526 475 59 ó demostración de pena,

940 570 518 65 jamas consiguió su intento.

940 612 502 69 Luego después, un rumor

946 666 460 55 se suscrito por el reino,

944 700 535 69 pues decían que el marqués,

944 744 544 66 que estaba muy descontento

944 790 410 60 de su desigual estado

948 829 494 71 de matrimonio y por eso

944 886 454 56 ocultaba sus dos hijos,

946 921 475 63 que nadie sabia de ellos.

951 965 516 65 Y de allí á muy breves dias

946 1013 408 63 otras noticias oyeron

946 1061 586 61 por las córte; que el marqués,

953 1103 520 61 al Papa le envió un pliego,

948 1143 435 71 para ver si repudiando

951 1187 541 67 la esposa que le dió el cielo,

951 1228 436 74 podríase casar con otra

953 1274 476 74 por la quietud y sociego

955 1320 453 61 de su familia y vasallos.

959 1366 539 63 Y después lomó mas cuerpo

959 1404 548 69 que el despacho habia vuelto

961 1456 449 61 dispensando, y permitía

959 1502 405 59 el Pontífice supremo,

961 1538 523 62 casáse el marqués con otra.

959 1586 472 60 Tales noticias corriendo,

959 1630 403 64 empezóse á divulgar,

963 1682 450 58 y se prefijaba el tiempo,

961 1717 475 65 cuando vendria la novia

963 1759 537 63 del marqués, y con acuerdo

963 1807 387 63 le remitió con sigilo

961 1849 479 67 unos renglones, Gualtero

965 1897 448 59 á Panicio, que llevase

967 1943 491 59 sus dos hijos al momento,

965 1991 406 57 señalando el dia fijo,

961 2029 539 65 por lograr mejor su intento.

967 2067 560 66 Por fin un dia el marqués,

971 2117 477 58 estando todo el congreso

967 2163 502 58 convocado, hizo llamasen

967 2207 477 62 á Griselda, y con severo,

969 2248 542 61 semblante, de aquesta forma

969 2296 494 59 le dijo: tened per cierto,

967 2340 502 59 esposa mia, que el mundo

967 2380 525 73 dá muchas vueltas; por eso

1410 171 21 56 5
