1765 2512
305 242 23 51 2

247 265 420 76 que causa tanto ruio;

249 318 362 67 en avillando parné

242 366 377 75 sacrifica una mugé

251 422 538 57 man que sea con un judio:

253 466 408 69 ¿no dá míeo, puñalá,

255 519 559 60 hasta el pensarlo? me jundo,

259 567 498 58 estando José en el mundo

247 615 471 61 pa él seré yo y na mas.

255 659 427 67 Es la fija, como Dios;

249 713 441 65 y si mi tio se emperra

259 753 517 71 mas bien le jago la guerra

255 810 471 67 y á Roma se va por too.

381 856 326 62 Sale D. Cándido.

217 902 494 63 C. Qué alegria, sobrinita,

261 939 614 76 sé que acaba de llegar D. Cárlos.

219 990 664 88 A. Y quién le ha mandao que venga?

263 1048 423 71 pues lo gracioso será

270 1099 504 62 cuando tenga que najarse

272 1149 299 67 como ha venio.

217 1193 369 63 C. Se verá.

219 1226 486 88 A. Pero señó qué apretá;

267 1283 536 79 ¿tengo yo el pesqui perdio?

263 1337 396 69 A dónde voy á pará

272 1383 544 69 con un hombre é cartulina,

276 1438 423 65 teniendo, jui, puñalá,

265 1482 446 67 el rey de la andalucia,

274 1528 594 79 con mas fuego que un volcan,

276 1586 400 63 un moso sin buleria,

278 1626 561 77 que por aonde quiera que vá

278 1680 490 61 va derramando la gracia,

278 1731 473 69 y es el moso mas juncá

282 1775 406 71 que la peorosa mano

284 1829 436 63 de un divé puo formá,

276 1875 500 69 y ese ha de ser mi mario.

238 1921 434 69 C. No señora, no será:

282 1971 496 65 serà su esposo D. Cárlos;

280 2013 404 71 tu boda se arreglará

282 2070 404 58 en el dia de mañana.

408 2114 194 65 Sale José.

236 2160 557 79 J. Señó beso á V. las mano:

274 2206 536 90 supe que estaba osté malo

954 274 400 52 y me pareció rigulá

954 311 406 61 el jaserle una visita.

912 347 568 69 C. Gracias, se puede marchar

956 410 461 52 y no volver á esta casa.

917 447 513 70 J. Está muy bien, se jará;

965 496 433 71 pero antes ascuchosté

969 544 408 73 lo que le voy á jablá

965 590 504 75 ya que osté sa franqueao,

969 642 446 76 tengo mi cuenta ajustá

967 688 557 71 pa casarme con mi Antonia,

963 747 517 63 y eso no lo ha de estorbar

965 787 548 69 ni tampoco el súsum-corda,

971 835 553 75 está osté? por que está chalá

969 891 421 67 po esta persona, si no

973 935 503 65 que lo diga, que ahí está:

975 992 452 60 en aquerando que no...

973 1042 404 59 dílo tú, boca é corá.

923 1073 578 78 A. Tres vese he dicho que si

969 1132 475 71 y dos vese están demás:

979 1184 480 57 soy reina por la palabra.

925 1222 427 77 J. Cómo tenia é faltá!

977 1274 484 69 lo estasté oyendo, Jesús,

977 1320 457 67 si la chavea me quiere

986 1371 389 71 lo pueo yo remediá?

931 1417 653 69 C. Ya le he dicho que se marche

979 1469 430 73 por que sino, voy á...

937 1513 631 73 J. Pero señó, en qué quedamos?

942 1567 479 67 C. Que se retire le digo,

986 1620 429 65 si no quiere dar lugar

986 1662 502 67 que lo eche á puntillones.

942 1718 502 61 J. Pues me gusta la toná,

990 1754 492 73 conque á puntillones, hé?

984 1808 481 78 porque me quiero casar

996 1852 544 80 con mi Antonia, bien, señó,

986 1907 366 73 yo le juro que será

996 1950 492 76 quierasté ó no mi mujer;

996 2003 524 69 adios, mosqueta temprana.

952 2057 561 67 A. Adios, José, que soy tuya

994 2103 375 71 hasta el juicio finá.

1191 2151 180 67 Váse José.

948 2193 668 92 C. Vaya, que no conoce la educacion.
