1737 2508
261 305 562 52 y dijo que era hijo vuestro,

257 334 478 71 y en la dicha confianza,

255 392 533 57 para su adorno y decencia

250 432 464 69 le di monedas y galas,

255 478 620 69 No siento, Señor, la hacienda:

250 535 527 60 solo siento mi hija amada.

259 576 480 65 El gran Felipe acordóse

252 629 508 64 de aquella noche pasada,

252 675 504 62 cuando al soldado le dió

259 723 441 64 el anillo, y se separa

259 767 495 73 diciéndole, que volviese

250 827 504 59 al cabo de dos semanas.

246 865 539 67 El gran rey mandó llamar

255 917 612 73 á un capitan de sus guardias,

252 963 546 77 diciendo pasase á Illescas,

257 1022 459 60 y diligencias se hagan

257 1067 639 67 de un tal don Juan de la Tierra,

259 1116 545 64 y que á palacio lo traigan.

255 1159 524 72 Fué el capitan, y lo halló,

257 1216 545 60 vino con su esposa amada.

252 1258 575 67 Ante el rey los dos pusieron

252 1304 548 67 á lo que dispone, y manda

248 1352 473 71 que todos se retirasen;

259 1400 493 69 con el soldado quedaba.

250 1446 431 75 Juróle por su corona,

246 1502 479 69 si la verdad no declara,

252 1552 492 67 que tiene de castigarlo;

246 1592 636 73 que quién le dió aquella alhaja

252 1644 404 65 de aquel anillo real?

250 1690 573 76 A lo que don Juan le habla,

250 1743 431 71 diciéndole: paseando

250 1793 508 62 una cierta noche anbaba

246 1841 479 62 por la Córte cuando oí

248 1891 443 61 una voz muy delicada

250 1933 471 75 de una dama que decia

244 1981 539 71 huya, huya; que lo matan.

250 2029 466 73 Vide á cierto caballero

242 2077 646 81 hecho un Marte en la campaña,

246 2135 498 65 que de ocho se defendía

250 2181 504 69 con española arrogaucia.

248 2225 420 71 A su lado me planté,

242 2273 569 92 arranqué, señor, la espada,

942 286 44 17 7

988 309 542 58 quitándole algunas puntas,

980 346 522 67 porque grandes estocadas

986 390 477 69 le tiraban los traidores:

978 445 508 62 mas fue mi fortuna tanta,

986 491 491 69 que al caballero ni á mí

986 539 450 65 se nos agravíase nada;

986 591 410 63 y agradecido, señor,

986 631 395 67 el referido me daba

984 681 470 65 unos doblones y dióme

984 735 479 59 ese anillo que se enlaza

988 785 418 61 en vestra mano real.

978 825 474 71 Me dijo á palacio vaya,

990 873 519 75 que él era el mayordomo,

986 919 424 71 y mire no haya falta.

986 976 485 62 Nunca me acordé de ir;

976 1017 543 73 seguí á Nápoles la marcha,

978 1076 503 63 señor en mi regimiento,

986 1116 608 73 donde he hallado dicha tanta,

988 1164 537 64 que con decir yo que era

976 1212 583 75 hijo vuestro (heróica hazaña)

984 1266 566 65 y que tambien dí la muerte

982 1308 594 73 á un hijo del Duque de Alba,

982 1366 545 65 engañando á un mercader,

978 1414 458 61 saquéle su hija amada.

980 1452 504 71 Paséme á España, señor,

982 1502 548 73 con hacienda muy sobrada,

978 1559 458 58 recibí del matrimonio

982 1598 489 69 las ceremonias sagradas.

978 1649 466 68 Aquí teneis mi cabeza,

978 1705 451 63 y la verdad declarada.

971 1743 366 69 Maravillado quedó

971 1801 496 65 el rey viendo la sumaria

978 1845 453 71 del término de su vida,

980 1895 545 65 y al mayordomo le manda

976 1947 572 69 que lo mantenga en palacio,

971 1987 487 71 Así estuvo dos semanas

969 2039 485 65 hasta que el napolitano

971 2087 498 69 la vuelta á palacio daba.

965 2133 613 71 El rey le mandó que aguarde

978 2184 522 73 hasta segunda ordenanza.

974 2232 495 67 Mandó subiese don Juan

969 2288 577 82 y venga su esposa, y traigan
