1737 2508
1164 190 192 92 Núm. 28.

257 1266 1214 153 LA GRAN VICTORIA

186 1402 1400 117 QUE TUVO DON JUAN DE AUSTRIA, CONTRA LA ARMADA

181 1481 1409 82 turquesa en el golfo de Lepanto á siete de octubre de 1571, dividida en

179 1517 1411 92 tres famosos romances. El primero, cuando partió don Juan del reino de

181 1567 1405 90 Sicilia, con toda la armada en busca de la del turco. El segundo, el

179 1623 1405 92 presente que envió el Turco al señor don Juan. El tercero, otro presente

271 1672 1225 98 que hizo el señor don Juan al Turco, con muy, sabias respuestas.

560 1878 654 99 PRIMERA PARTE.

240 2018 414 74 De Sicilia con poder

190 2077 443 63 la armada real partia,

192 2115 577 73 en lindo acuerdo y concierto

192 2175 593 61 don Juan de Austria la regia,

194 2219 468 73 magnánimo y valeroso,

198 2276 456 71 príncipe de gran valía,

915 1998 587 83 hermano del rey de España,

923 2062 502 63 que por general lo envia:

921 2104 517 69 doscientas y ocho galeras,

913 2158 449 69 eran todas de la Liga,

919 2202 588 84 y veinte y seis naves gruesas,

919 2259 387 85 seis galeazas habia
