1684 2475
373 391 1081 143 SEGUNDA PARTE

208 536 1412 103 de la admirable Historia de don Garlos y Lu¬

214 606 1403 122 cinda, y como fueron muertos á manos de su

216 686 1401 101 hijo Julián sin conocerlos él, saliendo cierto el

218 746 1404 124 pronóstico del Ciervo, y como él con su esposa

282 822 1282 122 se fueron a un hospital á hacer penitencia.

284 1039 458 70 En el pasado romance

229 1089 433 80 ya dije como salieron

233 1144 412 74 los padres de Julián

235 1194 578 78 á búscale, y que anduvieron

237 1247 514 79 buscándolo por el mundo

233 1309 542 74 con trabajo y desconsuelo;

235 1355 448 74 ahora sigo la historia

235 1416 427 81 y prosigo los sucesos

241 1462 601 72 de Julián, que fueron tantos,

241 1513 532 75 que no es fácil de creerlo.

243 1567 568 68 Salió este mancebo heroico,

243 1627 493 68 llevando su pensamiento

243 1676 473 73 á España, donde llegó,

241 1730 404 70 como referido dejo,

245 1782 452 72 de Nápoles la famosa,

245 1825 642 97 y entró á servir al Kcy nuestro

249 1889 485 70 en la guerra de Aragón,

251 1940 537 68 donde mostro sus alientos;

251 1992 531 74 hizo hazañas memorables,

251 2052 533 70 hizo muy famosos hechos,

251 2097 555 70 venciendo muchas batallas,

251 2153 564 76 grandes soldados rindiendo,

255 2206 514 81 le ganó muchas ciudades,

955 1023 535 78 le sujetó muchos pueblos,

951 1086 493 64 siendo su acero luciente

957 1138 479 64 de los enemigos miedo,

961 1185 500 75 el terror de los rebeldes

963 1235 493 82 y asombro del Universo.

963 1289 588 74 Viendo el Rey estas hazañas,

963 1353 560 72 premió sus nobles alientos,

961 1406 403 68 y su general le hizu

963 1452 537 70 honrándole con tal puesto;

961 1505 518 81 y cuando supo quien era,

963 1559 460 74 y su noble nacimiento,

963 1612 460 73 con una ilustre señora

967 1668 543 70 le casó luego al momento,

965 1726 487 72 que Margarita se llama,

972 1771 365 68 cuyo divino sujeto

972 1825 435 76 supo unir lo soberano

972 1870 619 77 con lo hermoso y con lo régio.

974 1934 460 64 Vivia el gallardo mozo

976 1982 592 88 muy gustoso y muy contento

976 2037 476 75 con su perla Margarita,

972 2087 456 78 joya de subido precio,

978 2140 516 73 dejando rumbos de Marte

976 2196 522 97 por las delicias de Venus.
