1737 2508
175 206 573 82 y el Señor les dijo entonces:

171 269 410 69 ego sum, y se caían

173 315 529 69 en tierra todos postrados,

175 367 479 63 que moverse no podían.

173 415 504 74 Rióles el Señor licencia,

173 463 451 67 y con la saña maligna,

175 509 431 67 foriosos aprisionaron

173 555 456 67 al Redentor de la vida.

173 616 460 54 A palos, á puntillones

173 649 506 74 y á patadas lo derriban;

173 702 554 67 lo alaron de pies y manos,

175 750 431 73 juzgando se les iría,

175 796 529 69 y llevándolo arrastrando,

181 844 502 71 háeia la ciudad caminan

177 892 529 73 con algazara y estruendo,

177 946 416 65 con voces y gritería.

175 994 435 65 Entran en Jerusalen,

177 1040 531 71 y por balcones y esquinas,

175 1086 558 71 por puertas y por ventanas

179 1136 479 67 unos á otros se decían

173 1185 558 64 ya está aquí el fasineroso,

177 1233 481 62 el que se hacia Mesías.

179 1287 506 58 Se lo presentan á Anás,

179 1325 535 69 y á Cristo, por su doctrina

179 1377 452 69 y discípulos pregunta;

179 1423 531 69 y el Cordero sin mancilla

181 1471 550 65 dió una sumisa respuesta.

179 1527 577 57 Un traidor con mano inicua

179 1565 504 69 dió á Cristo tal bofetada,

181 1619 477 63 que le cruzó la megilla.

177 1678 581 54 Se estremecieron los cielos,

181 1711 479 71 y el Redentor le decia:

179 1759 529 73 en que ofendí tu persona,

177 1807 510 67 que asi maltratas la mia?

165 1853 627 90 Sufrió allí el Señor mil burlas,

179 1906 481 69 y Anás luego determina

179 1958 431 60 se lo lleven á Caifás,

177 2004 479 69 por ver lo que él haría.

177 2056 485 61 Le recibió muy gustoso

177 2100 458 67 pues deseado lo había;

177 2144 460 73 y á Jesús le preguntó,

181 2202 456 61 que siera él el Mesías,

181 2242 502 107 conjuróle por Dios vivo,

896 204 487 84 y el Señor le respondía:

896 261 677 69 tú lo has dicho, y muyen brave

896 317 458 63 entre nubes á la vista

896 365 577 63 tendréis al Hijo del Hombre.

898 411 479 69 Rlasfemado ha, repetía

896 453 680 71 Caifás: que esperáis mas prueba?

900 507 368 67 Una criada decia:

898 560 483 60 venis con el embustero?

896 604 483 64 á Pedro,y él respondía;

898 652 554 66 no he conocido tal hombre,

896 700 508 71 y luego el gallo le avisa.

894 752 583 63 Cayó San Pedro en su yerro,

898 800 385 65 y llorando se salía

900 838 569 75 hecho sus ojos dos fuentes,

900 896 504 65 dos canales susmegillas.

900 946 477 61 A Pilato al Señor llevan,

898 984 510 75 y este su inocencia vista,

900 1042 433 63 sabiendo ser Galileo,

896 1084 483 73 al rey Herodes lo envia;

898 1128 590 80 quiso hiciera algún milagro,

898 1180 535 69 mas Cristo no respondía.

900 1224 548 80 Le trató al fin como loco

907 1281 476 67 con vestidura ridicula,

907 1335 476 59 y á Pilato lo devuelve,

900 1375 579 71 porque hiciera de él justicia.

892 1419 686 69 Mas viendo el juez su inocencia,

900 1473 429 65 libertarle determina,

898 1517 458 73 quiso darle corregido,

898 1571 586 69 y lo entregó á aquella inicua

902 1615 479 71 é inhumana gente suya,

900 1665 531 69 que su corage desquitan.

905 1722 455 56 Con una púrpura vieja

902 1757 531 75 Rey de farsa lo publican,

900 1809 533 69 con una caña en la mano,

898 1853 462 69 y su santa Faz ceñida.

898 1910 529 65 Su sacra barba le mesan,

902 1954 481 67 de los cabellos le tiran,

902 2002 531 67 escupiéndole en el rostro,

905 2056 453 67 y doblando la rodilla;

902 2100 556 75 como á Rey le saludaban,

905 2150 526 67 y al darle golpes, decían;

905 2194 430 69 adivina quien te dió;

905 2246 485 119 si eres Cristo, profetiza
