2148 3034
402 1544 1374 175 LO CANSUNÉ DE LAS BARRAQUETAS

430 1724 442 103 A beure á tot bitxo aposto.

485 1790 220 63 ¡Vinga mosto!

425 1817 503 94 Y al que bons tassons no jala,

422 1868 417 66 El mateix que una cigala

425 1908 447 69 Jo 'l faig ballá panxa adalt.

384 1939 660 86 (Perque válgam la moreta del oncle, só

354 1992 698 76 capás de fe engullí un regiment de suissos

344 2037 700 58 per la gargamella del mes pintat, y arran¬

344 2078 713 81 cá las entretelas del cor del que desprecia

351 2111 271 76 una finesa meva!)

422 2144 539 88 Y el que s' hi torna si l' truco...

465 2192 306 65 Fuig que l' suco !!!

425 2224 473 89 Va al Hospital per desfilas!...

468 2267 207 66 Tant se val!

412 2303 448 83 Perque jo entre bonas filas

419 2351 377 73 Só el terne del arrabal.

404 2412 494 123 Faig las conquistas á cossas;

1237 1752 260 81 ¡Quinas mossas!

1201 1797 486 81 L' una caso, y l' altra planto,

1191 1843 397 70 Pero á totas las encanto

1191 1883 450 68 Be per forsa ó de bon grat.

1161 1913 655 84 (Perque jo, fills meus, no está per ala¬

1115 1964 693 76 barme; pero en que tragini la fila mes rat¬

1115 2002 696 78 llada que un mapa-mundi, per las moltas

1103 2047 708 71 llargandaxadas que 'ls xurís hi han fet, axó

1118 2085 693 91 es una honra; y despues que quan convé

1105 2128 478 69 só mes dols que una malva!)

1178 2171 537 86 A una el guerxo donant fondo...

1224 2212 225 60 ¡Quin arondo!

1186 2237 524 99 Treu el xuri y 'm diu: «Entra !»

1224 2290 225 63 ¡Vaya un gat!

1173 2318 499 76 Li vaig fé un trauet al ventre

1191 2369 450 83 Que may mes ha atximullat.

1181 2434 433 134 Al carrincló fill del Nanu,
