1695 2355
844 11 83 65 16

263 76 1225 75 levantóles José con las lágrimas en los ojos, y prometióles que su ca¬

263 137 1231 53 riño fraternal no cambiaria nunca, añadiendo: no califiqueis, amados

269 172 1221 61 hermanos mios, de crímen lo que conmigo hicisteis: Dios lo tenia de¬

274 217 1132 61 terminado así, y sus altos juicios deben ser siempre respetados.

324 261 1168 62 Con toda amistad iban viviendo, sin que nunca José mostrase

263 310 1229 56 preferencia por este ó por aquel, y sus hermanos y la familia toda

271 355 874 53 le idolatraban por su noble y generosa conducta.

328 394 1154 59 Mas como en este mundo todo tiene fin, y como todo lo que nace

267 439 1215 55 debe morir, sintiendo el Santo Patriarca que la muerte se acercaba,

263 478 1223 61 llamó al derredor de la cama á todos los suyos y les dijo como iba á

255 525 1223 59 abandonar este mundo dentro de breves instantes; pero que no te¬

265 569 1221 62 miesen, que Dios les visitaria y haciéndoles salir á su tiempo de Egip¬

269 616 1207 59 to para la tierra de Promision que habia prometido á Abraham, Isaac

261 665 1223 57 y Jacob, y que en su salida obraria con ellos muchas maravillas. Díjo¬

269 704 1215 63 les asimismo que cuando para ella saliesen llevasen consigo sus hue¬

261 753 1221 51 sos, para sepultarlos en el sepulcro de sus padres. Dichas estas pala¬

261 792 1214 57 bras, murió el Santo Patriarca á la edad de 110 años, habiendo man¬

261 841 1052 57 dado 80 en Egipto, segun el parecer de algunos escritores.

318 883 1162 57 Fué embalsamado su cuerpo, y su muerte llorada por todo Egipto.

257 926 1212 59 Hiciéronsele magníficos funerales y el cadáver fué colocado con gran

261 967 632 67 pompa cerca de los reales sepulcros.

318 1014 1149 57 Algunos autores aseguran que fué José honrado como á un Dios

249 1063 1218 51 entre los Egipcios, bajo el nombre de Sérapis, fundándose en las di¬

245 1104 1214 57 ferentes etimologías de este nombre, que segun todos manifiesta el

251 1146 1216 58 bien que José habia hecho en Egipto, por la fertilidad que le habia

253 1191 1127 65 proporcionado, de la cual era el símbolo el buey llamado Apis.

306 1242 1163 55 Las profecías y los deseos de José fueron cumplidos.—Sus huesos

243 1281 1214 55 descansaron en el sepulcro de sus padres, y los Ismaelitas habitaron

245 1324 1155 71 la tierra que Dios habia prometido á Abraham, á Isaac y á Jacob.

793 1656 94 78 FIN.
