1778 2345
289 226 1226 71 me-hablásteis? y dijo despues: Dios tenga misericordia de tí hijo mio.»

289 291 1226 49 Pero ne pudiendo detener las lágrimas que le salian de gozo y de

295 324 1220 64 ternura, se retiró á toda prisa de la vista de sus hermanos. Al cabo de

289 377 1228 56 un rato volvió con rostro sereno y mandó á su mayordomo previniese

291 424 1222 54 una espléndida comida, porque queria obsequiar á aquellos extran¬

289 467 593 64 jeros, comiendo en su compañia.

762 572 296 94 CAPITULO VII.

299 730 1216 71 José manda que escondan su copa en el saco de Benjamin, y les achaca este

324 787 1195 61 hurto, queriendo que Benjamin quede por su esclavo. Judá se ofrece que¬

322 826 284 59 dar en su lugar.

876 181 55 59 12

350 930 1165 66 Refiere la Sagrada Escritura que una vez concluido el banquete,

297 982 1234 57 los hijos de Jacob determinaron marchar á su tierra para sacar de

297 1027 1226 63 cuidado á su padre, lo que pusieron en obra al amanecer del dia

293 1070 1220 63 siguiente.—No quiso el tesorero recibirles el dinero de la otra vez,

285 1119 1236 55 diciéndoles, que él lo habia cobrado y que si lo habian hallado en

303 1162 757 57 los costales diesen por ello gracias á Dios.

332 1201 1191 61 De órden de José volviéronles á llenar de trigo los costales y en

293 1242 1228 67 el de Benjamin por su mandato, se escondió la copa en que bebió

293 1295 1230 57 durante la comida. Poco trecho habian andado, cuando vieron llegar

289 1340 1234 57 á ellos el mayordomo de palacio, quien les reprendió ásperamente,

293 1385 1222 64 de que no obstante el buen acogimiento que les habia hecho su amo,

287 1428 1232 59 le hubiesen hurtado la copa que él usaba y en la que solia adivinar.

354 1469 1159 63 Escusáronse como mejor pudieron diciéndole que no eran ellos

297 1518 1224 59 capaces de semejante accion; y consentian en que el delincuente fuese

293 1559 1230 62 castigado con todo rigor. Al momento ordenó el mayordomo regis¬

295 1598 1226 70 trar todos los costales, y habiéndose encontrado la copa en el de Ben¬

287 1647 1230 72 jamin, le mandó atar como ladron y llevar á José para que su delito

289 1688 1230 66 castigara. Llenos de consternacion los demás hermanos no sabian què

295 1729 1220 76 hacer ni qué decir: acompañaron á Benjamin á la presencia de José

293 1780 1226 74 y postrándose á sus plantas le suplicaron aceptase sus vidas en cambio

291 1825 1230 68 de la libertad de su hermano menor. Viendo que no hacia caso de

293 1862 1234 76 sus súplicas llegó al extremo su dolor, y adelantándose udá con

291 1913 1228 66 extrema humildad, pidió que le escuchase y le dijo: «Mi señor:

291 1952 1224 80 preguntaste la primera vez á tus siervos: ¿Teneis padre ó hermano? y

291 2001 1232 68 nosotros respondimos á tí mi señor: Tenemos un padre anciano, y un

289 2046 1240 78 hermano pequeño que le nació en su vejez, cuyo hermano uterino ha

291 2090 1232 69 muerto, y á este solo tiene su madre, y su padre le ama tiernamente.

295 2133 1222 90 Y dijiste á tus siervos: traédmelo acá, y pondré mis ojos sobre él.
