1707 2313
244 109 1219 62 vió encumbrado con tantas honras, vitores y aclamaciones que en al¬

248 163 1219 56 tas voces le llamaban EL SALVADOR DEL MUNDO, y con todos pre¬

256 212 1215 52 cedió tan humilde que no salió jamás de su boca una palabra siquiera

246 252 1210 60 de vanidad, ni mostró complacencia alguna de las honras y pompas;

252 298 1213 60 antes con todos se hizo muy tratable y humano y por esto le querian

248 345 317 55 entrañablemente.

302 370 1177 71 Si bien sirvió la casa de Putifar, mejor sirvió el reino de Faraon,

250 424 1217 63 Con suma prudencia, exquisita solicitud y fidelidad inviolable, fué

246 468 1219 63 visitando él por si todas las provincias de Egipto, y recogiendo granos

252 514 1215 66 para que su pueblo no pereciese de hambre en los siete años de

250 566 207 56 esterilidad.

312 601 1163 65 Llegaron estos, y entonces fué cuando el pueblo todo imploró la

254 645 1204 60 misericordia de su rey, quien le consolaba diciéndole: Sosegaos hi¬

256 695 1209 60 jos; id á José que él os socorrerá. Y efectivamente José á todos

248 736 1225 63 consolaba y socorria, volviéndose á sus casas alegres y contentos,

256 782 1211 54 aplaudiendo la misericordia de su rey y el buen gobierno de su con¬

252 828 328 56 sejero y ministro.

314 873 1163 56 Jamás conoció el rencor; nada nos dice la Sagrada Escritura de

260 909 1213 64 la mujer de Putifar; pero es seguro que José no se volvió á acordar de

252 956 1219 65 ella, y lo prueba la bondad con que abrió sus brazos á los mismos

254 998 513 71 que habian querido matarle.

840 48 49 69 10

740 1077 230 73 CAPITULO V

250 1177 1229 70 Los hermanos de José pasan á Egipto á comprar trigo.—El los conoce y

285 1233 1192 50 trata con aparente severidad y dureza.—Por último, dejando á Simeon

298 1266 1175 63 en prision, les deja volver á la tierra de Canaan, con la condicion de

297 1314 528 60 que le han de traer á Benjamin.

325 1389 1146 62 Bien pronto se resintió la tierra de Canaan de esta grande esteri¬

273 1437 1210 58 lidad, y sabiendo Jacob que en Egipto se vendia trigo, envió á sus

268 1484 1215 63 hijos para que compraran el necesario para la familia. José los reco¬

256 1526 1225 60 noció al momento y tuvo que violentarse para no arrojarse en sus

264 1568 1217 66 brazos. Mas fingiendo ceño y aspereza les trató como á espías que

258 1621 1227 55 iban con la escusa del trigo, á reconocer las fortificaciones y puntos

264 1667 1080 52 más flacos de la ciudad para dar cuenta de ello á los amigos.

322 1707 1149 54 Para sincerarse los hermanos de José, le respondieron que esta¬

264 1748 1217 63 ban muy lejos de ser traidores; que su condicion era apacible, que

273 1800 1210 54 eran todos hijos de un mismo padre que se habia quedado en Canaan

270 1840 1211 58 con el menor de los hermanos.—José les contestó finalmente que

264 1879 1221 65 para estar seguro de la verdad, uno de ellos que se quedara preso en

264 1933 1205 48 rehenes, mientras le traian y le presentaban el menor de los herma¬

258 1967 1229 60 nos.—Tocó la suerte á Simeon, que fué encerrado al momento. Hecho

254 2010 1236 75 esto, les dió licencia para marchar con sus cargas de trige; pero el
