1753 2480
202 252 455 66 Allá en la verde pradera

159 300 414 59 Matizada de mil flores,

161 348 359 55 Aspiré yo los olores

162 391 403 59 De alguna lozana flor;

168 434 439 59 Y en vez de mis alegrías

162 478 375 57 Me veia trastornado,

161 518 568 68 Pues, Cupido, me ha alcanzado

163 570 442 50 Con una flecha de amor.

209 614 416 52 Todo respiraba amores

165 658 423 55 Todo, todo ara ventura

170 701 426 55 Y ni nube de amargura

168 744 452 59 Vino el cielo á oscurecer;

170 789 386 59 Y yo me gozaba puro

162 828 557 64 Pensando en mi buena estrella

159 877 495 62 Porque suspiré á una bella

159 925 410 72 Adoré yo a una mujer.

978 248 503 68 ¡Oh! cuál bello es solazarse

937 303 507 60 De una mujer en los brazos,

935 348 389 57 O reposar en regazos

937 388 472 61 De un no fementido amor.

938 438 463 49 Mas que fuera yo dichoso

937 479 454 61 En los brazos de alegría,

935 526 419 51 No quiso la suerte mia

934 564 394 64 No lo quiso mi dolor.

983 606 542 66 ¡Y cuan dichosos los hombres

938 654 532 58 Que en pos de dicha mentida

941 702 397 51 Se gozan en esta vida

939 742 423 54 En este mar de placer!

938 785 482 55 Mas sordos á mis gemidos

945 833 455 58 Y cansados de ultrajarme

935 879 550 62 No quieren ¡ay! no enseñarme

939 924 390 69 Enseñarme de querer.

649 1106 536 70 No hay mas locura, á mi ver,

609 1164 410 56 Que se llame singular;

607 1212 480 67 Que creer que ha de callar

607 1267 385 70 El secreto una mujer.

208 1454 428 57 La mas perfecta señora

169 1501 449 55 Que mas fama alcanzará

168 1540 465 63 Siempre el defecto tendrá

166 1587 536 58 De ser, por fuerza habladora.

166 1634 465 55 Es cosa que me encocora

172 1678 410 48 Verles á muchos creer

168 1718 475 53 Que ha de callar la mujer

166 1760 476 55 Cuando ya sabemos todos

168 1802 640 60 Que hablan hasta por los codos.....

166 1854 536 58 No hay mas locura, á mi ver.

206 1895 478 65 A todas vemos chismosas;

169 1942 558 61 A cuanto hablan le dan creces;

166 1990 501 51 La que no cuenta dos cosas

168 2032 501 56 Cuenta una cosa tres veces.

168 2076 438 56 Por esto mujer, mereces

169 2119 430 59 Ser condenada á callar,

172 2163 386 57 Y no se te puede dar

168 2214 478 48 En el mundo mayor pena;

177 2249 516 60 Y aun no es tal esta condena

170 2292 397 77 Que se llame singular.

978 1448 452 62 La que será mas callada

939 1497 463 53 Se aguantará todo un dia

939 1540 490 66 Despues lo cuenta á su tia,

945 1585 402 61 Y despues á la criada;

939 1634 472 59 Despues á una camarada;

945 1676 419 58 Y despues irá á buscar

942 1716 491 59 Vecinas á quien hablar.....

939 1755 560 70 Porque es mas fácil por cierto,

939 1810 423 51 El resucitar un muerto

941 1848 490 64 Que creer que ha de callar.

979 1895 465 60 Ellas guardan su decoro;

941 1939 568 60 Guardan fiestas, quardan años;

939 1986 528 58 Nos guardan sus desengaños,

942 2029 524 58 Guardan plata, guardan oro,

942 2076 460 58 Guardan un fingido lloro

942 2117 465 59 Que nos hace enloquecer;

939 2160 452 56 Pero en llegando á tener

941 2201 614 65 Que guardar la lengua... ¡quieto!

942 2254 536 56 O bien mata á ella el secreto,

942 2294 422 78 O el secreto á la mujer.
