1860 2629
650.0 363.0 434.0 60.0 Este mundo es una bola

613.0 416.0 491.0 65.0 Y es claro que ha de rodar;

607.0 467.0 503.0 70.0 Diviértase el que mas pueda

606.0 528.0 412.0 72.0 Que algun dia llorará.

159.0 641.0 463.0 54.0 Es la fortuna inconstante

124.0 685.0 426.0 58.0 Voluble como ella sola;

122.0 731.0 525.0 59.0 Todo cambia á cada instante

122.0 775.0 531.0 64.0 ¡Que bien dijo un estudiante:

121.0 823.0 440.0 53.0 Este mundo es una bola.

160.0 867.0 478.0 54.0 Tal fué ayer rico altanero

122.0 905.0 535.0 63.0 Que hoy no tiene que mascar

128.0 955.0 507.0 63.0 Y está hecho un pordiosero;

121.0 997.0 516.0 66.0 Porque es redondo el dinero

125.0 1041.0 498.0 98.0 Y es claro que ha de rodar.

932.0 630.0 527.0 63.0 Pues siendo todo una rueda

898.0 676.0 364.0 67.0 Y subidas y bajadas

892.0 717.0 538.0 62.0 Nadie piense en lo que pueda

897.0 771.0 492.0 58.0 Venir, ni en cosas pasadas;

891.0 812.0 510.0 58.0 Diviértase el que mas pueda.

929.0 855.0 437.0 66.0 Si hoy está triste Zenon

891.0 898.0 298.0 67.0 Algun dia reirá

891.0 946.0 409.0 51.0 Bailando por otro son:

897.0 988.0 474.0 66.0 Y si hoy está alegre Anton

894.0 1034.0 336.0 68.0 Algun día llorará.

654.0 1159.0 517.0 72.0 Si eres con mi amor ingrata

612.0 1216.0 457.0 66.0 Dame tú la muerte luego,

615.0 1266.0 534.0 68.0 Que á un dolor tan horroroso

613.0 1318.0 462.0 82.0 La muerte Pepa prefiero.

169.0 1448.0 583.0 81.0 Tengo un volcán que me abrasa

127.0 1498.0 461.0 63.0 Hasta corroer mis huesos

132.0 1545.0 471.0 54.0 Y su ardiente y feroz lava

127.0 1590.0 422.0 54.0 Me matará sin remedio

128.0 1631.0 520.0 61.0 Si eres con mi amor ingrata.

169.0 1678.0 481.0 64.0 Si no me adoras con fuego

128.0 1719.0 425.0 68.0 Pepa mia dí, ¿por qué?

130.0 1767.0 470.0 64.0 No lo niegues puos lo veo

137.0 1809.0 429.0 60.0 Y ya que eres tan cruel

130.0 1854.0 457.0 76.0 Dame tú la muerte luego.

938.0 1429.0 515.0 79.0 Porqué ¡oh! cándida paloma

895.0 1489.0 497.0 63.0 La dicha que yo ambiciono

895.0 1537.0 433.0 57.0 No me dices deja toma?

897.0 1584.0 434.0 59.0 Así la tumba antepongo

898.0 1616.0 539.0 73.0 Que á un dolor tan horroroso.

938.0 1662.0 432.0 67.0 Solo tus gracias anhelo

904.0 1708.0 377.0 60.0 Y tu boquita de rosa

900.0 1745.0 577.0 70.0 Dime el sí, ó el no, muy presto,

901.0 1793.0 634.0 75.0 Pues que al verte á mi amor sorda

900.0 1843.0 450.0 89.0 La muerte Pepa prefiero.

831.0 2078.0 93.0 70.0 FIN.

220.0 2371.0 1239.0 97.0 Se hallará en Reus, en casa Vidal, Arrabal alto de Jesús, número 5.
