1753 2480
206.0 -6.0 565.0 127.0 An aquell que no siga bort,

163.0 88.0 409.0 62.0 si per cas es jugadó

161.0 132.0 417.0 64.0 i el treballá li fa pó,

161.0 177.0 444.0 73.0 li deixo la meva sórt.

204.0 214.0 540.0 83.0 Als que van per tot arreu

163.0 270.0 560.0 77.0 i que sempre están cridant,

165.0 318.0 486.0 66.0 i un empleo van buscan

165.0 363.0 465.0 81.0 los deixo la meva veu.

1015.0 33.0 477.0 76.0 Ya es poden acontentá:

963.0 95.0 510.0 64.0 canteume el Kirie leysòn

967.0 130.0 575.0 89.0 perque yo men vay del mon

965.0 183.0 420.0 71.0 i tot o tinc de deixá.

1012.0 227.0 453.0 60.0 Aquí teniu I'últim vot

965.0 256.0 635.0 97.0 i aquí os deixo en nom de Deu,

967.0 320.0 506.0 68.0 i com que no ya res meu

965.0 367.0 448.0 71.0 os u tinc de deixá tot.

498.0 417.0 860.0 186.0 ENTERRO....

208.0 657.0 439.0 62.0 A las tres del dematí

165.0 706.0 471.0 66.0 an aquella gran ciutat,

165.0 752.0 451.0 60.0 ningú de tot lo veinat

165.0 793.0 448.0 64.0 se va cuidá de dormí.

212.0 839.0 447.0 66.0 Norante tres escallóts

159.0 884.0 494.0 60.0 grossos a no pugué mes

163.0 938.0 473.0 54.0 sonaban per los carrés

165.0 977.0 506.0 58.0 i els tucavan nou ninots.

210.0 1014.0 509.0 62.0 Aguereu vist la gentusa;

163.0 1058.0 657.0 66.0 espentas, crits, quin tresbals!!...

169.0 1109.0 577.0 58.0 tan be rics, com manestrals

163.0 1157.0 506.0 54.0 tothom a veure la pussa.

217.0 1200.0 436.0 56.0 Una colla d'esmulets

165.0 1244.0 424.0 58.0 estaven encarregats

165.0 1285.0 494.0 60.0 de fe miulá tots los gats

165.0 1337.0 432.0 53.0 i de dispará cuhuets.

217.0 1380.0 477.0 58.0 Van llogá nou geperuts

169.0 1434.0 568.0 47.0 « ara que hi soc tot o xerru »

171.0 1477.0 469.0 52.0 per avisá per l'enterro

163.0 1502.0 531.0 70.0 sens pará de fe estornuts.

217.0 1566.0 483.0 48.0 «A cala pussa tot Deu»

165.0 1599.0 517.0 58.0 deya un boig en castella:

167.0 1640.0 581.0 65.0 «L'enterro aurém d'arreglá»

167.0 1698.0 527.0 54.0 va, feu vía que ya si veu.

219.0 1733.0 500.0 65.0 Va compareixén canalla

167.0 1789.0 467.0 54.0 tots agafats per la ma,

169.0 1833.0 463.0 53.0 i dos d'allá l'Ampurdá

165.0 1878.0 486.0 60.0 anavan tocan la gralla.

212.0 1924.0 445.0 49.0 A las vuit del dematí

167.0 1955.0 554.0 68.0 l'enterro ya es comensava,

171.0 2004.0 552.0 58.0 lo mes mal que pluviscava

167.0 2050.0 496.0 62.0 al moment que va surtí.

214.0 2103.0 612.0 54.0 Al davant «haveu d'entendre»

165.0 2132.0 649.0 79.0 i anava un que es diu Rumescu

167.0 2182.0 504.0 60.0 que ballaba el tiu frescu

167.0 2219.0 630.0 106.0 i un altra li anava a ensendra.

1010.0 653.0 511.0 74.0 En seguida una bandera

963.0 702.0 506.0 75.0 feta de llae d'una bassa,

965.0 754.0 542.0 80.0 no diré que valgués massa

963.0 801.0 479.0 67.0 pero de bonica hu era.

1015.0 841.0 481.0 84.0 Després anavan passán

965.0 894.0 420.0 52.0 una colla de fulanos

967.0 932.0 575.0 60.0 tot ballán lo ball dels nanos

965.0 975.0 593.0 64.0 i entre mitg d'ells un gegant.

1010.0 1027.0 528.0 74.0 Al detrás deu minyonetas

963.0 1058.0 463.0 74.0 i totas salta que salta,

959.0 1109.0 430.0 56.0 i l'una detrás l'altre

965.0 1153.0 463.0 62.0 tot anan fen figaretas.

1015.0 1196.0 547.0 62.0 I tot fen ram, patam, plam

965.0 1250.0 542.0 54.0 i bramán i fen mols trinus

965.0 1289.0 542.0 68.0 seguían un mun de guinus

967.0 1345.0 546.0 50.0 i tots ab uns mocs de pam.

1015.0 1382.0 514.0 64.0 I un vestit de Moro Musa

965.0 1421.0 595.0 62.0 marxava portant dos covens:

967.0 1471.0 554.0 64.0 junt ab una colla de jovens

967.0 1523.0 527.0 55.0 que tots anavan de pussa.

1012.0 1568.0 422.0 48.0 Era un vestit imitat

969.0 1599.0 519.0 72.0 ab las pussas que vayém;

965.0 1657.0 488.0 56.0 era una cosa ab extrém

963.0 1692.0 442.0 60.0 alló tan ben arreglat.

1010.0 1736.0 523.0 59.0 Després una gran música

967.0 1781.0 494.0 62.0 tocán un fandango trist:

967.0 1820.0 641.0 81.0 «diu que may del mon s'ha vist

969.0 1874.0 444.0 68.0 una cosa tan bonica.»

1015.0 1922.0 506.0 55.0 Eran a cual mes ganduls

961.0 1955.0 649.0 84.0 los músics i els grans panarras,

965.0 2002.0 554.0 70.0 se daban cops a las barras

965.0 2052.0 382.0 58.0 i patacades al cul.

1000.0 2089.0 546.0 78.0 I després d'aixó passavan

965.0 2147.0 453.0 60.0 una colla de bagasses

963.0 2176.0 537.0 82.0 i com estavan tan grasses

967.0 2229.0 506.0 120.0 totas alhora ploraran.
