1753 2480
115.0 28.0 534.0 71.0 Com que ya veurán vostés

62.0 93.0 483.0 45.0 que aixó deu se veritat,

57.0 128.0 484.0 55.0 o sino en aquella ciutat

55.0 177.0 536.0 56.0 no hu haurían pas imprés.

109.0 210.0 521.0 69.0 Ya saben que aquest mon

57.0 262.0 503.0 62.0 entre entradas i sortidas

57.0 314.0 577.0 49.0 cuasi que tot son mentides...

57.0 359.0 525.0 70.0 pero aixó si que no u son.

895.0 20.0 570.0 81.0 Perqué el que va lleigí alló,

855.0 82.0 366.0 60.0 podía se buñolero

855.0 134.0 527.0 58.0 pero no, res d'embustero,

849.0 177.0 575.0 54.0 d'aixó ya us en responc yo.

897.0 212.0 473.0 60.0 Dons com anava diént

851.0 256.0 552.0 70.0 perque cuasi res no ey dit,

853.0 314.0 517.0 68.0 aquell gran famós escrit,

847.0 349.0 225.0 70.0 deya aixó:

124 438 1345 126 MON TESTAMENT

107.0 630.0 585.0 74.0 Ya se que ey fet molt de mal

55.0 679.0 480.0 81.0 perque cap pussa fa bé,

55.0 741.0 451.0 58.0 pero quant me moriré

49.0 775.0 595.0 70.0 m'han de fe un gran funeral.

95.0 830.0 531.0 54.0 Cantareume «el gori gori»

51.0 868.0 426.0 55.0 aixó si, ben entonat:

53.0 915.0 525.0 56.0 si algú de mi está cremat

53.0 956.0 573.0 64.0 tampoc no caldrá que plori.

97.0 1008.0 483.0 58.0 Deixo yo primé que tot

53.0 1041.0 662.0 89.0 han aquell que ey fet gratá mes,

45.0 1089.0 426.0 60.0 lo mes petit interés:

53.0 1138.0 563.0 66.0 li deixo els quartos per dot.

105.0 1184.0 498.0 60.0 Las pelas las vull deixá,

55.0 1237.0 470.0 48.0 sense contá las agafas,

53.0 1266.0 536.0 67.0 als que siguin mes estafas

53.0 1312.0 552.0 72.0 i aixís no haurán d'estafá.

103.0 1364.0 515.0 59.0 Las monedas de vint rals

49.0 1401.0 467.0 64.0 son duros i els deixeré

53.0 1450.0 548.0 62.0 han aquell que no paga ré,

53.0 1502.0 542.0 54.0 m'agradan homes formals.

101.0 1543.0 475.0 54.0 I tot lo demés de plata,

53.0 1583.0 430.0 55.0 o deixo sense interés

55.0 1616.0 643.0 72.0 han aquell que sens mes ni mes

53.0 1671.0 705.0 73.0 han molts que están bons los mata.

101.0 1725.0 465.0 56.0 Ara tinc de deixá l'ort

49.0 1767.0 531.0 62.0 i no ya qui s'el mereixi...

53.0 1804.0 602.0 72.0 pero es precís que yo el deixi

53.0 1862.0 521.0 53.0 antes nom vinga la mort.

97.0 1903.0 545.0 56.0 Las dobletas de cinc duros

55.0 1942.0 552.0 66.0 la maitat son pels gurrerus

47.0 1988.0 558.0 60.0 i els altres pels embusteros

51.0 2031.0 513.0 62.0 i aixís surtirán d'apuros.

101.0 2070.0 504.0 77.0 Las dobles de quatre son

57.0 2128.0 525.0 58.0 pels mes dropus i dolents,

55.0 2167.0 544.0 65.0 i si acás no están contents,

53.0 2209.0 532.0 97.0 que vinguin al altre mon.

853.0 694.0 575.0 58.0 que cuasi ensenyan la seba,

899.0 617.0 593.0 91.0 Als que van vestits de draps

853.0 733.0 608.0 62.0 «com aixó es voluntad meva»

853.0 779.0 660.0 66.0 los deixo als meus mals de caps.

897.0 822.0 465.0 62.0 Al que es lleva dematí

853.0 876.0 492.0 56.0 pera guanyarse la vida,

851.0 915.0 653.0 62.0 han aquell pobre al dono a dida

849.0 952.0 620.0 60.0 o han aquell li deixo al dormí.

895.0 996.0 556.0 76.0 Al que sempre surt i entra,

853.0 1054.0 434.0 51.0 que mortifica la gent

855.0 1091.0 486.0 62.0 i que may está content:

849.0 1130.0 618.0 64.0 li deixo un bon mal de ventre.

897.0 1182.0 469.0 55.0 Al que em fará l'ataut

853.0 1221.0 550.0 62.0 li dono tot lo que em sobre

853.0 1275.0 490.0 58.0 pero si per cas es pobre

849 1320 471 52 o deixo ab un geperút.

895.0 1366.0 580.0 60.0 Al que per mi toqui a morts,

853.0 1407.0 511.0 60.0 que deurá se el campané

855.0 1448.0 511.0 58.0 han aquel li deixo també

851.0 1500.0 461.0 52.0 totas las vinyas i orts.

899.0 1521.0 496.0 84.0 Als fossés los vull deixá

851.0 1589.0 558.0 49.0 tot lo que costa una guerra

851.0 1628.0 538.0 60.0 i sent mil jornals de terra

855.0 1678.0 600.0 60.0 per quant m'hagin d'enterrá.

897.0 1715.0 616.0 68.0 Al que trobin que es mes xato

857.0 1771.0 546.0 49.0 «aixó hu deixo encarregat»

853.0 1808.0 513.0 56.0 ni que tinga el nas xafat

851.0 1847.0 573.0 66.0 li han de dá el meu retrato.

897.0 1907.0 496.0 48.0 Al que no es vulga casá

849.0 1938.0 525.0 68.0 i vulgui formá maranyas,

853.0 1988.0 507.0 76.0 li deixo totas las banyas

851.0 2039.0 412.0 56.0 del remat de bestiá.

895.0 2081.0 403.0 51.0 A la noya mes felís

853.0 2126.0 445.0 62.0 pel dia que fassi boda

849.0 2163.0 498.0 75.0 li deixo totas las modas,

851.0 2215.0 438.0 103.0 de portaru tot postís,
