1860 2629
122.0 1391.0 1498.0 177.0 UN DRAMA RIDÍCULO DE AMOR Y CELOS

52.0 1535.0 1619.0 123.0 entre un caballero y su sirvienta dos gatos y un mico

94.0 1737.0 397.0 116.0 Una linda cocinera,

50.0 1803.0 579.0 105.0 más alegre que unas Pascuas,

50.0 1870.0 522.0 84.0 y además de alegre, joven,

48.0 1934.0 522.0 77.0 y además de joven, guapa,

50.0 1991.0 397.0 57.0 servía á cierto señor

46.0 2030.0 511.0 73.0 que se vino de la Habana

46.0 2079.0 546.0 81.0 por no sufrir más el vómito

48.0 2136.0 465.0 81.0 y tener repleta el arca,

41.0 2182.0 540.0 83.0 y porque en aquella antilla

46.0 2241.0 493.0 76.0 el gran calor le ahogaba.

92.0 2287.0 476.0 79.0 Puso casa en Barcelona

46.0 2335.0 609.0 74.0 por darse al placer y holganza,

46.0 2385.0 557.0 70.0 que es ciudad do se disfruta

41.0 2447.0 533.0 92.0 si abunda el oro y la plata.

962.0 1759.0 566.0 114.0 Ella ganaba un buen sueldo,

962.0 1831.0 428.0 79.0 y en toda la barriada

960.0 1890.0 419.0 55.0 era la reina y señora

960.0 1934.0 492.0 70.0 de las mozas de la plaza

958.0 1978.0 627.0 98.0 aunque también malas lenguas

960.0 2041.0 518.0 64.0 sin descanso murmuraban

956.0 2090.0 476.0 63.0 de que ella y el señorito

954.0 2133.0 555.0 70.0 se entendían... sin palabras.

956.0 2190.0 568.0 92.0 La verdad es que ella nunca

951.0 2239.0 415.0 76.0 del amo se separaba,

951.0 2293.0 487.0 77.0 fuera por el matrimonio,

954.0 2344.0 524.0 70.0 ó por la herencia cercana.

1000.0 2403.0 526.0 68.0 Pero como en este mundo

958.0 2458.0 496.0 85.0 tenemos todos mil faltas,
