1834 2565
353 116 59 0 4

365 117 453 60 primeramente le mando

352 160 515 70 el alma á quien me la dió.

350 211 573 69 El cuerpo mando á la tierra;

354 269 592 64 pues que de ella se engendró:

348 316 474 64 como remanente de ella,

352 359 541 70 vuelva á entrar donde salió.

350 408 519 68 Cuarenta mil misas mando

352 465 556 69 por mi alma y mi intencion,

352 519 535 64 y ante del cuerpo presente

346 564 474 79 me dirán de Concepcion

346 613 515 73 diez y ocho por mi alivio,

348 675 556 66 y de Requiem treinta y dos.

346 720 523 62 Antes de mi enterramiento

344 771 444 60 me saquen el corazon,

346 818 449 66 y á Zaragoza lo lleven,

346 869 461 65 y en el Pilar ó escalon,

342 916 515 65 á las plantas de la Vírgen

342 972 386 58 allí le dén posesion.

348 1017 539 70 Y mis tripas muy inmundas

339 1066 439 71 lleven á san Salvador,

350 1122 477 60 y les dén su alojamiento

339 1175 398 56 de toda satisfaccion.

344 1216 472 72 Y mi cuerpo al Escorial,

337 1265 479 73 á las urnas, que ya son

337 1325 477 70 descanso de mis fatigas,

348 1378 468 64 y de los Reyes panteon.

337 1417 607 79 Cuatro millones que se hallan,

348 1474 500 71 que tengo de caudal hoy,

337 1526 535 70 de esos le mando una joya,

339 1575 526 62 de precio tenga un millon,

337 1626 423 60 á mi señora la Reina,

337 1677 554 67 mujer del que me engendró.

344 1720 481 75 Y otra joya muy costosa,

335 1776 498 64 de mucho precio y valor,

335 1823 552 62 mando le dén á mi hermana

333 1870 586 70 la Reina, á quien guarde Dios

335 1923 552 64 en compañia de mi hermano

335 1977 470 68 en matrimonio y union.

344 2026 419 66 A la poderosa Vírgen

337 2079 359 71 de Zaragoza le doy

337 2128 524 65 seis mil ducados en plata:

337 2178 470 100 diez mil á san Salvador,

1064 113 511 75 cuatro mil á la de Atocha,

1077 175 479 64 que son de mi devocion.

1062 222 483 64 Su llustrísima de Sevilla

1058 273 468 60 con dos letras me pidió

1060 318 530 79 ciento y setenta mil pesos,

1058 374 495 70 se los presté, y los gastó

1060 423 570 79 en pan con pobres mendigos;

1058 470 472 72 no los pido, porque son

1058 527 461 67 escalones para el cielo,

1060 581 519 62 y en la tierra paz y union.

1055 630 518 58 Al de Toledo otros tantos

1064 688 442 60 presté, y en esta sazon

1058 733 487 62 no piden á nadie cuenta,

1064 782 526 55 porque á pobres se les dió.

1060 825 487 72 Y lo demas que quedare,

1051 874 436 72 hecha ya la particion,

1060 925 421 71 por legítimo heredero

1049 974 573 77 dejo á mi hermano, y le doy

1049 1034 477 60 de san Juan el priorato,

1049 1079 400 68 de Malta la religion,

1049 1126 569 73 con cincuenta y seis lugares,

1053 1186 462 55 que de mi dominio son.

1051 1231 490 60 Digo á todos los oyentes

1058 1291 489 57 que ahora presentes son,

1053 1335 520 60 si les ofendí algun tiempo,

1055 1385 404 57 á todos pido perdon.

1062 1429 472 67 Tenga silencio la pluma,

1053 1483 571 64 tráiganme la Extrema uncion,

1058 1541 577 59 que estoy mirando el cuchillo

1051 1583 466 62 que mi cuello amenazó.

1049 1633 513 64 Recibió la Uncion divina;

1047 1688 534 56 con un santo Cristo habló:

1047 1733 464 66 Misericordia, Dios mio;

1055 1793 524 64 porque ya acabando estoy,

1051 1838 466 66 y tengo fletado el barco

1051 1891 404 62 para mi navegacion;

1045 1940 483 62 no permitais se despeñe

1045 1990 402 62 ni tenga tribulacion.

1045 2034 530 67 Si entrare por mis pecados

1047 2088 466 68 en cárcel de mi prision,

1045 2141 506 67 á costa de vuestra sangre

1049 2188 430 90 yo buscaré un fiador;
