1849 2546
275 154 49 68 8

280 212 494 70 y porque por mí defensa

284 269 637 66 perdió un ojo en un reencuentro,

273 314 501 63 es Marques de Villa-fiel:

282 362 575 68 pues que siendo fiel y atento,

271 407 576 70 sirvió á Dios, al Rey y á mí,

275 468 436 56 con desinterés y celo.

275 515 478 72 A las Señoras Descalzas,

273 562 552 68 darás, así que haya muerto,

275 625 448 56 el cofrecillo de concha

275 670 572 64 que quité á Aliatar soberbio,

275 719 529 61 cuando, si tienes memoria,

275 774 614 57 me metí en tan grande empeño;

280 825 537 59 que á no valerme el valor,

278 876 426 59 me llevára prisionero.

280 920 354 66 Darás la tapicería,

284 971 526 66 que contiene el nacimiento

273 1018 523 61 de mi señor Carlos quinto,

273 1073 612 62 á quien Dios tiene en el cielo;

278 1118 583 65 que sabes la gané en Flandes,

275 1177 576 57 de veinte y dos años siendo:

275 1219 495 68 si fué dádiva de España,

278 1279 590 61 yo la cobré á sangre y fuego.

280 1321 550 68 Tambien te pido y encargo,

278 1372 600 68 que á cuantos Santos vinieron

282 1430 488 61 para interceder con Dios,

275 1474 465 66 les hagas algun cortejo.

273 1527 463 60 Darás algunas limosnas

275 1584 472 58 á iglesias y monasterios,

278 1625 543 70 que sirven de bien al alma,

282 1682 565 66 ya que no puedan al cuerpo.

278 1724 469 68 A Sor Juana de la Cruz

273 1777 446 62 harás dar aquel dinero

280 1828 471 73 que queda para retablo,

280 1875 639 76 que sé que el rey gusta de ello;

280 1926 528 78 y di á las demas Religiosas,

282 1977 562 68 que perdonen, que mi afecto

278 2041 405 57 deseaba remediarlas;

987 207 562 68 llámame Dios; ya no puedo.

987 263 562 67 Á Dios, Grandes de Castilla,

985 320 503 66 á Dios, ciudades y reinos,

987 371 465 55 á quien estima mi amor

989 417 435 60 con un cordial afecto.

997 462 576 70 No puedo á todos nombraros,

991 515 520 72 porque me falta el aliento,

987 574 482 66 y siento viene el letargo

985 621 520 62 cercando mi triste cuerpo.

987 666 558 68 Ya me ha comenzado el frio,

987 721 560 61 que pienso será el postrero:

982 768 537 67 ruego á todos me perdonen

985 821 530 61 con cristiano y santo celo;

993 865 522 77 y á la Vírgen del Sagrario,

989 922 471 58 de Guadalupe y Loreto,

993 971 588 68 del Buen Suceso, y la Aurora,

991 1026 522 58 de Monserrate y Consuelo,

985 1075 360 60 á la de la Soledad,

985 1122 517 70 Almudena y los Remedios,

982 1173 582 63 con la gran Reina de Atocha,

989 1222 524 70 que es del patronato regio,

989 1281 518 62 pido que sean mi amparo,

985 1323 475 62 mi refugio, mi consuelo,

991 1381 456 65 para que despache bien

987 1432 471 53 en el tribunal supremo.

985 1474 530 64 De Maria el dulce Nombre

985 1523 481 59 es mañana, y segun veo

985 1572 467 68 á las doce horas del dia

991 1635 448 58 estaré en juicio puesto.

989 1676 405 61 Y á la hora señalada

985 1722 500 70 le dió el letargo postrero,

982 1777 540 62 con que invocando á Jesus,

982 1824 648 66 se fué el alma, y quedó el cuerpo.

980 1877 486 64 El cual con real aparato

985 1932 522 58 fué llevado á san Lorenzo,

985 1971 562 72 quedando tristes los Grandes

987 2026 505 74 y llorando todo el pueblo.

278 2274 1339 95 Barcelona: Imprenta de los Herederos de la V. Pla, calle de Cotoners.
