1857 2558
221 198 514 72 pues sufragios y oraciones

213 249 486 62 son escalas para el cielo.

213 298 567 66 A Dios, que estaréis cansado

213 362 548 53 de llevar la noche en peso:

215 405 426 63 estimo vuestro cariño,

217 460 644 57 que en vuestra edad pasa á exceso.

211 511 518 58 Si al salir os preguntáren,

215 556 556 64 que como queda el enfermo,

208 601 527 68 les diréis que estoy mejor,

225 654 502 66 pues méjoro para el cielo.

217 701 529 70 Duque de Sessa, mi amigo,

219 750 533 74 ya ha llegado aquel tiempo

215 801 448 64 de saber de los amigos

213 850 509 66 la verdad ó el fingimiento,

217 905 644 67 Muy bien sé, que siempre fuisteis

217 952 439 69 fiel y leal á mi afecto;

213 1006 518 61 Dios os dé muy larga vida

213 1050 507 69 con felicidad y aumentos,

219 1110 490 66 y por último os encargo,

223 1161 604 64 que despues de ser yo muerto,

219 1212 363 54 visiteis y consoleis

217 1251 518 68 á mi Rey y amado dueño;

219 1313 508 61 que no tome pesadumbre,

219 1364 525 62 y que prosigan los fuegos;

221 1409 491 63 pues es primero mi Rey,

219 1453 559 66 y un vasallo importa menos.

215 1500 539 79 Prosigan tambien las galas,

215 1564 480 51 máscaras y lucimientos;

208 1607 551 64 las campanas no se toquen,

217 1658 642 62 aunque sepan que yo he muerto.

215 1705 475 64 Don Gerónimo de Eguia,

215 1760 497 62 cansado estaréis, lo creo,

213 1803 522 66 de haber sufrido tres años

215 1863 646 59 á un hombre que es tan molesto.

211 1914 454 55 Ofrecedlo en sacrificio,

219 1965 542 64 que juzgo que será acepto;

221 2016 555 62 pues al que ejerce tal oficio,

215 2065 541 60 muy gran lástima le tengo;

221 2110 636 70 porque ha de entender con tantos,

219 2165 463 62 y negocios tan diversos,

217 2210 563 62 con las contínuas audiencias

217 2261 531 98 y los muchos descontentos,

923 196 535 70 á quien siguen maldiciones,

927 255 507 62 que nunca temí, confieso;

929 298 495 70 porque si en algo lo erré,

923 353 452 54 fué error de celo lleno.

927 394 492 66 Ya es hora de despachar,

921 449 501 68 acudid á vuestro empleo,

931 496 516 73 y asistid mucho á mi Rey,

925 547 471 73 como yo de vos espero.

929 598 392 62 Portocarrero el leal,

929 641 567 75 que siempre fuistes siguiendo

927 701 454 68 las mismas calamidades

933 752 474 70 y trabajos de mi dueño:

925 805 456 62 solo te pido y encargo,

923 859 522 59 mires por tus compañeros,

921 901 526 73 que á mi señor y á mi Re;

925 957 507 64 le he suplicado lo mesmo,

927 1001 482 73 y me ha dado la palabra

925 1057 550 62 con gran cariño de hacerlo,

921 1108 458 62 sin reservar á ninguno,

921 1159 646 58 desde el grande hasta el pequeño

931 1204 433 60 Ya le dejo á cada uno

923 1261 522 64 de mi parte lo que puedo,

938 1310 460 64 porque los bienes raices

923 1355 520 64 han de volver á su centro.

923 1402 573 68 Que me encomienden á Dios,

923 1453 575 71 rezándome un Padre nuestro,

921 1513 449 60 cuando tuvieren lugar

925 1560 567 70 que para todo habrá tiempo;

925 1607 488 74 y que perdonen la poca

921 1669 515 57 caridad que usé con ellos,

929 1707 552 75 pues sabe Dios que quisiera

929 1765 576 66 que quedaran muy contentos,

929 1818 557 64 y que todos me acompañen,

918 1856 469 66 hasta dejar este cuerpo,

925 1909 405 69 depósito de gusanos,

923 1967 516 53 encerrado en san Lorenzo.

923 2005 484 71 A don Fernando Carrillo

921 2065 590 64 le escribiréis que soy muerto,

921 2116 614 66 porque me encomiende á Dios,

925 2174 586 57 que sé lo hará, como bueno;

921 2212 552 64 siempre le amé con verdad,

927 2274 559 75 por su valor y su esfuerzo;
