1860 2629
1082 324 247 64 (Núm. 26.)

670 1180 400 122 SATIRA JOCOSA

305 1291 1128 93 DE LOS NOMBRES, COSTUMBRES Y PROPIEDADES

444 1406 856 137 DE LAS SENORAS MUJERES.

290 1610 542 84 Supuesto que me han pedido

257 1663 393 57 con politicas palabras,

257 1708 434 50 algunas de estas señoras

257 1746 393 51 algo risueñas y ufanas,

254 1780 456 57 que las cante alguna cosa,

255 1816 520 66 ya obedezco á lo que mandan:

257 1869 470 47 ya estoy dispuesto á cantar

254 1900 476 57 al son de aquesta guitarra;

254 1939 480 61 pero ahora me ha advertido

254 1981 387 53 un amigo y camarada,

254 2012 526 70 que el pedirme á mí que cante

254 2059 435 58 es por celebrar la chanza.

254 2104 410 45 Esto es burlarse de mí,

257 2135 473 57 y es baza muy bien sentada,

255 2177 477 53 pues lo que hacen con otros

255 2209 525 76 no es mucho conmigo se haga.

257 2253 409 78 Y con mis ojos he visto

878 1619 413 59 que llegan alborotadas,

886 1662 408 54 diciendo: señor Fulano,

886 1695 556 70 si es cosa que á usted le agrada,

885 1742 370 53 cántenos unas folías,

883 1767 594 83 que lo hace usted con mil gracias;

889 1827 383 52 y yo para darlas gusto

886 1862 398 55 no replico una palabra.

889 1897 477 63 Tomo asiento y mi vihuela,

888 1939 456 57 y al tenerla bien templada,

883 1979 468 59 luego que á cantar empiezo

886 2033 446 52 comienzan ellas su parla:

883 2059 329 48 dice la una: Jesus,

883 2091 436 64 qué voz tan desentonada,

883 2136 424 51 parece que esta oseando

885 2177 443 59 con esa habla apástorada.

883 2217 433 55 El cuerpo cuál lo menea,

882 2260 425 68 parece á don zarandajas;
