1753 2480
217 212 445 64 poquito presume el canto,

217 259 458 59 por mi vida que se engaña,

217 300 456 56 por que él abre tanta boca

217 334 425 55 como la puerta monaica;

217 374 414 50 el canta a ojos cerrados

221 407 466 68 y no se le entiende palabra

223 456 438 57 ya le ha dado carraspera

224 496 431 57 y es de beber carraspada;

219 529 474 62 el pobre se está ahogando,

221 569 472 60 porque aquella tos es mala.

223 606 511 69 Traigámosle un par de huevos

221 651 437 61 por si aclara la garganta,

221 697 397 56 ó démosle pan y queso

221 732 425 60 por ver si con eso calla.

223 768 401 61 Luego dejan esta tema

232 812 450 58 y unas con otras enzarzan

221 848 425 55 distintas conversaciones

221 887 479 65 allá á su modo, estremadas.

224 932 415 55 Dice la una: ¿no sabes

226 974 366 45 como se casa Fulana

227 997 511 65 con Fulano? Y plegue à Dios

227 1048 400 58 que si con ella se casa

227 1084 462 59 no le ponga en Carcabuey,

228 1118 557 66 que es lugar que muchos pasan.

228 1166 375 60 Otra dice: mi vecina,

231 1198 463 69 ¿quién no ve la santularia,

231 1246 448 58 papar santos en la iglesia,

235 1281 485 63 y con industria y con maña

230 1325 482 56 le hace al marido que coma

232 1369 440 58 pimientos de cornicabra?

234 1398 574 69 —¡Pues la otra mosquita muerta,

231 1449 528 59 porque el marido es bragazas,

230 1483 446 61 en los cuernos de la luna

231 1518 503 62 me lo ha puesto, la taimada!

234 1562 515 63 —¿Pues y el otro boquirubio,

231 1603 459 64 que triunta, pasea y gasta

234 1642 331 56 á costa de la mujer

235 1675 467 62 porque la sufre y aguanta?

237 1726 474 55 Y otra dice: pues ¿no sabes

232 1770 466 48 como un casamiento tratan

232 1803 440 47 con Domingo el zapatero?

238 1832 495 73 y lo que á mi mas me pasma,

235 1883 455 51 que siendo un pelafustan,

238 1919 478 60 le entreguen una muchacha

238 1960 555 68 que es discreta, hermosa y rica;

239 2001 463 60 la verdad está averiguada,

242 2041 374 61 y á él le hacen raton,

239 2081 494 64 pues le aperciben la trampa

239 2127 416 88 Otra dice: amigas mias.

848 202 461 63 yo no me espanto de nada,

847 248 462 56 porque todos nos mojamos

847 285 453 62 cuando cae recia el agua.

847 327 418 53 Otra responde: yo tengo

846 365 460 56 al sacristan de Churriana,

851 406 374 56 y la cera que recoge

848 439 440 57 entre domingo y semana,

850 476 477 64 la vende y me dá el dinero;

848 515 505 65 entra y sale y santas Pascuas

850 558 411 55 Otra dice: compañeras,

851 607 404 46 tenemos mala cartada,

854 644 471 50 que yo tengo un peluquero

857 679 470 53 que ya me tiene enfadada:

854 721 471 58 pues nunca le he merecido

854 757 438 54 ni una libra de azofaifas;

862 803 432 48 y cuando viene de noche,

855 837 476 64 despues de no darme nada,

855 877 437 55 me dirige mas preguntas

854 916 532 62 que tiene un misal de Pascaa;

859 954 378 62 y me trae entretenida

857 994 461 55 con que de hoy á mañana

857 1034 464 59 dice aguarda conveniencia

861 1078 464 54 y que seré bien premiada,

861 1116 428 57 mas nunca llega este dia

868 1151 489 55 y asi no sé lo que me haga.

864 1191 457 58 Y las demas la responden:

861 1233 405 59 esa es valiente bobada;

862 1270 589 66 ¿qué mas quiere el muy taimado

859 1315 384 53 si cuanto desea halla?

861 1354 413 59 eso lo mismo se hiciera

862 1394 412 54 al borrico de la cuadra;

875 1431 505 62 y pues que no es de provecho

864 1475 413 50 darle con las calabazas;

864 1516 507 53 que no es razon que tú estés

864 1552 417 51 sacándoles las entrañas

864 1589 398 61 á otros por darle á él;

866 1628 462 63 esa es doctrina muy mala:

866 1671 457 53 tan solo hemos de querer

869 1709 449 62 y adorar dentro del alma,

866 1747 512 66 no aquel que nos diga, dame,

866 1791 474 55 sino al que digamos, daca:

868 1832 501 63 ¿cómo podrá dar buen manto

869 1868 418 62 el que tiene mala capa?

872 1916 409 58 Y todas de esta manera

869 1960 405 50 pareceis unas urracas,

868 1989 437 58 refiriendo cuentos viejos

869 2028 425 60 con risa y con algazara,

872 2069 493 59 con chanza y con alboroto,

873 2110 492 90 no atendeis á lo que cantan,
