1712 2349
362 23 529 84 Al qual respon lo bon pare:

313 86 519 74 No estigas queixós, fill meu,

317 142 495 63 per tu quedará la herencia,

313 195 452 61 tot lo que jo tinch es teu.

309 234 449 67 Mes convenia fer festa

311 285 407 69 als parents y vehinat;

311 338 462 59 al fill que per mort tenia,

311 387 411 69 ara l' veig ressuscitat.

452 481 308 72 EXHORTACIÓ.

364 555 515 85 Del pródich aquesta historia

309 630 351 57 avisa á tot pecador,

315 677 564 60 que axí usa l' Rey de la gloria,

317 724 444 107 perdonant al qui ab dolor

961 37 449 76 de tot cor á Deu se torna,

973 99 458 61 que olvida tots sos pecats;

971 144 490 65 ab sa gracia Deu lo adorna,

975 197 472 57 retornantlo á sa amistat.

1016 240 578 67 Pecador, ¿qué es lo que intentas,

971 289 517 63 digas, qué es lo que pretens,

981 340 468 57 quant á tos vicis contentas,

977 383 464 63 fugint de Deu á qui ofens?

973 436 547 65 ¿Cóm has dissipat la herencia

967 485 488 59 de sa gracia omnipotent?

961 532 560 55 No obstant trobarás clemencia

967 579 502 76 en Deu, si hi vas penitent.

468 1109 932 147 Barcelona: Estampa dels Hereus de la Viuda Pla.
