1866 2556
247 958 1146 130 DIALOGO ESPIRITUAL

372 1065 895 117 ENTRE LO FILL PRÓDICH

662 1160 315 158 Y SON PARE.

213 1352 492 68 A un bon pare, que tenia

161 1401 480 66 dos fills, li digué 'l petit:

159 1448 511 74 Donaume lo quem pertoca,

170 1505 426 66 que jo vull lo pa partit.

161 1552 465 71 Com lo pare repugnava,

166 1597 353 62 lo fill atrevit digué,

164 1631 498 79 lo quens conta lo Evangeli,

164 1691 426 72 que breument referiré.

217 1742 520 62 Pecador, per ta ensenyansa,

166 1789 398 72 per corregir ton abús,

166 1831 526 66 nos proposa aquesta historia

166 1887 438 59 nostre redemptor Jesus.

166 1936 432 59 Gran mérit en aplicarla

166 1980 464 94 tindrás si es á tu mateix,

835 1348 462 74 y jo també en explicarla,

839 1403 419 68 y passá com se segueix.

879 1452 531 64 Digué 'l pródich á son pare:

835 1488 466 73 Jo estich resolt finalment,

832 1539 524 71 de anar á terras estranyas,

843 1595 501 64 per víurer alegre y content.

839 1640 447 64 O pare, donáume luego

835 1686 445 71 lo que me pot pertocar;

843 1733 488 75 perque ja no tineh sossego.

841 1789 492 66 jo estich resolt de marxar.

886 1827 534 68 Diu lo pare ab ulls plorosos:

845 1876 533 70 ¿Perqué vols tu, ó fill meu,

843 1931 409 64 fer actes escandalosos,

837 1974 470 111 fent alló que no vol Deu?
