1860 2629
248.0 427.0 61.0 76.0 40

883.0 508.0 69.0 73.0 IV.

178.0 609.0 383.0 64.0 Así cantó la hechicera

181.0 654.0 387.0 61.0 Y el poeta la escuchó

178.0 705.0 380.0 51.0 Con reverente silencio;

178.0 743.0 394.0 51.0 Que el sonido de su voz

176.0 787.0 436.0 52.0 Penetraba en lo profundo

175.0 836.0 374.0 65.0 De su opreso corazon.

949.0 615.0 395.0 61.0 Ya su pecho suspirando

946.0 661.0 382.0 61.0 Libre de la lucha atroz

949.0 712.0 415.0 47.0 Que entre dudas y deseos

946.0 758.0 428.0 54.0 Por tanto tiempo ocultó,

946.0 800.0 415.0 55.0 A templar tornó su lira,

949.0 848.0 326.0 51.0 Y con sosegada voz,

934.0 876.0 476.0 79.0 Aunque un tanto conmovida

946.0 934.0 414.0 63.0 De este modo se espresó.

750.0 996.0 337.0 123.0 (CANCION.)

176.0 1139.0 688.0 79.0 —«Feliz mil veces yo, mi bella hermana,

295.0 1204.0 437.0 57.0 »Que al pié de tu ventana

170.0 1237.0 486.0 57.0 »Podré ya tu belleza celebrar!

172.0 1283.0 560.0 72.0 »Y de la noche en silenciosa hora,

293.0 1330.0 411.0 66.0 » Hasta el salir la aurora,

172.0 1381.0 523.0 86.0 »En tu loor mis cantos entonar!

946.0 1158.0 564.0 76.0 »Angel encantador! yo te bendigo,

1068.0 1212.0 420.0 64.0 «Porque de un fiel amigo

942.0 1250.0 501.0 65.0 »Las súplicas acojes con amor:

943.0 1292.0 629.0 86.0 »Que siendo mis cantares con ternura

1068.0 1349.0 377.0 53.0 »Escudo tu hermosura

942.0 1387.0 573.0 83.0 »Nadie osará ultrajar á tu Cantor!»

246.0 1653.0 412.0 50.0 Ya se notaba en Oriente

242.0 1697.0 392.0 57.0 Del dia el primer albor,

241.0 1742.0 447.0 66.0 Cuando á la espalda su lira

241.0 1787.0 444.0 63.0 Retirábase el Cantor

239.0 1835.0 456.0 78.0 Retrataba en su semblante

1012.0 1571.0 373.0 69.0 El placer del corazon.

1012.0 1713.0 411.0 52.0 Feliz noche! tu recuerdo

1016.0 1755.0 396.0 60.0 En mi mente se grabó,

1011.0 1798.0 462.0 66.0 Porque yo adoraba á ELISA

1012.0 1846.0 434.0 73.0 Y era yo aquel Trovador!

1447.0 1903.0 149.0 57.0 —J. A. C.—
