1753 2480
1507.0 28.0 72.0 120.0 3

175.0 115.0 592.0 54.0 »Celebre ya mi lira esta hermosura:

141.0 159.0 506.0 54.0 »Celebre de bondad ese tesoro:

143.0 206.0 670.0 54.0 »Mas nunca, ay! apesar de mi amargura

143.0 246.0 611.0 55.0 »Mis trovas la revelen que la adoro!»

909.0 150.0 463.0 62.0 Así dijo frenético el amante

915.0 198.0 628.0 58.0 Y un arpejio se oyó de su instrumento

909.0 236.0 733.0 71.0 Al que uniera despues de un corto instante

926.0 290.0 556.0 72.0 El jóven trovador su ronco acento.

861.0 398.0 60.0 53.0 II.

467.0 508.0 270.0 67.0 (CANCION.)

179.0 626.0 680.0 51.0 —«Niña Hermosa que duermes tranquila

148.0 673.0 626.0 59.0 »Ay! dispierta un momento y atiende

144.0 721.0 571.0 51.0 »A la voz del mortal que pretende,

144.0 768.0 546.0 54.0 »Que le admitas por tu Trovador.

173.0 800.0 561.0 66.0 »No desoigas mi súplica humilde;

143.0 848.0 643.0 77.0 «Que aunque el pecho no libre respira,

144.0 891.0 531.0 59.0 »Solo anhelo cantar eon mi lira

141.0 932.0 561.0 58.0 »Tu hermosura, virtud y candor.

175.0 1019.0 598.0 66.0 »En buen hora ambicionen serviles

143.0 1080.0 561.0 59.0 »El favor obtener de un magnate;

147.0 1128.0 525.0 48.0 »Yo tan solo, y demócrata vate,

147.0 1173.0 520.0 75.0 »Ambiciono á una bella cantar.

939.0 624.0 709.0 66.0 «Y dó un pueblo hay que impávido luche

923.0 670.0 579.0 59.0 »Con las hordas del vil despotismo,

913.0 725.0 10.0 43.0 »Yo ambiciono cantar así mismo,

916.0 760.0 507.0 84.0 »A ese pueblo y á su Libertad!

948.0 830.0 594.0 86.0 »Largo tiempo hermosísima ELISA

917.0 899.0 597.0 57.0 »A los dos la amistad nos hermana,

917.0 938.0 532.0 59.0 »De mi afecto pues solo dimana

916.0 980.0 503.0 62.0 »Que pretenda cantar para tí:

944.0 1009.0 650.0 80.0 »Ah! no, hermosa la gloria me niegues

915.0 1073.0 631.0 62.0 »En tu loor de entonar mis canciones:

915.0 1121.0 581.0 59.0 »Goce el alma en dulces emociones

917.0 1162.0 543.0 68.0 »Escuchando de tí, un dulce SI!»

861.0 1285.0 73.0 63.0 III.

183.0 1387.0 492.0 61.0 —Aquí exhalando un suspiro

147.0 1433.0 366.0 53.0 Cesaron del Trovador,

146.0 1472.0 408.0 60.0 Los arpejios de su lira

151.0 1522.0 369.0 56.0 Y el sonido de su voz:

148.0 1570.0 341.0 55.0 Del eco fiel repetido

146.0 1609.0 403.0 60.0 Un dulce SI! se escuchó

147.0 1658.0 518.0 60.0 Que entre los pliegues del aura

150.0 1704.0 423.0 60.0 Rápido asáz se estinguió!

181.0 1798.0 375.0 50.0 En la ventana elevada

150.0 1847.0 386.0 50.0 Fija su vista el Cantor,

155.0 1890.0 400.0 54.0 Y en el jirar de sus ojos

155.0 1937.0 408.0 52.0 Nótese el tormento atroz

151.0 1986.0 358.0 61.0 De la duda y el deseo

921.0 1390.0 389.0 55.0 Que abriga su corazon;

920.0 1426.0 465.0 57.0 Cuando en ella con sorpresa

923.0 1471.0 329.0 65.0 ELISA se presentò,

923.0 1519.0 456.0 55.0 En blando cendal envuelta

921.0 1565.0 385.0 48.0 Cual celeste aparicion:

956.0 1605.0 478.0 66.0 Mas hermosa es que la Luna

927.0 1653.0 390.0 58.0 Pues eclipsan su fulgor

928.0 1701.0 423.0 50.0 Los hechizos de su rostro

926.0 1742.0 461.0 61.0 Que imágen viva es del Sol.

957.0 1792.0 422.0 56.0 Al salir entre el silencio

927.0 1835.0 368.0 59.0 Su dulce voz resonó...

927.0 1883.0 402.0 58.0 Esa voz grata y sublime

927.0 1924.0 427.0 80.0 Que embriaga el corazon!

791.0 2079.0 238.0 73.0 CANTO.

188.0 2187.0 707.0 75.0 —«Por qué ajitado, así, Cantor, tu pecho

155.0 2247.0 597.0 55.0 »De mi cariño duda y cruel suspira,

155.0 2292.0 569.0 70.0 »Sabiendo que me place de tu lira

155.0 2342.0 509.0 106.0 «Escuchar el armónico rumor?

951.0 2185.0 713.0 71.0 »Calma, calma ese afan, que el blando lecho

935.0 2243.0 578.0 51.0 »Yo dejaré gozosa en un momento,

935.0 2287.0 545.0 64.0 »Al oir de tu voz el grato acento,

934.0 2329.0 667.0 101.0 »Que es digno de un sublime Trovador!»
