1753 2480
161.0 66.0 56.0 85.0 38

427.0 129.0 48.0 54.0 II.

125.0 197.0 502.0 75.0 Nengú em guaña en llibertad:

125.0 257.0 423.0 58.0 A nengú la vida embetje;

126.0 303.0 408.0 62.0 En cap chica yo festeije;

121.0 345.0 420.0 65.0 Ni em te cap lo cor robat.

125.0 388.0 395.0 52.0 Ni los estius me fan por

124.0 423.0 434.0 68.0 Per ardorosos que siguen:

126.0 487.0 469.0 48.0 Les meuhes ardors mitiguen

128.0 529.0 391.0 52.0 De las chufes la frescor:

201.0 573.0 271.0 56.0 Y mentres tinga

195.0 624.0 258.0 45.0 Per nar venént

195.0 661.0 288.0 51.0 Cride á tot' hora:

198.0 702.0 325.0 64.0 — «Nostros? rifem?»

198.0 748.0 284.0 60.0 — «Chufes dols!»

130.0 792.0 461.0 81.0 «Cacahuets! y bons buñols!»

95.0 837.0 328.0 69.0 (Música de J. A.G.)

1193.0 118.0 70.0 59.0 III.

894.0 159.0 455.0 104.0 Cuant rodant per los carrés

897.0 250.0 413.0 64.0 Trobe una chica templae

898.0 278.0 503.0 77.0 —«Prenme chufes, dic, salae!»

895.0 340.0 419.0 67.0 Pero no m' allargue mes:

895.0 389.0 364.0 58.0 Pues poguera resultar

890.0 407.0 513.0 89.0 Que sens pagar me prenguera,

904.0 476.0 423.0 65.0 Y que si cobrar vullguera

899.0 529.0 382.0 52.0 Men resultára mes car.

966.0 564.0 325.0 61.0 Que el meu destino

967.0 610.0 270.0 52.0 Fent sols y frets

968.0 655.0 291.0 61.0 Es vendre chufes

978.0 705.0 165.0 52.0 Y cacahuets.

966.0 744.0 274.0 62.0 —«El Chulero!»

908.0 789.0 405.0 76.0 «Cacahuero! —Buñolero!»

220.0 1465.0 1122.0 147.0 EL CANTOR DE ELISA

820.0 1659.0 60.0 155.0 I.

129.0 1803.0 707.0 61.0 Era una hermosa noche... en lecho blando

97.0 1854.0 660.0 74.0 Se entrega ELISA bella, al dulce sueño,

97.0 1901.0 545.0 58.0 Sobre su pura frente derramando

96.0 1948.0 433.0 52.0 Copioso Morfeo su beleño.

135.0 1990.0 603.0 60.0 Nada el silencio turba; al dar la una

99.0 2034.0 605.0 57.0 Dibújase una sombra allá á los lejos,

100.0 2080.0 608.0 69.0 Lentamente avanzando; que la Luna

99.0 2125.0 547.0 62.0 Alumbra con sus pálidos reflejos.

132.0 2178.0 583.0 59.0 Cesó el ronco vibrar de la campana

99.0 2218.0 569.0 63.0 Que anunció la hora, y sin recelo,

100.0 2260.0 664.0 65.0 La sombra al pié paró de una ventana...

99.0 2307.0 573.0 60.0 Su vista se fijó en ella con anhelo.

135.0 2347.0 583.0 93.0 A la lus del callado astro que brilla

869.0 1803.0 645.0 59.0 Se ve un joven Cantor de adusta frente

875.0 1850.0 496.0 58.0 Apoyar vacilante en su rodilla

872.0 1898.0 499.0 48.0 Una lira que besa dulcemente.

904.0 1938.0 625.0 54.0 Iba á pulsar sus cuerdas satisfecho...

869.0 1988.0 609.0 46.0 Mas ay! de su valor nécio se espanta!

873.0 2030.0 698.0 55.0 Tiembla su mano... oprímesele el pecho...

876.0 2077.0 467.0 57.0 Y para retirarse se levanta...

905.0 2187.0 659.0 86.0 —«Estraña timidez, que el alma huella,

872.0 2248.0 514.0 69.0 (Dice con melancólica sonrisa:)

872.0 2284.0 664.0 66.0 «Por qué no he de cantar para mi bella!

875.0 2336.0 698.0 76.0 »Por qué no he de cantar para mi ELISA?
