1753 2480
105.0 264.0 630.0 79.0 decir á su madre lo que sucedía

111.0 320.0 571.0 74.0 y que la quería con buen fin.

109.0 365.0 484.0 66.0 El primer día en su casa

109.0 413.0 457.0 62.0 de la portería no pasé,

111.0 438.0 660.0 91.0 y al segundo dia subí la escalera

111.0 493.0 593.0 83.0 y hasta el tercer día no llamé.

113.0 549.0 378.0 56.0 Al llegar el cuarto

111.0 599.0 283.0 52.0 híce mi visita

113.0 640.0 383.0 58.0 y al quinto la cosa

113.0 684.0 327.0 57.0 corriente quedó;

119.0 721.0 331.0 70.0 pero al sexto dia

113.0 766.0 331.0 62.0 la mamá furiosa

115.0 816.0 395.0 56.0 me dió un escobazo

117.0 863.0 329.0 60.0 que me reventó.

161.0 944.0 465.0 60.0 Como soy tan inocente,

119.0 977.0 511.0 70.0 al ver á Pepito en el café

119.0 1027.0 660.0 82.0 me quedé prendada de sus atrac-

657.0 1074.0 124.0 64.0 (tivos

117.0 1103.0 635.0 87.0 aunque confesarlo no está bien.

124.0 1169.0 595.0 60.0 Por la mañana, tarde ó noche,

121.0 1206.0 614.0 69.0 todo el santo dia pienso en él,

126.0 1256.0 653.0 72.0 y si es que á mi lado oigo un es-

601.0 1302.0 184.0 49.0 (tornudo

126.0 1335.0 585.0 78.0 por decir ¡Jesús!, digo ¡José!

124.0 1386.0 663.0 77.0 Si voy á la iglesia, al mirar á un

655.0 1432.0 132.0 56.0 (santo

130.0 1459.0 655.0 84.0 yo veo á Pepito de pié en el altar,

128.0 1519.0 659.0 72.0 y si los domingos me voy al Retiro

130.0 1560.0 659.0 70.0 al ver á los monos me digo allí

688.0 1612.0 97.0 59.0 (está.

183.0 1694.0 478.0 66.0 Yo soy hijo de la Petra

136.0 1746.0 589.0 64.0 y de Francisco el enterrador,

136.0 1795.0 438.0 58.0 mas mi abuela Juana

138.0 1841.0 310.0 76.0 era una gitana

911.0 248.0 525.0 78.0 y mi abuelo Pepe afilador,

911.0 299.0 474.0 64.0 siendo de familia noble

911.0 334.0 633.0 73.0 á Pepa me atrevo á pretender,

917.0 386.0 656.0 74.0 que soy caballero y no tengo pero

917.0 434.0 610.0 74.0 y á mi me conviene esa mujer,

919.0 485.0 393.0 66.0 y como soy hombre

919.0 531.0 348.0 55.0 de tan alta esfera

921.0 572.0 381.0 62.0 Pepa á la Palmera

919.0 617.0 325.0 65.0 conmigo vendrá

921.0 648.0 397.0 81.0 y al ver el obsequio

919.0 700.0 430.0 70.0 que le haré en la cita

921.0 735.0 614.0 75.0 creo que la cíta me complacerá

921.0 795.0 581.0 62.0 hay que bien que estoy aquí

924.0 824.0 653.0 103.0 Pepa, Paco, que calabaza te daré.

967.0 899.0 583.0 99.0 Al cumplir los quínce abriles

930.0 969.0 574.0 74.0 ya se me fué aquella timidez

926.0 1018.0 328.0 67.0 viéndote Pepita

926.0 1060.0 372.0 64.0 tan linda y bonita

926.0 1107.0 510.0 71.0 considera tu como estaré

926.0 1153.0 552.0 56.0 si soch petita ó soch grossa

932.0 1198.0 541.0 56.0 vosté de mi no na de fe ré.

932.0 1235.0 438.0 73.0 apa pastelero, guillen

934.0 1293.0 219.0 60.0 fué torero,

936.0 1316.0 496.0 68.0 ó si no. la escandalisaré.

936.0 1374.0 395.0 58.0 Dándome un besito

936.0 1417.0 333.0 66.0 Pepita del alma,

934.0 1442.0 610.0 87.0 tornarás la calma á mi corazón

936.0 1506.0 494.0 64.0 que sin ti no puedo vivir

940.0 1550.0 287.0 62.0 prenda amada

938.0 1597.0 354.0 62.0 ten Pepa adorada

938.0 1647.0 351.0 51.0 de mi compasión,

938.0 1686.0 198.0 64.0 hay, hay,

942.0 1711.0 523.0 80.0 que bien me encuentro así

940.0 1762.0 655.0 98.0 Pepa, que, un cuento te contaré.

547.0 1944.0 666.0 155.0 A CASARSE

460.0 2110.0 40.0 45.0 1

190.0 2143.0 510.0 72.0 Avuy que tant se predica

144.0 2194.0 509.0 62.0 contra 'l ditxós casament

146.0 2232.0 612.0 80.0 fent que moits joves ab barbas

148.0 2289.0 482.0 95.0 solters vagin malament,

946.0 2132.0 511.0 66.0 donchs nosastres al revés

950.0 2184.0 391.0 62.0 aprofitem la ocasió

948.0 2225.0 552.0 71.0 dihent als joves que 's casin

955.0 2265.0 529.0 82.0 y cuant mes novells milló.
