964 1469
321 41 327 37 de San Lorenzo Martyr.

781 41 44 35 21

82 63 788 58 ,,donde las manos de los pobres las llevaron."

83 112 778 50 Con este razonamiento del Santo es imponderable lo

82 157 776 50 que se enfureciò el Tyrano: bramaba colerico, he-

84 199 774 49 cho todo èl un bolcan de ira, y furor, viendo que

84 242 779 49 no bastaban, ni tenia ya tormentos para saciar su

86 287 775 48 crueldad, y ser forzoso haver de verse corrido, ven-

88 331 729 46 cido, y avergonzado en ser vencido del Santo.

115 371 746 51 Siendo ya llegado el plazo que el Señor havia de-

92 417 778 48 terminado para coronar á este glorioso Santo, y ha-

95 459 765 44 viendo dado tan soberana victoria á su esforzado

92 501 769 48 Soldado, bolviò el Santo á hablar con Jesu-Christo,

96 542 765 52 y regalandose con el, le dixo : Gracias te doy, mi

93 585 773 51 Señor, y Dios mio, que he merecido entrar por las puertas

93 631 773 45 de tu Bienaventuranza. Y al acabar de decir estas dulci-

93 673 773 54 simas palabras, entregò el espiritu à su Soberano

95 718 769 49 Criador, quedando el Tyrano, verdugos, y cir-

94 762 770 46 cunstantes todos pasmados, corridos, y afrentados.

100 801 765 52 Venida la mañada, Hypolito, y Justino, Presbyte-

96 849 774 52 ro, tomaron el santo cuerpo asado, y lo sepultaron

96 888 771 44 en una heredad de Ciriaca, la Viuda que el Santo

97 931 772 50 havia sanado del dolor de cabeza intensisimo ; la

100 975 766 48 qual heredad estaba en el camino que vá á Tibuli,

104 1019 773 46 y por esso se llama Via Tiburtina. Juntaronse con

101 1060 772 50 Hypolito y Justino otros Christianos, y estuvieron

102 1105 768 44 alli tres dias ayunando; velando las noches, y derra-

102 1148 768 49 mando muchas lagrimas sobre el sepulcro del santo

107 1193 692 44 Arcediano, que tanto bien les havia hecho.

141 1233 729 50 Este admirable martyrio, que por ser tan estra-

106 1278 767 52 ño, qual no se encuentra otro en la Iglesia de Dios

106 1322 764 61 de tan singulares circunitancias, fue tan esclareci-

786 1363 50 67 do,
