958 1456
737 30 37 41 5

247 40 321 28 de San Lorenzo Martyr.

31 61 774 49 muchos de los Christianos se valian estos malvados,

31 106 778 47 quando ya los tenian destinados al martyrio, y ha-

31 148 774 52 cian a fus iniquos Sacerdotes, segun el estilo de Egyp-

30 194 780 43 to, indagasen en sus entrañas los sucesos futuros. O

32 234 778 49 qué horrendo sacrificio! O què cruel martyrio! Vivos

32 281 777 45 los mandaban abrir para ver palpitantes sus entra-

32 321 773 51 ñas, è inferir por ellas sus falsas adivinaciones : y

33 368 776 47 quando esto no hacian, los daban otro genero de

33 408 634 43 tormentos, sacrificandoselos á sus Dioses.

75 452 736 47 Suscitòse este genero de inhumanidad, ya olvidado

32 496 775 48 en muchas Provincias por entonces. Unas la dejaban,

33 541 776 45 porque las daban en rostro semejantes crueldades:

33 583 778 47 mas otras proseguian inhumanas ejecutandolas.Los

33 626 780 47 que mas se singularizaron despues de los Romanos

32 665 781 51 fueron los Cartaginenses, siendo los mas rebeldes en

33 713 779 47 estos horrendos sacrificios; porque eran entre ellos los

33 756 779 48 mas solemnes, y especiales de que usaban los de

32 797 781 49 los tiernos y delicados infantes ; cuya crueldad diò

33 841 776 47 causa á los lamentos de la piadosa Himilce, muger

33 883 777 49 del gran Capitan Anibal, segun refiere Silio Italiano.

34 928 779 49 Suspiraba esta muger : lloraba la tyranìa: lamentaba

33 971 780 48 la poca compasion de aquellos inocentes niños; pero

33 1012 778 48 nada conseguia con ser tan poderosa; porque los te-

34 1055 783 49 nia ciegos el infernal culto de sus Dioses. Pondrè en

34 1097 779 42 nuestro idioma las tristes lamencaciones de esta afli-

36 1139 762 50 gida Heroìna, reduciendolas à metro, segun las llora.

164 1183 566 48 Què piedad es manchar con sangre humana

125 1224 595 47 El Templo! O causa infiel de las maldades!

123 1264 525 51 Què, ignoran de los Dioses la clemente

124 1309 432 64 Naturaleza impios los mortales!

733 1346 42 48 Id,
