1033 1445
784 30 23 50 3

162 63 586 56 RESUMEN DE LA HISTORIA.

60 109 787 54 MOTIVOS DE HAVER IDO A ROMA S. LO-

57 152 791 56 renzo. Tyranias, y persecucion de la lglesa por los Em-

59 195 788 56 peradores Valeriano , y Galerio. Lamentos de la piadosa

57 238 790 57 Himilce. Hechos, y martyrio de San Sixto, Maestro de

57 281 786 52 San Lorenzo. Quejas de San Lorenzo à su Maestro porque

57 325 786 50 no padece con èl. Milagros del Santo. Conversion de S. Hy-

57 368 787 57 polito, y prision de San Lorenzo. Burla chistosa que hizo

57 413 784 50 San Lorenzo al Emperador. Furor, y rabia que cogiò este,

59 453 782 56 y còmo le demostrò. Entregan al Santo à un Juez inhuma-

56 499 786 57 no, que le atormenta con quantos martyrios es creible. Fa-

55 541 787 56 vores que recibe San Lorenzo del Cielo. Conversion de San

55 586 786 52 Romano. Aun no saciado el Tyrano de atornentarle, ocupa

55 630 781 47 toda una noche en martyrizarle. UAimo tormento que pade-

54 670 788 54 ciò el Santo, el de las parrillas. Arrogancia del Santo, con

55 715 785 54 que escarneciò al Tyrano. Fin del martyrio de San Loren-

55 756 783 54 so, en que entrega su alma al Criador. Rebuelve el Empe-

54 804 783 49 rador sus iras contra los discipulos, y compañeros del Santo.

55 850 780 51 Martyriza à San Hypolito, a su muger Santa Concordia,

54 888 786 51 sus hijos, y demàs familia. Martyrio cruel de S. Hypolito.

53 930 773 58 Desastrado fin de los Tyranos, y en especial el de Valeriano.

66 1016 771 99 Por los años de doscientos cinquenta y tres de

138 1060 697 50 nuestro Redentor Jesu-Chrifto afirma el Chro-

50 1103 784 57 nicon Mundi de Schedel haver vénido à España el San-

53 1149 782 51 to Pontifice y Martyr San Sixto à regir un Concilio

55 1190 780 53 por orden del Papa San Cornelio. Predicò entonces

49 1236 786 56 despues de haver concluido dicho Concilio (que se-

56 1280 779 49 gun los Autores fuè el primero que se celebrò en

50 1325 781 63 España en la Ciudad de Toledo) la Fè Catholica este

411 1371 57 52 A2

707 1369 98 59 Santo
