959 1454
243 40 314 31 de San Lorenzo Martyr

33 65 771 52 sacrificios, ò los minoraron, no los dejaron hasta que

33 112 773 47 pereciò Carthago, segun Curcio, ni olvidaron tan

32 155 774 46 abominable supersticion los que se salvaron de la

33 197 773 50 guerra ; pues en el Proconsulado de Tyberio, y de

31 242 773 45 su orden, fueron crucificados los falsos Sacerdotes

31 282 773 49 que usaban y excitaban à esta maldad en los arbo-

31 327 775 51 les que hacian sombra à los templos : y lo mismo

32 372 447 45 hizo ejecutar en otras partes.

71 411 732 53 No bastò tan merecido y espantoso castigo á apar-

30 457 775 47 tarlos de esta crueldad; pues Tertuliano dice que

29 499 774 48 en su tiempo sacrificaban ocultamente niños. Y se-

31 544 773 47 gun refieren Eusebio y Genebrardo, en un dia sacri-

26 584 778 46 ficaron estos inhumanos hombres á Saturno tres-

31 630 774 48 cientos niños, á quien solian ofrecer los hijos mas

30 674 773 48 excelentes y aventajados que tenian. Y creo que por

29 716 776 48 eso se lamentaba tanto Himilce; porque huvo oca-

29 758 778 48 sion que la sacrificaron un hijo tierno quando Anibal

28 801 777 48 se hallaba en un gran conflicto en la guerra de los

29 842 774 48 Romanos. Y Justino confirma el hecho, diciendo,

30 890 777 47 que estando los Cartaginenses oprimidos de una

30 932 773 47 gran peste, ofrecieron en sacrificio muchos niños y

28 977 779 47 muchachos, para con la sangre de ellos pedir la paz

29 1017 620 49 de los Dioses, y la salud para la gente.

71 1058 735 48 Pues estas inhumanidades fueron las que suscita-

27 1102 780 49 ron y sacaron del olvido los malvados Emperado-

28 1144 778 51 res Valeriano y su hijo Galerio, que no siendoles

28 1187 775 50 bastantes á saciar su crueldad los tiernos infantes,

29 1235 778 45 echavan mano de los Martyres para practicar sus in-

29 1273 777 49 humanidades, y ejecutar sus idolatrados cultos. En

29 1321 775 51 eltos tiempos tan crueles campearon nuestros ilus-

722 1367 52 40 tres
