929 1434
141 36 41 32 12

384 36 235 36 Historia verdadera

101 62 754 46 la voz de los thesoros, echaron mano de San Loren-

98 107 665 47 zo, y prendiendole, le llevaron à la carcel.

134 149 724 50 Dieron luego noticia de ello al Emperador, el qual

97 192 759 49 se holgò mucho con aquella nueva, esperando har-

97 235 758 50 tar, y saciar fu codicia, y juzgando tener, y poseer

95 278 761 51 grandes riquezas, y thesoros de la Iglesia, con despo-

96 321 758 47 jar á San Lorenzo del thesoro preciosisimo de la Fè,

93 363 764 49 haciendole adorar sus falsos Dioses, y asimismo con

93 406 761 51 su exemplo mover à los demás Christianos á que hi-

93 449 761 49 ciesen lo mismo. Dieron al Santo en guarda à un Ca-

94 491 758 51 vallero llamado Hypolito, y él lo metiò en la car-

94 536 760 45 cel, donde estaban otros muchos presos, entre los

94 579 760 51 quales havia uno llamado Lucilo, que havia estado

90 624 763 49 mucho tiempo en aquella prision, y llorado tanto

89 664 764 51 fu desventura, que havia perdido la vista, y queda-

88 709 765 49 do del todo ciego. Compadeciòse de èl mucho San

87 753 761 47 Lorenzo, y en medio de sus trabajos le consolaba, y

87 795 764 47 animaba á llevar aquellos trabajos, y persuadiale al

86 839 765 50 mismo tiempo, que creyese en Jesu-Christo. El lo

86 881 764 47 hizo, y se bautizò. Mas Dios le alumbrò los ojos

84 922 763 54 del alma, y juntamente los del cuerpo, restitu-

88 968 274 46 yendole la vista.

123 1008 723 50 Divulgòse este milagro por toda la Ciudad de Ro-

82 1053 764 50 ma, y por la fama de èl concurrieron muchos cie-

83 1097 762 47 gos à la carcel donde estaba el Santo, pidiendole re-

81 1137 762 50 medio para su ceguedad. El Santo movido à pie-

80 1180 763 51 dad, orò á su Dios y Señor, y luego los sanò á to-

79 1226 764 46 dos con solo hacer sobre ellos la señal de la Cruz.

82 1266 760 53 Viendo Hypolito los milagros que el Santo hacia,

78 1313 764 56 ablandòse, y comenzò à conversar bastante continuo

757 1362 58 50 con
