895 1449
72 43 41 27 14

312 21 227 52 Historia verdadera

72 63 715 53 Tuvolo por bien el Emperador, y mandò á Hy-

25 111 762 50 polito, que anduviese siempre à su lado, y no le per-

24 155 767 45 diese de vista en aquellos tres dias. Acrecentòse al

25 197 763 47 Tyrano mucho mas el gozo quando le dixo que ne-

22 239 766 45 cesitaba carros y camellos para conducirlos, y tra-

21 281 766 48 herselos : y al punto diò orden, que todo se le apres-

20 323 770 50 tase. Salió el Santo Martyr con Hypolito por toda la

20 370 767 47 Ciudad, y juntò todos los ciegos, cojos, y mancos,

22 410 766 50 y quantos pobres pudo hallar, y poniendolos, segun

18 454 772 44 dice Simeon Metafraste en la vida del Santo, en los

19 499 770 45 camellos, y carros que para soportar los thesoros le

18 538 771 50 havian dado, se fue con ellos al Emperador, y le

17 582 768 49 dixo : Me has pedido los thesoros que yo poseo,

18 628 773 44 aqui los tienes en estos carros y camellos : no son

17 667 771 51 otros los thesoros de la Iglesia de mi Dios, que sus

17 713 355 46 pobres, gozate de ellos.

59 753 730 49 No se puede facilmente explicar con palabras la

15 796 773 49 saña y enojo que recibiò el Tyrano, viendose bur-

16 842 773 44 lado de San Lorenzo, y frustradas sus esperanzas

14 881 772 50 de los thesoros que pensaba gozar : echaba llamas por

14 927 770 49 los ojos, espumarajo por la boca, ardia en colera,

14 970 772 49 eran pocos los tormentos que se le venian à la imagi-

15 1013 774 49 nacion para vengar la burla, y con gran furia y rabia

14 1055 772 48 mandò luego desnudar al santo Levita delante de sì,

16 1098 773 50 y rasgar sus carnes con garfios de hierro. Hecho esto

15 1143 770 48 por entonces, para saciar por el pronto su colera, y

15 1186 771 47 enojo, para mas espantarlo hizo traer alli todos los

13 1228 772 45 instrumentos con que atormentaban á los Martyres,

15 1271 771 50 para que entendiese que por todos ellos havia de pa-

16 1316 520 54 sar, si no se rendia á su voluntad.

690 1352 64 49 Em-
