952 1446
142 40 38 36 18

375 38 230 38 Historia verdadera

143 67 718 50 Acabada esta oracion del santo Martyr, enviò el

100 112 762 49 Señor un Angel del Cielo, que le diese alivio en

98 155 763 49 aquel tormento, y con un lienzo le limpiase el su-

95 196 765 50 dor del rostro, y las llagas de su cuerpo. Un Sol-

98 241 762 44 dado de los que alli estaban, llamado Romano, viò

95 282 763 52 el Angel que exercitaba este piadoso oficio, y alum-

98 326 759 48 brado con la luz del Cielo, pidiò despues el bau-

98 369 760 49 tismo, haviendo sido tambien Martyr. No se con-

96 413 762 49 tentò el cruel Tyrano de haver atormentado tan-

96 460 762 43 tas veces, y con tan atroces tormentos á San Lo-

95 501 759 46 renzo, antes queriendo de nuevo exercitar su faña,

98 543 758 49 y furor, determinò gastar toda una noche en ator-

93 588 764 47 mentar al Santo; y para esto mando traher ante sì

93 629 762 52 (como antes lo havia hecho el Emperador ) todos

89 674 762 48 los generos de tormentos con que los Gentiles so-

89 718 764 49 lian atormentar á los fantos Martyres, para em-

86 760 767 49 plearlos en aquel Santo Arcediano, que ya estaba

88 803 764 46 despechado, y consumido à tanto dar sobre el Santo

87 849 386 48 martyrio sobre martyrio.

130 889 718 50 Sentado pues el Tyrano en su Tribunal, pregun-

85 931 764 53 tò à San Lorenzo, de què tierra, y linage era? Y el

85 976 761 54 Santo respondiò: Soy Español, y criado en Roma:

84 1018 760 50 desde pequeño fuy bautizado y enseñado en la ley

82 1062 763 50 santa, y divina; Santa y divina llamas esa ley, dixo

81 1104 759 51 el Tyrano, que te enseña à burlarte de los Dioses,

81 1148 764 49 á no hacer caso de los tormentos, y à burlarte de

81 1191 762 50 los Principes nueſtros Dueños, y Señores ? A esto

79 1233 761 49 dixo el Santo : En el nombre de mi Señor Jesu-

81 1277 759 49 Christo yo no temo tus tormentos. El Tyrano le di-

79 1319 761 56 xo, que si no sacrificaba à los Dioses, toda aquella

755 1368 53 46 no-
