957 1456
132 30 27 43 4

358 30 236 33 Historia verdadera

92 55 766 50 Santo à los Españoles, no solo en Toledo, sino en

88 107 771 41 otras partes. Estuvo en Zaragoza, y dicen haver lle-

89 145 773 50 vado de alli consigo al Gloriosisimo Martyr San Lo-

88 194 771 47 renzo con otros muchos Españoles, que despues fue-

88 232 718 50 ron grandes Ministros de la Religion Christiana.

126 278 741 46 Bolviò San Sixto à Roma, haviendo concluido su

89 317 777 55 Legacìa; y à los años de doscientos cinquenta y sie-

89 364 777 50 te fue hecho Pontifice. Gozaba la Iglesia de Dios por

88 409 781 51 aquellos tiempos no de mucha quietud; porque impe-

89 453 777 47 raban entonces los iniquos Emperadores Valeriano, y

89 495 781 51 su hijo Galerio, y ya havian empezado á perseguir

88 537 784 49 à los Christianos, contandose esta la octava persecu-

88 579 787 50 cion de la Iglesia. Havia antes favorecido mucho

93 626 779 46 Valeriano á los Catholicos ; tanto, que dice Euse-

90 666 782 50 bio, que su Casa y Palacio era Iglesia, y morada de

91 710 781 50 todos ellos : pero despues siendo persuadido y enga-

90 753 781 50 ñado por un malvado Nigromantico, natural de

91 795 773 52 Egypto, no solo los privò del favor que les hacia,

93 842 776 50 pero los mandò perseguir por todas partes, y exe-

90 882 706 53 cutar con ellos grandes crueldades, y tyranìas.

113 924 754 52 Lo mismo executò su perverso hijo Galerio en-

91 969 771 53 gañado y persuadido de este maldito Mago Egypcio.

88 1011 772 55 A este enseñò las Artes Magicas, y la Nigromancìa,

88 1055 775 49 como tambien la invocacion de los Demonios : para

88 1097 775 52 esto sacrificaban hombres, y en especial niños, de

88 1145 775 46 cuyas entrañas deducian sus adivinaciones. Bolvie-

90 1185 770 50 ron estos crueles Emperadores á resucitar las inhu-

90 1230 769 51 manidades de sus antiguos; las que ya desde Tybe-

90 1274 767 49 rio, y antes se havian olvidado, por conocerlas feas,

90 1316 772 59 tyranas, y execrables, aun á fus falsos Dioses. De

770 1370 60 39 mu-
