1860 2629
245.0 245.0 61.0 66.0 188

488.0 318.0 54.0 64.0 II.

229.0 373.0 441.0 73.0 Al verte una raza pura

289.0 438.0 343.0 54.0 De tu hermosura,

227.0 477.0 434.0 66.0 Celosa la ví y de celos

289.0 531.0 200.0 54.0 Palidecer.

229.0 560.0 583.0 92.0 Que al verte, flor de los cielos,

229.0 623.0 475.0 64.0 Las flores tienen recelos,

220.0 671.0 538.0 79.0 De amores muere el clavel.

225.0 799.0 452.0 75.0 No me mires así, etc.

484.0 907.0 88.0 59.0 III.

226.0 969.0 485.0 86.0 Suspiro y tú no suspiras,

299.0 1035.0 264.0 61.0 Y si me miras,

229.0 1076.0 520.0 74.0 No miras con tiernos ojos

289.0 1134.0 308.0 62.0 Mi tierno amor,

230.0 1175.0 541.0 82.0 Y al mirarme así con enojos

995.0 315.0 539.0 70.0 Cruel quieres sean despojos

997.0 366.0 468.0 60.0 Vida y alma de tu rigor.

993.0 553.0 412.0 69.0 No me mires así, etc.

1250.0 652.0 77.0 68.0 IV.

990.0 720.0 564.0 62.0 Comprende, hermoso lucero,

1052.0 766.0 341.0 63.0 Que por tí muero,

990.0 812.0 392.0 62.0 Que vivo sin alegría

1047.0 864.0 227.0 61.0 Lejos de tí.

992.0 907.0 451.0 59.0 Basta, niña, de tirania,

990.0 953.0 593.0 67.0 Dame un sí de amor, vida mia.

990.0 1012.0 373.0 60.0 Si quieres sea feliz.

982.0 1172.0 441.0 114.0 No me mires así, etc.

1390.0 1231.0 162.0 59.0 J. C.

219.0 2390.0 1369.0 65.0 Se halla de venta en casa los sucesores de Antonio Bosch, calle del Bou de la Plaza Nueva, núm. 13, tienda.

388.0 2455.0 1023.0 68.0 Barcelona.—Tipografía Española, calle del Hospital, núm. 87, bajos.—1879.
