1860 2629
311.0 733.0 1162.0 121.0 ALEGRES VILLANCICOS

576.0 828.0 639.0 98.0 AL SANTO NACIMIENTO

206.0 904.0 1362.0 169.0 DEL HIJO DE DIOS

403.0 1086.0 268.0 83.0 INTRODUCCIÓN.

228.0 1147.0 434.0 84.0 La sagrada Virgen sale

179.0 1213.0 446.0 59.0 para ponerse en camino,

177.0 1250.0 450.0 64.0 preñada de nueve meses

179.0 1296.0 437.0 64.0 padeciendo pena y frio.

217.0 1342.0 491.0 75.0 San José va con la Virgen

171.0 1382.0 429.0 61.0 cuidando de su regalo,

177.0 1417.0 544.0 81.0 que es de Ezequiel la carroza

177.0 1474.0 553.0 77.0 y al Cielo envidia ha causado.

282.0 1524.0 487.0 66.0 San José dijo á la Virgen:

269.0 1575.0 443.0 65.0 Animaos. tierna Esposa,

221.0 1619.0 485.0 56.0 no os falte ahora esfuerzo,

223.0 1665.0 535.0 61.0 que pues ya los gallos cantan

223.0 1713.0 492.0 59.0 cerca tendremos el pueblo.

177.0 1750.0 601.0 59.0 La Virgen. Estimo la voluntad

225.0 1807.0 439.0 53.0 y el valor os agradezco;

221.0 1846.0 531.0 60.0 y á vuestros brazos me acojo

219.0 1886.0 432.0 59.0 para descansar en ellos.

171.0 1923.0 625.0 64.0 San José. Descansad, que yo seré

214.0 1982.0 520.0 57.0 mientras os dure el silencio.

217.0 2028.0 405.0 51.0 el Argos mas sigiloso

221.0 2063.0 489.0 66.0 que tiene la tierra y Cielo.

168.0 2098.0 711.0 86.0 La Virgen. Va, José, de nuestra duda

210.0 2149.0 450.0 65.0 la voz nos ha satisfecho,

217.0 2201.0 495.0 66.0 pues dice que en un Portal

219.0 2247.0 454.0 112.0 ha de ser el Nacimiento.

890.0 1093.0 682.0 109.0 San José. Aquí está una puertaabierta,

921.0 1158.0 447.0 60.0 y que sin duda sospecho

916.0 1202.0 533.0 66.0 es la en que hemos de parar;

916.0 1242.0 511.0 70.0 entremos, Virgen, adentro.

960.0 1288.0 505.0 79.0 En este Portal se entraron

921.0 1334.0 467.0 63.0 y se acojen á un pesebre,

912.0 1378.0 515.0 74.0 donde, juntando unas pajas

914.0 1426.0 452.0 65.0 allí tuvieron su albergue,

960.0 1465.0 474.0 72.0 En punto de media noche

912.0 1505.0 458.0 83.0 nació el Autor Soberano,

912.0 1551.0 390.0 70.0 con el fin de rescatar

910.0 1614.0 480.0 64.0 á todo el género humano.

1035.0 1675.0 388.0 73.0 VILLANCICO PRIMTERO.

870.0 1750.0 584.0 83.0 Duo. De un invierno muy cruel

912.0 1807.0 450.0 57.0 en la noche mas callada,

910.0 1851.0 445.0 61.0 un pastor todo asustado

912.0 1897.0 406.0 59.0 se salió de su cabaña.

914.0 1932.0 366.0 68.0 Dirigido de una luz

905.0 1987.0 441.0 61.0 caminó por la montaña,

914.0 2024.0 452.0 68.0 y á Belen llegó aturdido

905.0 2076.0 446.0 62.0 sin saber lo que le pasa;

894.0 2111.0 551.0 71.0 vuelve corriendo á los montes

903.0 2157.0 461.0 73.0 dando gritos de algazara,

908.0 2206.0 502.0 65.0 despertando á los pastores.

901.0 2254.0 509.0 79.0 que duermen en su majada.
