2148 3034
495.0 1479.0 1291.0 209.0 DOCTOR DON TIXERAS.

761.0 1658.0 754.0 147.0 RECEPTA NOVA

354.0 1769.0 1563.0 119.0 Pera curar de mal de Mare, de Orina, de Migranya, de

650.0 1843.0 956.0 91.0 Poagre, de Orella y altres diferents.

359.0 1901.0 1553.0 109.0 Vá á continuació la de D. Cristófol, que es prespectiva de totas las enfer¬

397.0 1984.0 1467.0 99.0 metats, y método pera viurer alegre y allargar la vida fins á la mort.

387.0 2123.0 700.0 94.0 Primerament pendrás las set Cabretas,

354.0 2189.0 582.0 61.0 peladas, esmocadas y ben netas:

349.0 2229.0 711.0 74.0 Del gran carro del Sol quatre freixuras

349.0 2275.0 642.0 66.0 y de tretse mosquits las ferraduras,

351.0 2315.0 577.0 64.0 de atropos la Parca las estisoras,

351.0 2356.0 719.0 76.0 de un rellotje de Sol un parell de horas,

349.0 2404.0 584.0 126.0 de una xinxa torrada las orellas

1118.0 2138.0 610.0 81.0 y de una pussa roja las costellas;

1123.0 2194.0 751.0 73.0 Quatre dents y vuit unglas de una araña,

1123.0 2242.0 637.0 63.0 y de mestre Llibori la gran manya,

1125.0 2288.0 691.0 63.0 ab dos unsas de orins de set gallinas

1123.0 2326.0 562.0 58.0 vingudas de las islas Filipinas:

1120.0 2363.0 582.0 71.0 Despullada una mosca tota núa,

1115.0 2409.0 499.0 91.0 arréncali lo raba de la cúa;
