2148 3034
1072.0 225.0 193.0 75.0 —4—

637.0 366.0 1073.0 175.0 LICENCIA PARA VENTOSEAR.

402.0 667.0 736.0 96.0 Nos el Dr. D. Canuto de Montan¬

349.0 735.0 792.0 84.0 chez, Catedrático de medicina en la

354.0 788.0 781.0 74.0 Universidad de Bésamelanca, y Pro¬

351.0 844.0 787.0 71.0 tomédico de estos Reinos, á todos los

351.0 895.0 782.0 73.0 que la presente vieren, salud y sarna

354.0 938.0 779.0 96.0 para rascar, etc., sabed: Que ante Nos

354.0 998.0 412.0 61.0 pareció la parte de

349.0 1044.0 784.0 63.0 diciendo que padece humores flatulen¬

349.0 1084.0 786.0 71.0 tos, morbosidades y epilépticas supu¬

349.0 1135.0 784.0 78.0 raciones, por lo cual le es de conocido

349.0 1190.0 781.0 66.0 perjuicio detenerlas VENTOSIDADES

349.0 1241.0 781.0 68.0 segun aquello de nuestro Hipócritas:

359.0 1289.0 779.0 68.0 Ventósita, sin etenetur, qui retienen

351.0 1342.0 779.0 61.0 morietur, de ideo espellatur. Y habien¬

344.0 1388.0 789.0 73.0 do sido remitido á Nos la siguiente

349.0 1433.0 781.0 78.0 peticion y habernos, además hecho re¬

346.0 1479.0 787.0 80.0 lacion de sus achaques, y ser esta su

346.0 1532.0 789.0 68.0 demanda: Por tanto y por lo que á Nos

349.0 1580.0 749.0 76.0 toca, damos y concedemos licencia á

592.0 1635.0 541.0 74.0 para que delante ó detrás

341.0 1656.0 787.0 96.0 de cualquier persona, de cualquier gé¬

341.0 1726.0 779.0 76.0 nero ó estado y condición que fuere,

346.0 1779.0 782.0 71.0 pueda, sin contravenir álas leyes de la

344.0 1830.0 781.0 73.0 cortesía, espeler sus VENTOSIDADES

341.0 1873.0 787.0 71.0 con calidad y condicion que sea con

344.0 1921.0 781.0 73.0 ESTREPITO, dejándo su derecho salvo

341.0 1979.0 784.0 66.0 á los circunstantes, para quedigan: con

341.0 2027.0 784.0 74.0 perdon para ustedes; para la parra de

346.0 2075.0 779.0 109.0 Blas, que echa cuernos por uvas, sór¬

1171.0 664.0 802.0 122.0 bete ese huevo y echa las cáscaras al

1176.0 761.0 792.0 68.0 perro: cornadade buey castellano, que

1173.0 809.0 795.0 68.0 entra de invierno y sale de verano; la

1173.0 859.0 797.0 66.0 maza de Fraga, que saca polvo debajo

1173.0 905.0 797.0 73.0 del agua; aguja de espartero, azote de

1171.0 958.0 794.0 73.0 cochero, cerote de zapatero, con lo de

1176.0 998.0 789.0 76.0 por ahi comas carne por la boca mier¬

1173.0 1056.0 792.0 71.0 da, y Papa te vea la madre que te pa¬

1173.0 1107.0 792.0 68.0 rió; en las sopas te lo halles; con esa

1173.0 1145.0 790.0 81.0 música te entierren; por donde salió el

1176.0 1203.0 787.0 73.0 pedo meta el diablo el dedo, la vibora

1173.0 1248.0 787.0 74.0 el pico, el puerco el hocico, el toro el

1168.0 1294.0 795.0 73.0 cuerno, el leon la mano, el cimborio

1166.0 1347.0 792.0 71.0 del Escorial, la Giralda de Sevilla, el

1171.0 1398.0 792.0 81.0 Miguelete de Valencia, la torre nueva

1171.0 1443.0 787.0 76.0 de Zaragoza, sal y vinagre y el reme¬

1171.0 1499.0 789.0 81.0 dio del fraile con todas las demás

1171.0 1554.0 402.0 64.0 cláusulas del caso.

1222.0 1582.0 743.0 89.0 Dada en la secreta sala de nuestro

1168.0 1633.0 787.0 86.0 Palacio, firmada de nuestro nombre.

1166.0 1683.0 787.0 89.0 sellada con el sello de nuestro Oficio,

1166.0 1754.0 792.0 63.0 y refrendada de nuestro infrascrito

1166.0 1787.0 792.0 94.0 Secretario á 3l del mes de los Nabos

1158.0 1843.0 392.0 73.0 del corriente año.

1287.0 1896.0 666.0 81.0 Dr. D. Canuto de Montanchez.

1166.0 1944.0 726.0 88.0 Por mandato de Lic. Sóplame acá,

1495.0 2010.0 377.0 106.0 Toribio Chupeta.

1497.0 2053.0 114.0 118.0 FIN.

419.0 2283.0 1448.0 134.0 Se hallará de venta en casa de los sucesores de Antonio Bosch, calle del Bou de la Plaza Nueva, núm. 13. tienda.

710.0 2381.0 856.0 172.0 Barcelona.— Tipografía Española, Hospital, 87. —1886.
