1860 2629
245.0 1139.0 1046.0 94.0 CARTA DISCRETA Y AMOROSA

87.0 1215.0 1356.0 106.0 dispuesta en quintillas, de un gatan á su dama, que viéndola enoja-

85.0 1296.0 1358.0 71.0 da y desviada de su cariño, procura atraer de nuevo su amor, discul-

313.0 1340.0 906.0 94.0 pándose de las causas que tuvo para enojarse.

122.0 1481.0 408.0 67.0 Pajarillo que volando

81.0 1531.0 416.0 59.0 surcas el viento ligero,

85.0 1570.0 472.0 59.0 aqui te estoy aguardando,

83.0 1614.0 515.0 57.0 que has de ser el mensagero

81.0 1658.0 537.0 55.0 de un alma que está penando.

127.0 1700.0 425.0 61.0 Este papel con cuidado

81.0 1739.0 427.0 70.0 has de llevar en el pico

87.0 1785.0 426.0 61.0 á mi dueño idolatrado,

92.0 1835.0 454.0 60.0 y advierte que te suplico

85.0 1873.0 379.0 61.0 se lo des disimulado.

127.0 1916.0 460.0 66.0 No te has de sobresaltar,

78.0 1952.0 415.0 65.0 sino con tu discrecion

87.0 2013.0 351.0 48.0 trátala de suavizar,

85.0 2048.0 406.0 63.0 dila, que de mi pasion

85.0 2092.0 393.0 63.0 jamás llegue á dudar.

127.0 2129.0 469.0 64.0 Si la encontrares dormida

83.0 2175.0 500.0 66.0 no la interrumpas el sueño,

85.0 2221.0 529.0 68.0 que aunque de dolor rendida

87.0 2274.0 472.0 48.0 es sicmpre el único dueño

83.0 2309.0 465.0 65.0 de mi alma y de mi vida.

129.0 2355.0 445.0 98.0 Llega rendido á sus pies,

776.0 1485.0 485.0 72.0 háblala con mucho tiento,

789.0 1531.0 386.0 66.0 y con tu vista, cortés,

783.0 1579.0 445.0 59.0 observa los movimientos

783.0 1621.0 423.0 68.0 para que aviso me dés.

820.0 1660.0 493.0 75.0 Si pone alegre el semblante

780.0 1708.0 476.0 62.0 cuando le digas, mi amor,

785.0 1754.0 445.0 57.0 vete volando al instante,

783.0 1792.0 471.0 68.0 no aguardes á mas favor,

780.0 1835.0 538.0 71.0 que esto para mí es bastante.

824.0 1877.0 500.0 66.0 Si demuestra algun enfado,

780.0 1921.0 386.0 63.0 ó la vieres desdeñosa

783.0 1969.0 554.0 61.0 ¿por que he de ser el culpado?

787.0 2019.0 535.0 53.0 ¿por qué ha de estar rígurosa

780.0 2055.0 557.0 78.0 con quien motivo no ha dado?

829.0 2098.0 421.0 68.0 Pero no, no se lo digas;

780.0 2142.0 474.0 61.0 dila que su mano espero,

780.0 2190.0 404.0 66.0 dila que tengo fatigas,

778.0 2234.0 456.0 66.0 en fin, dila que la quiero,

785.0 2280.0 445.0 57.0 y si es su gusto prosigas.

820.0 2317.0 489.0 64.0 Si muestra su indignacion

783.0 2366.0 427.0 87.0 porque con otra deidad

1112.0 177.0 243.0 186.0 (Núm. 19.)
