1860 2629
245.0 291.0 430.0 59.0 con que fue casualidad.

289.0 335.0 456.0 61.0 El que con toda maldad

247.0 381.0 540.0 57.0 ha estado entrando y saliendo

247.0 427.0 415.0 61.0 en casa de una deidad

250.0 462.0 491.0 72.0 á quien está manteniendo,

252.0 510.0 362.0 57.0 ¿es esto casualidad?

298.0 560.0 539.0 60.0 El que enfrente de un balcon

250.0 604.0 570.0 55.0 se está en pie mas de una hora

258.0 648.0 395.0 53.0 en larga conversacion

254.0 687.0 408.0 62.0 con una cierta señora,

254.0 729.0 419.0 57.0 ¿es esto mera atencion?

302.0 771.0 380.0 63.0 Al que sin necesidad

258.0 817.0 529.0 63.0 todas las noches se encuentra

256.0 865.0 520.0 52.0 como alcalde de hermandad,

258.0 911.0 400.0 59.0 aquí sale y allí entra,

258.0 946.0 364.0 70.0 ¿es esto casualidad?

300.0 977.0 465.0 81.0 En tomando él su baston,

263.0 1040.0 491.0 57.0 y con la que vive enfrente,

256.0 1084.0 487.0 61.0 se marcha por San Anton,

267.0 1128.0 445.0 63.0 y sale con ella al puente,

263.0 1165.0 425.0 59.0 ¿es esto mera atencion?

304.0 1200.0 450.0 68.0 El que con su autoridad

265.0 1253.0 406.0 61.0 remite escritos suaves

263.0 1290.0 493.0 70.0 á una hermana de un abad,

263.0 1334.0 522.0 65.0 dime tú, que de amor sabes,

274.0 1380.0 344.0 68.0 ¿es esto casualidad?

309.0 1408.0 388.0 79.0 El ir con profanidad

267.0 1474.0 452.0 61.0 á comprar un buen reloj

267.0 1516.0 432.0 61.0 á su dama ó su deidad,

276.0 1566.0 445.0 59.0 y dárselo, y no por Dios,

271.0 1601.0 356.0 64.0 ¿es esto casualidad?

313.0 1627.0 434.0 77.0 El sentir la enfermedad

274.0 1691.0 394.0 57.0 que tiene su fulanita;

280.0 1730.0 360.0 57.0 y el ir con facilidad

276.0 1776.0 401.0 64.0 á verla estando solita,

280.0 1816.0 345.0 68.0 ¿es esto casualidad?

320.0 1857.0 421.0 64.0 En fin, tener falsedad,

278.0 1908.0 472.0 65.0 gastar segunda intencion,

282.0 1947.0 389.0 72.0 y no guardar lealtad,

282.0 1989.0 428.0 63.0 ¿es esto mera atencion?

287.0 2035.0 344.0 70.0 ¿es esto casualidad?

318.0 2065.0 517.0 73.0 Que no espere de mí alivie,

280.0 2120.0 399.0 59.0 ni aun un leve favor,

285.0 2160.0 528.0 63.0 que con razon dijo un sabio:

282.0 2206.0 428.0 65.0 donde se acaba el amor

285.0 2252.0 471.0 83.0 alli se empieza el agravio.

991.0 289.0 439.0 57.0 Dile que ya para nada

951.0 333.0 470.0 63.0 tiene que darme disculpa,

949.0 379.0 481.0 59.0 que ya estoy desengañada,

954.0 422.0 421.0 64.0 y quo yo tengo la culpa

954.0 462.0 478.0 70.0 por haberle dado entrada.

997.0 506.0 476.0 61.0 Que prosiga en sus manías

951.0 545.0 564.0 70.0 y en sus perversas costumbres,

954.0 589.0 495.0 63.0 que no quiero entre porfias

960.0 635.0 481.0 68.0 pasar ya mas pesadumbres

956.0 683.0 480.0 66.0 ni aguantar mas picardias.

1008.0 722.0 461.0 64.0 Ya sabe que yo me fundo

958.0 768.0 443.0 62.0 en llegando á aborrecer,

956.0 812.0 561.0 62.0 que me juzgue en lo profundo,

962.0 856.0 356.0 66.0 y como si tal mujer

960.0 893.0 577.0 73.0 no hubiese habido en el mundo.

1004.0 942.0 469.0 61.0 Dile que se cansa en vano

960.0 990.0 448.0 61.0 en pedirme y suplicarme,

965.0 1016.0 550.0 75.0 porque un hombre tan villano

965.0 1075.0 546.0 66.0 no ha de volver á engañarme,

965.0 1112.0 484.0 77.0 porque ya le doy de mano.

1002.0 1161.0 509.0 57.0 Dile que pues lo ha querido

971.0 1200.0 483.0 68.0 que no ponga aqui los pies,

967.0 1248.0 476.0 59.0 y que esté muy entendido

962.0 1288.0 422.0 68.0 que lo que fue y no es,

969.0 1329.0 445.0 68.0 como si no hubiera sido.

1013.0 1367.0 419.0 70.0 Dile que estoy enterada

973.0 1413.0 408.0 68.0 de lo falso de su amor,

971.0 1456.0 470.0 73.0 y que no le creo en nada;

969.0 1502.0 447.0 64.0 en fin, dile á ese traidor,

969.0 1546.0 583.0 64.0 que hasta su nombre me enfada.

1013.0 1594.0 478.0 55.0 Dile que no me arrepiento

973.0 1634.0 470.0 68.0 de lo que estoy hablando,

982.0 1678.0 439.0 68.0 y pues con conocimiento

971.0 1724.0 496.0 61.0 confiesa que está espirando,

973.0 1772.0 511.0 63.0 que disponga el testamento.

1017.0 1805.0 544.0 68.0 Que ya otro cordial no espere

976.0 1851.0 421.0 68.0 sino el veneno que vé;

976.0 1897.0 489.0 59.0 y pues que asi se lo quiere,

978.0 1936.0 535.0 77.0 que gruña, que rabie y que....

976.0 1982.0 429.0 59.0 se muera como pudiere.

1017.0 2022.0 478.0 76.0 En fiñ, dile en conclusion,

980.0 2072.0 454.0 66.0 que se rompió la cadena,

982.0 2120.0 491.0 53.0 y que no hay composicion,

982.0 2160.0 496.0 65.0 y que á su culpa es la pena

978.0 2201.0 408.0 64.0 el no tener compasion.

1272.0 2256.0 83.0 48.0 FIN.

789.0 2331.0 384.0 59.0 MADRID:—1848.

346.0 2366.0 1263.0 100.0 Imprenta de D. J. M. Marés, Corredera de S. Pablo, núm. 27.
