1334 2176
34 7 517 67 las tacanyas de las sogras?

36 54 544 69 Lo dia que entre en sa casa,

45 110 455 71 prou fará la cara bona;

49 161 395 69 peró quant haja finit

38 210 455 63 lo vi y lo pa de bodas,

52 255 418 75 ja demanará las claus,

52 306 436 72 ja dirá mal de la nora,

47 364 461 63 ja comensará á grunyir,

39 420 489 53 fins á tant que sia morta.

41 460 394 60 Basta per ara lo dit

41 509 441 76 y referit de las sogras,

45 563 455 68 que si tot ho he de dir

41 618 434 63 no bastaria una hora:

45 669 510 59 toquém, toquém á aquell,

45 716 601 72 que es lo principal de la obra;

49 774 466 63 perque si non' deya res,

39 825 467 59 me dirian que só tonta,

45 875 521 60 que parlo de un casament,

45 922 570 62 que no hi entran sinó donas;

43 968 472 69 escudrinyém als marits,

41 1015 605 73 que las faltas crech los sobran.

49 1073 471 58 ¿Qué sé jo si encontraré

49 1120 500 67 un marit de casta bona?

41 1176 496 62 un quem puga mantenir

38 1224 519 61 ab tota decencia y honra:

39 1265 487 71 ells tots antes de casarse

39 1323 534 67 manifestan la gran pompa;

49 1378 500 61 peró quant una es posada

39 1425 516 67 en lo mitg de la tramoya,

41 1465 407 78 troba tot embolicat;

41 1517 469 76 luego deutes á la porta,

45 1568 385 69 y si demano diners

50 1624 487 67 per gavardina ó per cota,

47 1679 463 54 per manto, y finalment

45 1719 455 68 per tota la demés roba,

43 1769 427 71 responen, ho pagarás

38 1820 562 74 de lo que del teu dot sobra;

43 1885 403 55 y lo dot sen' es anat

39 1934 521 55 com si fos alguna sombra:

38 1974 386 66 si lo marit es gelós,

38 2025 533 74 renováu pany á las portas;

38 2081 466 71 criats, tots aneu alerta,

695 5 495 60 mirém que fa la senyora,

696 56 494 65 escudrinyémli los passos,

698 103 537 67 mirém quins tractes abona;

706 150 499 76 paradém tots los balcons,

698 210 537 67 tancadas sempre las portas,

698 259 463 69 no deixeu entrar ningú,

700 310 521 65 tan solament ni una dona;

700 364 526 60 que vaja á missa á las deu,

706 411 419 65 jo estaré tras la porta

700 458 423 73 de la iglesia, y veuré

702 511 452 72 si fa posturas, ó dòna;

700 560 394 71 á ningun passarellet

700 609 528 71 lloch ó temps, dia ú hora,

706 658 451 74 y si ho fa la escanyaré,

706 710 511 73 y diré que sem' ha morta.

704 757 464 71 Jesus, ¡pobreta de mi!

715 808 548 76 ¿jo he de passar estas cosas?

711 863 592 72 ¿jo he de sufrir tants treballs?

713 906 553 82 ¿jo he de tenir tal ponsonya?

706 962 622 73 ¿jo he de estar sempre tancada

698 1024 481 56 en casa com una monja,

709 1066 405 72 y privada de un tot?

702 1113 544 76 Com si acas fòs molt grossa

706 1169 448 73 la culpa que he comés,

704 1220 510 69 de no quedarme minyona,

707 1269 427 67 y si lo home es gelós,

707 1320 507 67 que sen confesse la dona:

713 1381 455 60 y encara que encontrás

706 1425 528 60 un home de punt y honra,

704 1472 550 63 un que en un tot fos garbós,

704 1521 522 67 un que estimés bè la dona,

704 1584 435 51 un que puga mantenir

704 1624 513 67 aquella grandesa y pompa

707 1682 452 60 que demana mon estat,

700 1720 583 73 segons lo dot lo que importa;

702 1769 435 76 encara queda lo agrás,

707 1826 470 65 y la paciencia que porta

698 1884 507 50 de haver de sufrir la cara

698 1925 565 64 del marit, si Deu nom' dòna

700 1976 390 60 successió; com si jo

698 2030 412 60 no desitjás esta cosa;

704 2079 444 82 y també haver de anar

1241 2145 34 29 á
