1570 2336
89 132 631 80 quem volgués quedar minyona,

95 190 419 63 que nom' faltaria res,

83 233 561 74 y que quant arrivás la hora,

87 295 481 63 que Deu de mi disposás,

83 336 633 78 ab molt dol y ab molta pompa

83 391 487 60 celebrarian mon enterro

87 434 466 76 enramada y ab corona;

93 490 489 78 peró lo que mon discurs

85 545 518 64 en aquest cas me proposa,

81 591 602 68 es, que mon germá m' ho diu

85 644 493 66 pera no abaixar la bossa.

91 693 612 75 ¿No'us apar si tinch de créurer

83 741 509 70 al qui á la avaricia abona,

83 802 511 54 que per no tráurer lo dot

81 842 479 67 me diria deu mil cosas;

85 897 516 72 y també no'us causa rissa,

83 953 596 65 véurer que al devant me posa

81 1006 522 62 mon enterro, quant jo no

79 1047 485 70 de morir estich gustosa;

85 1107 472 68 despres rahons cada dia

81 1154 569 68 ab la cunyada ó mitg mona,

85 1206 538 63 que si jo vull anar al Born,

79 1257 417 62 ella á la Plassa nova,

83 1302 497 68 que quasi sempre veyém

85 1358 616 70 que están com la sogra y nora?

95 1411 565 68 ¿Y axí jo quedarme en casa;

87 1446 499 84 Deu no permeta tal cosa,

83 1504 417 72 Deu men trega aviat,

85 1561 524 64 y m' done una ditxa bona,

85 1615 481 57 quem fassa bona casada,

85 1666 503 60 y que no encontre sogra;

83 1718 544 65 quem done un home galan,

79 1759 585 74 lindo y fresch com una rosa;

85 1820 417 62 y que sia també rich

97 1870 608 61 y noble, que es lo que importa.

91 1913 458 70 Y trobantme jo casada,

89 1964 456 76 ja podré anar tota sola,

89 2022 382 62 ja seré mare major,

91 2061 616 74 y no de un convent de monjas.

91 2117 616 67 Válgam Deu, que estaré alegre

83 2178 476 62 ab la companya gustosa

77 2219 552 87 del marit, y ab quin garbo

746 142 512 70 celebrarém nostras bodas.

751 192 540 74 Peró ¡ay! quel cor me diu,

751 243 563 80 que entre tantas cosas dolsas,

747 299 536 68 n' hi ha també de amargas,

742 348 407 68 ó sinó de agridolsas.

757 397 481 66 ¿Cóm ho faré per portar

749 436 437 81 fixâdas en la memoria

749 502 452 68 totas las cosas de casa?

747 550 556 67 Jo haver de posar en forma

744 609 535 52 tots los trastos ; y las claus

746 650 514 74 may apartar de dessobra;

744 708 465 53 y si tinch criada, haver

747 755 536 66 de sufrir tantas rampoynas,

749 800 487 70 que passan entre criadas,

753 864 544 58 y véurer com van las cosas,

744 903 440 72 si son lleals, si fiadas,

744 951 522 78 si fleumas, si dormidoras;

747 1006 530 76 y la major de las desditxas

747 1057 410 72 es, que sia rodadora,

747 1113 486 62 que vaja á véure l' janot,

746 1154 412 72 si treballa á la porta.

751 1204 511 73 Y despres de haver passat

749 1261 552 72 per lo mitg de las congoixas

744 1312 444 68 de governar lo servey,

744 1362 442 66 y ser de casa custodia,

740 1407 493 74 ix també á fer son paper

744 1456 428 72 lo retrato de la sogra,

746 1516 549 70 aquella que diu may menja,

749 1567 532 68 per véurer si de esta forma

746 1619 412 62 cessaré jo de menjar,

749 1662 425 70 y entretindré la boca,

751 1711 464 72 per fer á la vella alegre,

749 1769 589 62 quant me veja de fam morta:

747 1814 408 74 y si jo fas una feyna,

736 1864 508 70 de repente se m' hi posa,

744 1919 539 70 dihent que no es res de bo,

749 1966 415 74 y malehint á la nora,

753 2022 476 62 y resant de baix en baix

738 2069 559 70 al dret y al revés las Horas.

744 2117 508 67 ¿Y cóm tinch jo de sufrir

742 2170 602 72 las grans mentidas que contan,

744 2230 492 76 quant arrivan los marits,

1262 2271 48 63 las
