1860 2629
1177.0 192.0 259.0 121.0 (Núm. 169.)

353.0 1023.0 1039.0 122.0 GLOSAS CHISTOSAS

236.0 1123.0 1259.0 103.0 PARA DIVERTIRSE LOS MOZOS CON INSTRUMENTOS.

640.0 1294.0 401.0 77.0 A la orillita del muelle

592.0 1351.0 390.0 64.0 tengo yo mi diversion,

594.0 1399.0 423.0 57.0 gano para mantenerme,

592.0 1432.0 454.0 70.0 y hago de vino un colchon.

232.0 1428.0 404.0 103.0 En la cámara de popa

190.0 1518.0 428.0 61.0 tengo todos mis tesoros,

190.0 1562.0 437.0 61.0 tengo el caballo de oros

186.0 1605.0 430.0 60.0 con la malilla de copas,

188.0 1649.0 404.0 64.0 y toda la demas tropa

186.0 1691.0 408.0 59.0 sotas, caballos y reyes

182.0 1728.0 486.0 64.0 los tengo con buenas leyes

186.0 1778.0 489.0 57.0 para cuando salto en tierra

182.0 1822.0 491.0 64.0 formo mi campo de guerra

177.0 1862.0 404.0 61.0 á la orillita del muolle.

230.0 1908.0 443.0 57.0 Vienen soldados al juego,

177.0 1949.0 413.0 59.0 marineros y grumetes,

179.0 1991.0 468.0 57.0 unos sacan y otros meten,

184.0 2041.0 395.0 55.0 todos se dejan dinero,

177.0 2081.0 432.0 59.0 otros dicen : caballeros,

173.0 2125.0 465.0 61.0 siga en el juego atencion,

177.0 2171.0 463.0 52.0 cuatro cuartos van al dos,

175.0 2206.0 535.0 70.0 yo los pago y me hago fuera:

175.0 2256.0 382.0 57.0 y así de esta manera

168.0 2289.0 380.0 96.0 tengo yo mi diversion.

925.0 1443.0 402.0 88.0 Hago canés y barajo;

877.0 1516.0 447.0 59.0 echa carta, dijo el moro,

879.0 1553.0 463.0 70.0 medio duro al as de oros,

875.0 1605.0 445.0 57.0 sin la que viene debajo,

875.0 1649.0 447.0 62.0 quítate de aquí, pendajo,

877.0 1693.0 445.0 53.0 anda vete, come y bebe

875.0 1730.0 445.0 64.0 y no vengas á molerme,

870.0 1776.0 487.0 62.0 que yo con mis canecillos

870.0 1818.0 415.0 63.0 arrecojo mis cuartillos

875.0 1853.0 454.0 74.0 y gano para mantenerme.

919.0 1906.0 519.0 56.0 En cuanto el sol me calienta

870.0 1938.0 485.0 60.0 voy en busca de los pillos,

875.0 1987.0 421.0 61.0 armo yo mis canecillos

870.0 2030.0 546.0 64.0 y ajusto muy bien las cúertas

868.0 2076.0 478.0 55.0 del dinero de mis rentas;

870.0 2122.0 441.0 55.0 me meto en un bodegon

862.0 2153.0 469.0 70.0 de asadura y salchichon,

866.0 2206.0 498.0 68.0 allí como hasta hincharme,

870.0 2243.0 430.0 66.0 y luego para acostarme

870.0 2289.0 417.0 94.0 hago de vino un colchon.
