1753 2480
715.0 206.0 395.0 91.0 La brisca de tu fineza

673.0 274.0 375.0 54.0 contigo quiero jugar

669.0 310.0 412.0 68.0 por ver si puedo robar

671.0 349.0 410.0 82.0 el triunfo de ta belleza.

318.0 355.0 442.0 93.0 En el naipe de mi amor

270.0 431.0 461.0 62.0 quiero copiar tu retrato,

268.0 479.0 523.0 62.0 de oro, copa, espada y basto

270.0 524.0 412.0 56.0 para aliviar mi dolor;

272.0 564.0 420.0 64.0 y así puedes sin temor

270.0 597.0 441.0 78.0 jugar con tola destreza,

268.0 653.0 416.0 62.0 porque tu rara belleza

266.0 700.0 443.0 58.0 está diestra en el jugar;

264.0 731.0 469.0 72.0 que en tí confio el ganar

262.0 777.0 382.0 64.0 la brisca de ta fineza.

312.0 818.0 405.0 74.0 Empezemos el partido

264.0 859.0 389.0 71.0 y si gustas yo alzaré,

264.0 907.0 362.0 58.0 que si gano te daré

262.0 946.0 370.0 62.0 mi corazon afligido,

262.0 983.0 513.0 81.0 aunque yo estoy persuadido.

260.0 1039.0 424.0 68.0 que con este tu mirar,

262.0 1078.0 354.0 56.0 te baste para robar

260.0 1120.0 370.0 60.0 mis ojos con interés,

262.0 1161.0 529.0 85.0 que aunque renuncies la vez

256.0 1213.0 376.0 95.0 contigo quiero jugar.

1015.0 376.0 467.0 97.0 Ya tienes en tu presencia

971.0 446.0 461.0 58.0 mi mala informada nota,

969.0 489.0 496.0 64.0 pero el rey, caballo y sota

971.0 533.0 488.0 58.0 y el siete es mi resistencia;

969.0 576.0 486.0 66.0 por tu cuenta y evidencia

969.0 622.0 397.0 55.0 me quieres avasallar,

965.0 659.0 444.0 70.0 tambien quieres ocultar,

965.0 700.0 407.0 64.0 la carta de tu desden:

965.0 750.0 434.0 58.0 esta baza haré tambien

965.0 812.0 399.0 45.0 por ver si puedo robar.

1006.0 832.0 496.0 71.0 Con el cuatro y con el tres

961.0 870.0 506.0 76.0 de tu amorosa inconstancia,

963.0 915.0 455.0 66.0 me alegro de la ganancia

963.0 965.0 403.0 53.0 y por último las diez;

963.0 1000.0 448.0 62.0 ya no pretendo otra vez

963.0 1051.0 415.0 54.0 desafler vuestra alteza:

959.0 1091.0 477.0 66.0 sois virgen en la destreza,

961.0 1132.0 432.0 62.0 que si à mi me robastes

959.0 1165.0 591.0 93.0 fué que á el alzar me ganastes.

959.0 1215.0 403.0 80.0 el triunfo de ta belleza.

698.0 1248.0 360.0 70.0 En azuesta soledad

647.0 1295.0 454.0 75.0 lloro un bien que no posco,

647.0 1337.0 427.0 72.0 pues sin libertad me seo

649.0 1390.0 430.0 100.0 en lo meor de mi edad.

297.0 1401.0 422.0 93.0 El sol, estrellas y luna,

250.0 1463.0 450.0 72.0 signos y demas planetas,

254.0 1516.0 434.0 56.0 vistanse negras bayetas

252.0 1550.0 442.0 62.0 al ver mi mala fortuna:

250.0 1595.0 459.0 64.0 lloren desde su alta cuna

245.0 1640.0 455.0 56.0 mi suerte, mi iniquidad,

245.0 1680.0 474.0 66.0 publiquen pues la verdad,

245.0 1721.0 515.0 72.0 de estos acentos que espreso,

245.0 1773.0 476.0 60.0 pues estoy á mas de preso

241.0 1814.0 339.0 60.0 en aquesta soledad.

289.0 1841.0 492.0 83.0 Los hombres, peces y aves,

237.0 1893.0 459.0 68.0 el aire, tierra y el fuego,

239.0 1948.0 503.0 60.0 al ver mi gran desconsuelo,

239.0 1986.0 455.0 60.0 pidan creces á los mares:

239.0 2031.0 424.0 64.0 cesen el canto las aves,

239.0 2077.0 426.0 57.0 callen su dulce gorgeo,

235.0 2110.0 438.0 68.0 mirando el estado fiero,

241.0 2151.0 492.0 70.0 y penas que estoy pasando;

239.0 2203.0 538.0 70.0 pues á mas de estar penando,

233.0 2246.0 476.0 99.0 lloro un bíen que no poseo.

996.0 1426.0 451.0 70.0 Las rosas y demas flores,

948.0 1471.0 548.0 79.0 aunque en su abril divertidas,

950.0 1531.0 387.0 52.0 de fino crlor vestidas

946.0 1566.0 476.0 64.0 publiquen mis siusabores:

950.0 1609.0 476.0 60.0 vistanse todas de horrores,

946.0 1640.0 490.0 77.0 de llanto el hermoso suelo,

946.0 1694.0 472.0 64.0 y hasta las plantas anhelo

946.0 1733.0 459.0 69.0 que me ayuden á llorar;

944.0 1781.0 430.0 62.0 lloren, lloren sin cesar,

946.0 1826.0 422.0 58.0 pues sin libertad me veo.

988.0 1864.0 475.0 68.0 Hasta las mas duras rocas,

944.0 1899.0 523.0 82.0 que incapaces son de hablar,

942.0 1950.0 416.0 67.0 para sentir mi penar,

942.0 1998.0 469.0 64.0 abran de su centro bocas;

940.0 2035.0 440.0 68.0 y si estas parecen pocas,

940.0 2079.0 352.0 64.0 pide mi temeridad,

938.0 2126.0 434.0 56.0 diga tambien la verdad

936.0 2167.0 511.0 65.0 cuanto este mundo contiene;

938.0 2213.0 560.0 76.0 quien és quien preso me tiene:

930.0 2252.0 450.0 106.0 en lo mejor de me edad?
