2148 3034
569.0 298.0 38.0 66.0 6

521.0 326.0 404.0 96.0 Saludóle cortesano,

521.0 384.0 485.0 86.0 y atento le preguntaba,

518.0 447.0 534.0 73.0 que si por ventura habria

513.0 495.0 450.0 63.0 alguna chozz ó cabaña

513.0 536.0 519.0 73.0 donde tuviesen albergue,

513.0 589.0 534.0 73.0 que la noche se acercaba,

513.0 627.0 524.0 91.0 Dijo el pastor : caballeros,

511.0 682.0 422.0 68.0 aquella pobre cabaña

511.0 723.0 458.0 75.0 donde yo habito, será

511.0 781.0 435.0 65.0 de ustedes la posada.

511.0 814.0 513.0 78.0 Suban por aquel collado.

511.0 867.0 554.0 86.0 y en lo hondo, en la bajada

511.0 925.0 503.0 73.0 hallarán mi pobre choza,

508.0 973.0 504.0 63.0 donde penitencia hagan.

513.0 1013.0 519.0 71.0 Vino el pastor, y dispuso

506.0 1064.0 579.0 78.0 de que luego al punto hagan

506.0 1109.0 518.0 81.0 de cenar cumplidamente,

506.0 1163.0 609.0 73.0 por ser gente de importancia.

513.0 1208.0 592.0 89.0 Vió don Claudio á Margarita,

503.0 1256.0 453.0 73.0 y reparando su gracia,

500.0 1309.0 481.0 68.0 saltos le dá el corazon,

500.0 1347.0 537.0 84.0 y sospechas le dá el alma.

500.0 1403.0 514.0 76.0 ¡Ay Dios! cómo se parece

500.0 1453.0 474.0 71.0 aquella hermosa zagala

498.0 1499.0 483.0 73.0 á la triste de mi esposa,

500.0 1534.0 628.0 99.0 que en la gloria tenga su alma

500.0 1582.0 509.0 91.0 Tambien doña Margarita,

498.0 1643.0 478.0 66.0 toda confusa y turbada,

498.0 1681.0 496.0 83.0 ha conocido á se esposo,

498.0 1734.0 503.0 81.0 y de él mucho se recata,

498.0 1795.0 468.0 58.0 que teme ser conocida.

490.0 1822.0 557.0 97.0 aunque le llevaba el alma.

500.0 1883.0 448.0 61.0 Grande recelo concibe

493.0 1929.0 503.0 70.0 de ver cuanto la miraba,

498.0 1972.0 562.0 73.0 «si vendrá á darle la muerte

495.0 2025.0 529.0 65.0 sabiendo que viva estaba?

495.0 2073.0 638.0 88.0 Quiere ausentarse, y no acierta,

495.0 2121.0 547.0 78.0 y en turbacion tan estraña,

493.0 2166.0 430.0 66.0 á la Virgen de la Paz

493.0 2209.0 534.0 89.0 de veras se encomendaba.

493.0 2250.0 443.0 81.0 Díjole luego á se hijo,

488.0 2308.0 526.0 356.0 que á la gente preguntára

1249.0 326.0 519.0 116.0 quién era aquel caballero,

1247.0 414.0 549.0 73.0 por si ella estaba engañada,

1247.0 462.0 422.0 74.0 qué cuidado les traia

1242.0 505.0 534.0 79.0 por aquella tierra estraña,

1247.0 568.0 420.0 56.0 para salir de temores

1242.0 601.0 460.0 76.0 y quedar desengañada.

1242.0 644.0 556.0 86.0 Y despues de haber cenado

1234.0 702.0 478.0 74.0 el mozo les preguntaba,

1232.0 748.0 508.0 71.0 quién era aquel caballero

1224 798 471 61 que le llevaba el alma.

1234.0 841.0 534.0 79.0 Respondió el mayordomo

1234.0 892.0 443.0 66.0 sin recelarse de nada.

1234.0 938.0 529.0 75.0 Es un grande de la córte;

1232.0 986.0 599.0 75.0 al cual don Claudio le llamans:

1232.0 1034.0 546.0 73.0 dicen que hay en este sitio

1232.0 1082.0 425.0 73.0 una fiera tan estraña,

1229.0 1104.0 696.0 112.0 que asombra à vuantos la han visto,

1229.0 1178.0 499.0 81.0 y que aturde la comarca;

1227.0 1226.0 430.0 71.0 y con aquesta noticia

1227.0 1274.0 495.0 73.0 mi amo se encaprichaba

1224.0 1309.0 648.0 94.0 que este animal muerto ó vivo

1227.0 1367.0 630.0 86.0 no ha de escapar de sus armas.

1224.0 1410.0 433.0 79.0 Se aseguró Margarita

1224.0 1453.0 544.0 91.0 en lo que tanto importaba,

1224.0 1511.0 453.0 69.0 y sin faltarla el recato,

1219.0 1559.0 503.0 76.0 muchas veces suspiraba,

1227.0 1597.0 498.0 86.0 viendo delante el traidor,

1224.0 1656.0 552.0 78.0 y que estaba en la privanza

1224.0 1709.0 504.0 63.0 de su esposo, siendo ella

1222.0 1754.0 541.0 66.0 por su traicion desdichada.

1222.0 1797.0 536.0 79.0 Del Cielo venga el castigo

1222.0 1848.0 498.0 71.0 (decia con mucha ánsia);

1224.0 1886.0 504.0 83.0 Dios proteja la inocencia

1224.0 1939.0 476.0 76.0 y vuelva por esta causa,

1222.0 1992.0 483.0 68.0 descubriendo la verdad

1219.0 2025.0 625.0 98.0 quéde mi opinion sin mancha.

1219.0 2083.0 463.0 76.0 Pasaron aquella noche,

1222.0 2131.0 468.0 73.0 y á otro dia de mañana

1222.0 2181.0 465.0 69.0 salieron con el cuidado

1222.0 2222.0 518.0 83.0 de dar principio á la caza,

1222.0 2275.0 602.0 81.0 para si el móntruo encuentran

1214.0 2326.0 516.0 308.0 lograr toda su esperanza.
