1860 2629
166.0 692.0 1479.0 103.0 TROVOS Y GLOSAS DISCRETAS, QUE PARA EXPLICAR

133 744 1518 112 sus penas cantaba un amante despreciado, cuando se divertia

278.0 795.0 1195.0 98.0 con sus amigos ; compuestos por D. Zeferino Zepol,

662.0 863.0 454.0 85.0 natural de Audujar.

114.0 948.0 570.0 81.0 I. El corazon se me parte

153.0 1007.0 513.0 70.0 de dolor y sentimiento,

151.0 1058.0 647.0 68.0 viendo que estás en el mundo

151.0 1117.0 603.0 61.0 y para mí ya te has muerto.

208.0 1156.0 583.0 79.0 Todo mi intento fué amarte,

142.0 1200.0 472.0 77.0 nunca te pude vencer,

142.0 1264.0 588.0 74.0 por mas que quise adorarte,

138.0 1307.0 469.0 81.0 al verte en otro poder

135.0 1358.0 498.0 76.0 el corazon se me parte.

190.0 1415.0 590.0 85.0 Ya para mi no hay contento,

131.0 1459.0 524.0 76.0 yo no tendré ya alegria,

127.0 1509.0 559.0 90.0 con mucho dolor lo siento,

127.0 1575.0 489.0 70.0 penaré de noche y dia

127.0 1614.0 506.0 77.0 de dolor y sentimiento.

171.0 1665.0 557.0 85.0 Siempre me veo iracundo,

118.0 1715.0 498.0 81.0 metido en triste penar.

116.0 1776.0 552.0 81.0 con harta razon me fundo,

114.0 1829.0 429.0 74.0 de no poderte gozar

111.0 1873.0 639.0 83.0 viendo que estás en el mundo.

168.0 1921.0 566.0 94.0 Tengan el sepulcro abierto,

107.0 1973.0 581.0 88.0 por todo el orbe se escriba,

103.0 2030.0 607.0 86.0 al ver que la muerte acierto,

103.0 2083.0 572.0 83.0 viendo que tú te estás viva

103.0 2133.0 612.0 86.0 y para mi ya te has muerto.

52.0 2182.0 577.0 78.0 II. Cuantas veces lloraras,

94.0 2232.0 572.0 90.0 cuando no tendrá remedio,

89 2289 446 85 me verás y te veré,

94.0 2335.0 528.0 107.0 pero no nos hablaremos.

997.0 966.0 444.0 72.0 De otro te enamorás,

940.0 1018.0 536.0 83.0 dandome á mi que sentir,

940.0 1077.0 479.0 62.0 gusto en todo le darás

945.0 1117.0 533.0 85.0 y viendome á mi afligir,

938.0 1172.0 483.0 78.0 cuantas veces llorarás.

987.0 1220.0 550.0 94.0 Si mi amor te causa tedio

929.0 1279.0 463.0 77.0 prometo se ausentará,

927.0 1329.0 516.0 77.0 pero tu buscarás medio,

927.0 1378.0 505.0 72.0 que yo te quiera y será

921.0 1434.0 535.0 79.0 cuando no tenga remedio.

976.0 1478.0 322.0 79.0 Afligido viviré

916.0 1531.0 529.0 92.0 si me desprecia tu amor,

914.0 1581.0 388.0 86.0 agena te juzgaré,

912.0 1643.0 555.0 74.0 y para mayor mayor dolor

908.0 1686.0 412.0 77.0 me verás y te veré.

962.0 1739.0 566.0 81.0 Nuestros tratos perderemos

908.0 1781.0 570.0 94.0 cuando séas de otro esposa,

910.0 1844.0 535.0 83.0 y algun dia nos veremos,

905.0 1890.0 505.0 88.0 yo sin dicha y tu dicha,

905.0 1947.0 505.0 79.0 pero no nos hablaremos.

859.0 1993.0 704.0 103.0 III. ¡O quién de amor no supiera!

894.0 2055.0 511.0 78.0 para no llegar á amarte,

892.0 2103.0 542.0 85.0 porque sino he de gozarte

888.0 2155.0 574.0 88.0 de que sirve que te quiera.

938.0 2203.0 483.0 79.0 Jamas fino me rindiera

881.0 2258.0 533.0 81.0 á tus prendas ¡ay de mí!

881.0 2320.0 533.0 65.0 te estimo en tanta manera

879.0 2359.0 441.0 101.0 como certifico aquí,
