1753 2480
138 86 608 95 ó quién de amor no supiera!

181 152 548 79 De mi dolor te doy parte,

128 202 595 81 pues me esplico enternecido,

136 256 552 78 ¡ ó quien antes de adorarte

126 314 508 70 no te hubiera conocido!

138 359 511 81 para no llegar á amarte.

183 407 505 84 Mi martirio ponderarte

132 473 442 66 amada prenda no sé,

136 516 475 70 será preciso olvidarte,

134 566 494 82 si me preguntas porqué

140 632 554 64 porque sino he de gozarte.

192 669 556 70 En fin, mi fué solo espera

138 729 494 64 de tí un íntimo favor,

140 781 533 62 que me muero considera,

142 824 550 70 mas sino premias mi amor

140 874 612 78 de que sirve que te quiera?

101 925 663 79 IV. Llegó el dia ¡ trance fuerte!

134 979 597 83 de mi ausencia ¡qué rigor!

152 1037 600 74 ya me despido ¡ qué muerte !

142 1093 507 62 lloremos juntos los dos.

202 1138 552 66 Mi vida por no perderte,

155 1194 512 66 mas apreciara el morir,

155 1246 523 66 mejor quisiera la muerte,

157 1291 502 68 que no llegarte á decir

159 1341 581 76 llegó el dia ¡trance fuerte!

208 1388 623 75 No hay dolor que á mi dolor

155 1440 547 83 le iguale, y asi te digo,

161 1498 496 72 que no me falta valor,

161 1552 539 72 y el cielo solo es testigo

163 1599 587 75 de mi ausencia ¡ qué rigor!

217 1649 642 82 Posible es que no he de verte,

169 1709 639 68 y he de ausentarme y dejarte,

169 1762 600 71 ya te quedas Itrance fuerte!

165 1812 498 70 el corazon se me parte,

169 1862 614 74 ya me despido ¡ qué muerte?

221 1913 525 71 Recibe el último á Dios,

173 1967 515 66 que no puedo imaginar,

175 2019 529 62 que al apartarme de vos,

179 2074 521 65 ya mi remedio es llorar,

175 2116 496 70 lloremos juntos los dos.

128 2176 545 66 V. Cuantas veces pasarás

181 2219 594 77 por donde yo esté enterrado,

181 2275 476 72 ni una vez sola dirás,

183 2333 515 91 Dios te haya perdonado.

969 90 475 75 De otro te enamorarás,

928 144 490 75 y le dirás mil ternuras,

919 214 422 54 con él te divertirás

921 250 490 80 y asi por mi sepultura

919 310 474 62 cuantas veces pasarás.

973 351 463 74 De tí no seré llorado

928 398 531 81 pór ser tu pasion escasa,

924 458 529 77 mas despues de sepulrado

926 520 514 56 te reconvendrás si pasas

934 555 595 77 por donde yo esté enterrado.

979 613 441 71 Mi cariño olvidarás,

930 661 556 76 si otro en tí pusiere amor,

930 723 490 66 gusto en todo le darás

932 768 579 73 y un requiescant con dolor,

932 814 471 68 ni una vez sola dirás.

981 870 571 66 En fin no tendrás cuidado,

940 923 595 66 que me salve ó me condene,

944 975 474 79 pero quedaré pagado,

942 1029 471 72 si de caridad digeres,

950 1082 534 62 Dios te haya perdonado.

903 1118 653 91 VI. Si me quieren, correspondo

944 1184 529 74 sino, no me dá cuidado,

950 1248 612 58 amor, no me quita el sueño,

950 1287 507 66 nunca he sido porfiado.

1000 1347 569 64 Como es el mundo redondo

950 1392 577 65 á nada le muestro aprecio,

952 1444 575 68 si me preguntan, respondo,

950 1492 594 74 si me desprecian, desprecio,

957 1550 593 72 si me quieren, correspondo.

1006 1603 587 71 Cuando de amor he tratado,

948 1653 499 70 con desconfianza vivo,

957 1709 492 64 yo por no ser porfiado,

959 1754 500 75 si me lo dan, lo récibo,

952 1806 567 70 si no, no me dá cuidado.

1010 1855 649 73 De esto el mundo dá el diseño

959 1919 548 69 en las edades tempranas.

967 1965 589 68 yo por nadie me despeño,

963 2015 618 72 yo como y bebo con ganas,

971 2060 688 81 y amor no me quita le sueño,

1015 2112 647 70 Nunca á nadie le he rogado.

959 2176 610 66 ni en tal espejo se vieran,

963 2217 620 77 mi amor ha sido estimado;

973 2285 556 60 pero para que le quieran

963 2331 508 82 nunca he sido porfiado.
