1753 2480
93 119 611 91 ¡ó quién de amor no supiera!

134 190 568 62 De mi dolor te doy parte,

95 233 570 85 pues me esplico enternecido,

90 291 567 74 ¡o quién antes de adorarte.

82 332 496 83 no te hubiera conocido!

86 403 507 64 para no llegar á amarte.

132 446 488 76 Mi martirio ponderarte

80 493 438 77 amada prenda no sé

82 543 490 70 será preciso olvidarte,

82 597 505 78 si me preguntas porqué

88 648 567 83 porque sino he de gozarte.

140 696 523 89 En fin, mi fé solo espera

86 750 445 78 de ti un intimo favor

88 803 538 79 que me muero considera,

88 855 538 77 mas sino premias mi amor

86 901 581 88 de que sirve que te quiera?

47 944 641 97 IV. Llegó el dia ¡trance fuerte!

90 1006 565 89 de mi susencia ¡que rigor!

95 1058 597 84 ya me despido ¡qué muerte!

99 1113 510 87 lloremos juntos los dos.

148 1161 536 81 Mi vida por no perderte,

103 1221 500 74 mas apreciara el morir,

99 1271 537 82 mejor quisiera la muerte,

103 1320 484 75 que no llegarte á decir

107 1366 562 82 llegó el dia ¡trance fuerte!

155 1417 634 89 No hay dolor que á mi dolor

109 1483 507 73 le iguale, y asi te digo,

113 1529 455 85 que no me falta valor,

111 1581 517 84 y el cielo solo es testigo

105 1630 581 77 de mi ausencia ¡qué rigor!

159 1680 641 80 Posible es que no he de verte,

111 1731 639 87 y he de ausentarme y dejarte,

113 1785 610 91 ya te quedas ¡ trance fuerte!

113 1857 490 56 el corazon se me parte,

115 1891 612 84 ya me despido ¡que muerte !

171 1950 515 69 Recíbe el último á Dlos,

115 1992 509 82 que no puedo imaginar,

119 2050 532 78 que al apartarme de vos,

119 2099 507 85 ya mi remedio es llorar,

119 2157 484 72 lloremos juntos los dos.

84 2203 527 80 V. Cuantas veces pasarás

128 2256 612 83 por donde yo esté enterrado,

126 2308 459 83 ni una vez sola dirás,

128 2362 519 95 Dios te haya perdonado.

911 99 482 84 De otro te enamorarás,

870 167 481 83 y le dirás mil ternuras,

859 223 439 72 con él te divertirás,

864 283 483 70 y asi por mi sepultura

862 332 458 68 cuantas veces pasarás.

913 372 465 84 De tí no seré llorado

868 429 535 79 por ser tu pasion escasa,

866 481 521 68 mas despues de sepultado

859 531 523 84 te reconvendrás si pasas

870 578 601 87 por donde yo esté enterrado.

917 636 443 70 Mi cariño olvidarás,

864 677 578 87 si otro en tí pusiere amor,

870 735 484 81 gusto en todo le darás

872 787 564 76 y un requiescant con dolor,

870 841 488 74 ni una vez sola dirás.

924 888 551 79 En fin no tendrás cuidado,

870 938 585 87 que me salve ó me condene,

878 996 459 82 pero quedaré pagado,

874 1051 465 73 si de caridad dijeres,

882 1111 511 60 Dios te haya perdonado.

835 1153 659 82 VI. Si me quieren, correspondo

884 1204 532 73 sino, no me dá cuidado,

884 1248 600 76 amor, no me quita el sueño,

886 1302 494 84 nunca he sido porfiado.

932 1351 579 83 Como es el mundo redondo

880 1407 598 70 á nada le muestro aprecio ,

886 1463 573 70 si me preguntan, respondo,

890 1506 590 75 si me desprecian, desprecio,

890 1560 583 74 si me quieren, correspondo.

936 1607 597 87 Cuando de amor he tratado,

888 1678 468 62 con desconfianza vivo,

893 1723 496 77 yo por no ser porfiado,

890 1777 526 72 si me lo dan, lo recibo,

895 1822 549 71 si no, no me dá cuidado.

944 1868 647 76 De esto el mundo dá el diseño

897 1932 510 62 en las edades tempranas,

899 1977 535 83 yo por nadie me despeño,

897 2031 585 74 yo como y bebo con ganas,

901 2081 632 72 y amor no me quita el sueño.

950 2128 610 83 Nunca á nadie le he rogado,

897 2186 556 77 ni en tal espejo se vieran,

901 2238 560 66 mi amor ha sido estimado,

909 2289 531 79 pero para que le quieran

907 2341 496 93 nunca he sido porfiado.
