1860 2629
280.0 1634.0 582.0 74.0 Pues me preguntan algunos

230.0 1684.0 539.0 68.0 necios, tontos, mentecatos,

232.0 1730.0 526.0 70.0 bobos, simples y sin juicio

232.0 1770.0 630.0 79.0 que ¿por qué no me he casado?

232.0 1822.0 487.0 59.0 como si el casarme fuera

234.0 1866.0 452.0 61.0 heredar un mayorazgo,

236.0 1899.0 584.0 70.0 siendo cosa que solo lo hacen

236.0 1956.0 542.0 59.0 los tontos y los muchachos,

234.0 1993.0 386.0 64.0 les daré la solucion

236.0 2030.0 621.0 97.0 conforme á lo que yo alcanzo.

239.0 2087.0 436.0 60.0 Creo será convincente

243.0 2125.0 526.0 96.0 la razon, si no me engaño.

881.0 1619.0 489.0 70.0 y cada cual dosde luego

886.0 1678.0 500.0 59.0 hará de su capa un sayo.

892.0 1726.0 498.0 57.0 Porque si atento se mira

890.0 1765.0 456.0 62.0 á la luz del desengaño,

892.0 1807.0 630.0 66.0 ¿qué se halla en el matrimonio

890.0 1855.0 504.0 61.0 sino pesares, quebrantos,

886.0 1897.0 469.0 61.0 desesperaciones, iras,

890.0 1936.0 548.0 66.0 sustos, dispendios y gastos?

897.0 1989.0 449.0 63.0 Todo esto experimenta

901.0 2030.0 491.0 62.0 l que quiere ser casado.

894.0 2074.0 509.0 66.0 Desde el instante primero

892.0 2127.0 516.0 90.0 que se pone á imaginarlo,

1109.0 144.0 200.0 94.0 Núm. 28.

339.0 1034.0 1049.0 149.0 EL MOZO SOLTERO.

236.0 1318.0 1262.0 116.0 en que se manifiestan los inconvenientes y obligaciones que contrae

662.0 1229.0 410.0 94.0 NUEVA RELACION

366.0 1397.0 998.0 99.0 y deben tener presentes todos los que traten de casarse.
