1884 2649
344 1077 1096 101 ROMANCE GRACIOSO,

247 1147 1279 109 PARA REIR Y PASAR EL TIEMPO, EN QUE SE DA CUENTA

267 1240 1243 77 de una sangrienta batalla que en los campos de Arabiana tuvo

322 1286 1111 78 el valiente y esforzado leon rey de los animales, con el

419 1333 930 97 famoso y alentado grillo rey de las sabandijas.

443 1437 888 79 Compuesto por Andrés de Porras Trenllado.

247 1547 453 75 Atiende todo el orbe,

242 1618 502 55 sin perder punto ni paso,

240 1662 526 62 escuchando á boca abierta,

249 1706 389 75 y los oidos tapados,

295 1757 425 68 Que con esta calidad,

245 1807 552 67 Andrés de Porras Trenllado

242 1854 513 73 les dirá dos mil verdades,

245 1916 539 61 aunque vestidas de ensayo.

302 1958 448 68 Mil mentiras afeitadas,

253 2011 493 72 y embelecos estremados:

245 2064 514 70 al fin contaré una historia

251 2121 482 64 de pasatiempo y regalo.

302 2167 446 64 De placer y de alegría,

253 2218 526 64 que ha sucedido en el año

247 2264 545 124 de cien mil y nuevecientos,

909 1554 508 68 pasados noventa y tantos.

951 1600 458 68 En la fresca Andalucía,

909 1653 504 71 en los abundosos campos

912 1699 444 71 de la ilustre Arabiana,

923 1752 413 71 y cristal de Guadiato,

960 1803 491 75 Un domingo de mañana

909 1854 500 68 se iba un leon paseando,

914 1905 453 70 por una cañada arriba,

912 1953 550 69 algo enfermo y maltratado,

925 2011 519 68 porque una gran calentura

912 2059 433 64 le tiene muy acosado.

965 2108 596 75 Y andando de aquesta suerte

921 2150 565 90 pisó un grillo, que cantando

918 2222 396 56 estaba con armonía,

914 2264 530 111 sirena de aquellos campos.
