1888 2646
313 343 584 86 La liebre, el conejo, el mono,

262 396 554 82 el mico, el toro, el caballo,

262 447 428 82 el camello y la oveja,

262 502 525 84 el tejon, guarduño y gato,

308 546 596 86 El cerdon, el potro y mula,

253 606 466 73 el rinoceronte y gamo,

260 654 452 67 el grifo y el unicornio,

253 701 529 77 carnero, borrico y macho.

302 751 439 75 Junto el ejército todo,

255 809 629 81 puesto en órden todo el campo,

251 859 534 67 enviaron á la diestra zorra

253 910 470 69 por espía del contrario.

302 961 578 81 Y ella orgullosa en estremo,

242 1007 607 86 fuése á un cerro, y de lo alto

247 1060 529 79 vido como el grillo andaba

240 1113 467 66 su ejército concertando.

295 1157 450 77 Vido acudir sabandijas

238 1214 445 71 de todo lo comarcano;

238 1259 472 83 la culebra, el serpentin,

235 1309 420 75 la víbora, el lagarto,

284 1360 461 86 El liron, la comadreja,

233 1406 422 88 la lagartija y el sapo,

229 1459 476 84 la araña y el escorpion,

222 1517 441 75 curiana y escarabajo.

275 1561 421 81 El sapillo y el raton,

224 1605 472 95 la hormiga y el gigarro,

220 1666 474 84 el ciento piés y alacran,

216 1711 439 86 la tarántula á caballo.

266 1766 528 88 El tábano y el moscardon,

218 1823 459 66 y la abeja y el gusano.

213 1869 435 82 Junto el ejército todo,

209 1918 648 88 mandó el grillo echar un bando

258 1973 463 73 Que toda la gente suya

207 2021 426 73 se recojan al sagrado

207 2068 553 84 de un cañuto, porque quiere

200 2127 474 75 dejarlos allí encerrados,

249 2178 586 93 Que como es gente de chusma,

200 2222 461 86 teme le dejen burlado:

200 2282 483 103 encerráronse las moscas,

937 348 547 106 los mosquitos se encerraron,

981 412 547 92 Las moscardas, las avispas,

930 456 490 95 y todo el demás ganado,

928 520 499 79 y la zorra desde el cerro

921 571 494 77 todo lo estaba mirando.

990 619 520 93 Viendo gente tan pequeña,

928 663 532 84 dijo en su pecho burlando:

930 718 424 86 para tan vil gente yo

919 778 536 73 solo, sin compañía, basto.

968 822 582 93 Fuése donde el grillo estaba,

919 879 569 80 y le dijo: Anda, menguado,

921 932 574 82 ¿con tan vil gente pretendes

906 979 512 83 competir el fuerte bando

910 1031 514 73 del leon, que en fortaleza

908 1076 578 86 excede al mundo abreviado?

963 1131 532 90 Ahora verás, dijo el grillo,

906 1173 485 83 si mis valientes vasallos

915 1230 573 86 podrán con el mundo entero

906 1287 527 82 medir su invencible brazo.

955 1334 496 77 Diciendo esto desarranca

902 1380 498 88 de tábanos tres ó cuatro,

902 1437 472 82 con otras tantas avispas,

906 1483 534 84 y enderezan como un rayo

939 1541 558 84 Con la zorra, y ella viendo

899 1594 516 81 que no puede desecharlos,

899 1642 501 80 parte como un torbellino,

891 1691 577 88 dándose á cuatro mil diablos,

893 1741 500 84 y sin detenerse un punto,

886 1792 541 84 se ha lanzado en Guadiato.

946 1843 450 84 Y desque se vido libre

880 1900 522 82 de tan penosos contrarios,

873 1942 454 79 se salió la pobre zorra

884 1988 580 91 con todo el hocico hinchado.

926 2044 569 94 Y se ha subido en un cerro,

866 2099 470 77 escarmentada del caso;

873 2154 567 79 y desde allí vió que el grillo

864 2202 545 82 con su gente se ha llegado

871 2249 454 81 á donde el leon estaba

873 2306 589 106 poniendo en órden su campo.
