1858 2653
364 364 492 78 Vido como á la batalla

307 415 502 75 del uno y el otro bando

307 470 549 73 hacen la seña, y que todos,

311 528 525 66 tan fuertes como bizarros,

311 579 485 62 se embisten unos á otros

314 625 499 71 con coraje endemoniado.

367 676 506 71 Las fuertes culebras tiran

316 725 420 68 cruelísimos zarpazos,

325 782 422 78 y los tigres uñaradas,

331 826 518 82 grandes bocadas los asnos.

376 873 559 88 Mas como son tan valientes

325 926 400 75 los leones africanos,

327 974 469 78 de la sangrienta batalla

327 1032 553 77 llevan lo mejor del campo.

382 1087 575 73 Viendo el grillo que su gente

331 1136 496 79 va vencida del contrario,

331 1182 491 71 con un ánimo invencible

333 1240 542 64 fué donde están encerrados

384 1284 500 75 Los tábanos y moscardas,

345 1341 477 76 y todo el demás ganado,

336 1390 570 80 dando á todos puerta franca,

349 1448 440 73 y animándolos al caso.

387 1490 539 75 Ellos que se vieron sueltos,

338 1540 493 73 como unos leones bravos

340 1598 447 64 embisten furiosamente,

349 1636 500 86 por todas partes picando.

402 1697 509 76 Viendo la nacion jumenta

353 1739 556 82 que la mosca en tanto grado

351 1806 467 59 la persigue, que parece,

356 1843 559 80 que el viento se ha desatado

1030 347 516 79 En llover gente menuda,

982 409 455 72 se recogen al sagrado

979 464 600 64 de los piés, que en la ocasion

982 510 493 69 alas al viento prestaron.

1041 563 460 71 Y aguzando las orejas,

984 610 511 70 tirando pedos, y el rabo

984 669 564 62 esgrimiendo á todas partes,

988 716 558 66 van que los lleva el diablo.

1039 762 522 71 El leon con grande enojo,

988 818 487 68 iracundo y blasfemando

984 871 482 66 del infame de su padre,

990 921 527 65 les dijo á voces: Villanos,

1004 966 555 77 ¿cómo uís de aquesta suerte,

995 1019 478 79 gente vil de bajo trato?

1041 1070 527 70 Estando en estas palabras,

997 1118 544 67 veinte avispas han llegado,

1004 1171 500 67 y cercándole entre todas,

997 1220 500 68 la pellica le han sobado.

1050 1273 502 66 Mas viéndose perseguido,

1008 1319 573 80 y que es defenderse en vano,

1006 1375 555 81 parte huyendo con su gente

1006 1425 522 80 que se va descuadrillando.

1050 1481 524 64 La zorrá de un alto cerro,

1006 1527 566 67 les dice: Al agua, soldados;

1008 1578 451 66 toman ellos el consejo,

1017 1627 522 86 y en el rio se han entrado,

1061 1675 542 78 Dándole al grillo la palma:

1017 1717 608 95 y Andrés de Porras Trenllado

1015 1781 513 67 de este romance burlesco

1021 1828 463 97 pide perdon al senado.

420 2033 1168 89 Barcelona: En la Imprenta de los Herederos de la V. Pla,

820 2089 387 95 calle de Cotoners.
