1753 2480
862 111 225 75 — 3 —

252 194 489 25 Seiscientas leguas anduvo

252 203 483 53 padeciendo hambre y sed,

252 245 482 48 para que sus hijos turcos

252 275 381 46 se inclinasen á la fé.

250 301 502 55 Como Dios quiso que viera

252 352 431 42 sus dos hijos deseados,

250 383 445 46 llorando entre sí dijera:

252 414 497 57 ¡quién os viera bautizados!

249 462 521 46 Como en casa entrar los vió

249 489 503 55 la madre noble y prudente,

246 520 390 47 de limosna les pidió,

246 563 451 48 diciendo humildemente:

246 596 393 51 caballeros, consolad

248 632 337 48 á esta necesitada;

246 665 310 47 así consuele Alá

249 694 493 52 vuestra madre desdichada.

245 737 473 51 El mayor que lo entendió

242 772 430 50 le preguntó: ¿y tu viste

241 803 474 58 algun tiempo ó conociste

243 847 448 51 la madre que nos parió?

241 883 369 42 Ella dijo: bien la vi,

242 903 565 66 y os podré dar buenas nuevas,

239 954 390 47 pues mejor la conocí

241 992 423 41 que no vosotros á ella.

241 1026 505 45 Los dos hermanos lloraron

242 1063 539 46 oyendo á su madre nombrar,

250 1102 517 44 y en un retrete se entraron,

241 1131 474 49 donde la hicieron sentar.

241 1171 467 42 En medio de ellos tenian

239 1201 494 52 la que tanto han deseado,

239 1237 414 52 pero no la conocian,

238 1262 468 56 como se ha desemejado.

239 1313 448 48 Dijeron con pena triste:

237 1344 452 51 la madre que nos parió,

235 1369 551 62 ¿cuánto habrá que no la viste

237 1413 518 54 después que de aquí partió?

235 1450 341 44 Dijo: yo la conocí,

238 1471 540 70 desde que era aún muy niña,

243 1519 457 54 y juntas de Valladolid

234 1556 460 53 salimos en igual día.

234 1598 398 38 Cuando vino á Bujía,

235 1627 444 47 la servi y la acompañé,

232 1667 488 49 y cuando ella fué cautiva,

234 1697 492 55 yo en cautividad entré.

234 1733 375 49 Y el día que se casó

232 1752 512 74 con Alifach, vuestro padre,

231 1807 400 47 en las fiestas comí yo

232 1840 516 46 al harem de vuestra madre.

231 1876 475 55 En los partos de vosotros

231 1910 547 56 siempre á llamar me enviaba,

234 1953 488 53 y aun harta pena me daba

232 1992 441 37 de sus dolores penosos.

232 2022 459 46 Muchas veces os limpié,

231 2058 463 48 porque parida yo estaba,

231 2094 430 51 y os prometo por mi fé

230 2119 532 59 que mi propia leche os daba.

230 2165 465 50 Dicen en llanto bañados:

230 2192 537 53 madre, pues que nos pariste,

230 2234 533 51 ¿por qué causa aborrecisteis

230 2266 452 52 estos hijos desdichados?

231 2302 524 69 Si por nuestra ley nos echas

1006 197 497 31 de tu seno, madre nuestra,

1007 216 491 45 desde ahora la adjuramos,

1010 252 486 49 y abrazaremos la vuestra.

1008 283 437 51 ¿Por qué causa olvidais

1007 315 519 57 á quien con dolor parísteis?

1007 352 446 55 ¿siquiera no os acordais

1007 383 577 62 que en el vientre nos trajísteis?

1010 420 478 55 Y si quisisteis marcharos,

1006 462 487 50 por tomar el cristianismo,

1006 493 487 53 pudisteis luego llamarnos,

1006 533 547 52 porque hiciéramos lo mismo.

1003 571 515 50 A once esclavos que venian

1004 606 423 48 del campo de trabajar,

1004 636 465 57 los dos hermanos decian

1003 673 419 51 que se fuesen á cenar.

1006 712 423 52 Harto hacia y porfiaba

1003 745 371 51 la madre disimular,

1004 774 478 58 tanto que tambien lloraba

1004 818 463 50 viendo á sus hijos llorar.

1006 854 443 48 Tornáronla á preguntar

1001 887 401 49 si de su madre sabia:

1003 920 457 54 y ella dijo: os quiero dar

1003 964 427 40 mas nuevas de alegria.

1001 994 481 53 No esteis tan apasionados

1000 1036 475 40 que en sosegando la casa

1001 1066 451 40 os contaré, mis amados,

1000 1096 452 58 toda la verdad que pasa.

1000 1138 449 46 Muy buena cena tenian,

999 1161 654 70 mas no hay manjar que les cuadre,

997 1211 452 42 que solo el deseo tenian

997 1241 470 48 de saber ya de su madre.

999 1282 465 48 Como cenar no pudiesen

997 1315 478 49 de pena su madre y ellos,

999 1350 518 52 mandaron que se la hiciese

997 1384 434 50 una cama junto á ellos.

995 1416 520 55 Como no era acostumbrada

995 1459 478 46 dormir en lienzo delgado,

996 1486 502 48 no quiso la madre honrada

997 1525 513 52 mas de un cabezal doblado.

999 1559 533 47 Y despues de encomendarse

995 1594 576 63 á Dios, que es su primer padre

995 1636 380 46 á sus hijos fué á dar

992 1657 517 65 nuevas de su buena madre,

990 1705 477 53 diciendo: no tengais pena

992 1742 424 47 ni sintais afligimiento,

990 1767 571 64 que vuestra madre está buena,

989 1813 409 47 de tanta riqueza llena

989 1843 565 52 que no hay número ni cuento.

990 1877 498 60 En Roma la ví muy buena;

988 1917 390 55 firme en la divina fé,

988 1957 515 46 que en esta santa cuaresma

988 1986 445 50 con ella estuve y hablé;

990 2022 344 41 no comia ni bebia,

986 2052 463 60 sino que siempre lloraba

986 2096 390 45 á dos hijos que tenia

986 2125 459 51 en Turquía y los amaba.

985 2163 530 52 Con el cruel llanto que hacía

985 2197 463 55 la supliqué os escribiese,

986 2240 445 48 y que por cierto tuviese

986 2280 451 47 que la carta yo os daria.

986 2306 458 65 Socorrida de Dios padre,
