1860 2629
74.0 1314.0 1500.0 142.0 Despedida que hace un quinto

335.0 1421.0 987.0 125.0 A LA PRENDA QUERIDA DE SU CORAZÓN

160.0 1553.0 1338.0 116.0 Seguida de una despedida a sus padres, y por último:

576.0 1640.0 505.0 77.0 canciones de la jota

346.0 1680.0 948.0 125.0 comparando una mujer a una guitarra

243.0 1774.0 1169.0 140.0 DESPEDIDA A LA QUERIDA

107.0 1910.0 515.0 61.0 Con lágrimas en los ojos

67.0 1952.0 562.0 76.0 y el alma muy comprimida

65.0 2013.0 518.0 66.0 hermosa prenda querida

70.0 2061.0 520.0 83.0 a tí me postro de hinojos.

111.0 2175.0 590.0 83.0 ¡Ya ves si soy desgraciado!!

81.0 2225.0 544.0 70.0 «porque yo temo perderte»

74.0 2274.0 581.0 76.0 pues me ha tocado la suerte

72.0 2326.0 588.0 132.0 de marchar, ya soy soldado.

905.0 1901.0 586.0 70.0 ¡¡Dejarte en este momento!!

875.0 1952.0 550.0 74.0 ¡ien este instante precioso;

870.0 2008.0 522.0 60.0 esto es lo más horroroso!!

864.0 2059.0 511.0 72.0 es un horrible tormentó.

914.0 2160.0 494.0 74.0 Ahora que contemplaba

872.0 2217.0 494.0 70.0 tus encantos seductores

870.0 2274.0 500.0 72.0 y con tus dulces amores

868.0 2324.0 496.0 125.0 ratos hermosos pasaba.
