1753 2480
74.0 22.0 1523.0 259.0 Despedida que hace un quinlo

208.0 270.0 1259.0 114.0 A SUS QUERIDOS PADRES

124.0 496.0 446.0 57.0 Padres de mi corazón

80.0 541.0 502.0 66.0 mi desgracia ya la veis,

82.0 580.0 472.0 71.0 conformaos, no lloreis,

82.0 632.0 461.0 81.0 esta es mi separación.

126.0 684.0 518.0 101.0 Ha sido negra mi suerte

88.0 748.0 681.0 76.0 y es suerte que Dios me ha dado,

88.0 806.0 579.0 66.0 me ha tocado el ser soldado,

90.0 851.0 563.0 70.0 vale más que no la muerte.

132.0 932.0 510.0 72.0 Nos hemos de conformar

95.0 987.0 527.0 71.0 ya que Dios lo quiere así,

95.0 1031.0 479.0 66.0 quizás mi suerte es allí

97.0 1076.0 543.0 81.0 y no en mi paterno hogar.

144.0 1132.0 581.0 101.0 Ya veis que tranquilo estoy,

95.0 1209.0 525.0 62.0 tengo de tomar paciencia

99.0 1246.0 550.0 72.0 quizás lograré experiencia

99.0 1304.0 490.0 66.0 de cosas que no se hoy.

142.0 1384.0 459.0 66.0 Quizás seré venturoso

101.0 1436.0 541.0 58.0 con las cosas que vendrán

101.0 1483.0 529.0 60.0 sabed que dice un refrán:

105.0 1521.0 649.0 86.0 «nadie en la patria es dichoso.»

148.0 1576.0 540.0 102.0 Que me perdéis os pensais

109.0 1657.0 523.0 70.0 y a fe que no me perdéis:

109.0 1705.0 509.0 59.0 quiero que os aconsoléis.

111.0 1733.0 556.0 91.0 ¿Cómo es que tanto lloráis?

157.0 1814.0 494.0 81.0 Ya véis que tengo valor

109.0 1874.0 558.0 72.0 y asombrado no me quedo,

113.0 1924.0 554.0 70.0 las balas no me dan miedo,

113.0 1975.0 463.0 79.0 nada me causa pavor.

161.0 2037.0 587.0 83.0 Venga el combate, la guerra

117.0 2105.0 616.0 65.0 que venga lo que Dios quiera;

119.0 2151.0 509.0 68.0 de una o de otra manera

119.0 2192.0 575.0 93.0 hemos de estar en la tierra.

926.0 479.0 537.0 60.0 Soy limpio como el cristal

888.0 524.0 542.0 60.0 no tengo ningún mal vicio

888.0 549.0 662.0 87.0 y el que es limpio en el servicio

886.0 617.0 447.0 67.0 no suele pasarlo mal.

928.0 675.0 498.0 89.0 Soy bondadoso, soy fiel

888.0 746.0 534.0 64.0 honrado como el primero,

890.0 785.0 610.0 70.0 lo que ustedes quieren quiero,

890.0 841.0 488.0 89.0 soy dulce como la miel.

940.0 909.0 569.0 80.0 Y el hombre con tal bondad

895.0 977.0 459.0 64.0 sin cometer extravíos,

895.0 1018.0 595.0 71.0 ya comprendéis padres mios

897.0 1054.0 471.0 76.0 que vive con felicidad.

940.0 1118.0 440.0 88.0 Harto dolor siento yo

897.0 1182.0 523.0 72.0 al tener hoy que dejaros:

903.0 1240.0 488.0 68.0 ya volveré a consolaros

899.0 1279.0 444.0 76.0 esto no lo dudéis, no.

942.0 1359.0 548.0 71.0 Dadme vuestra bendición,

903.0 1411.0 477.0 68.0 apartad el sufrimiento:

907.0 1467.0 517.0 58.0 voy a partir al momento,

905.0 1506.0 446.0 85.0 es esta mi obligación.

950.0 1566.0 459.0 93.0 Rogad al cielo por mi,

909.0 1630.0 606.0 81.0 porque así hallaréis consuelo,

913.0 1686.0 554.0 62.0 yo, confío en Dios del cielo

911.0 1723.0 486.0 77.0 que nos mira desde allí.

957.0 1804.0 587.0 78.0 ¡Oh! padres con Dios quedad

913.0 1860.0 583.0 59.0 de vuestros brazos me alejo,

915.0 1913.0 498.0 58.0 mi corazón aquí os dejo,

913.0 1959.0 500.0 76.0 con vuestro hijo pensad.

961.0 2029.0 496.0 83.0 Madre del alma querida

919.0 2089.0 435.0 62.0 ya me separo de vos,

921.0 2130.0 490.0 71.0 rogad con fervor a Dios

921.0 2176.0 521.0 120.0 que él amparará mi vida.
