1860 2629
239.0 227.0 1357.0 106.0 CANCIONES DE LA JOTTA

166.0 330.0 1533.0 136.0 que canta un soldado al regreso del servicio militar a la querida que dejó

197.0 547.0 537.0 66.0 Cuando al servicio me fuí

160.0 593.0 366.0 57.0 una guitarra dejé

160.0 637.0 476.0 59.0 y en seguida que volví

160.0 685.0 443.0 53.0 a la guitarra busqué.

203.0 722.0 498.0 88.0 Todas las cuerdas había

157.0 782.0 483.0 61.0 sin faltar siquiera una:

164.0 832.0 461.0 68.0 ¡¡Jesús Virgen María!!

162.0 882.0 504.0 77.0 mala ha sido su fortuna.

206.0 946.0 493.0 53.0 Tiene la prima rompida

164.0 992.0 594.0 57.0 esto es desgracia y no suerte

162.0 1034.0 531.0 57.0 aquel que la habrá tañido

162.0 1080.0 557.0 52.0 debe tocar mucho y fuerte.

203.0 1119.0 588.0 70.0 Las cuerdas que se han roto

162.0 1185.0 520.0 57.0 han perdido ya el sonido;

166.0 1226.0 516.0 62.0 ¿quién será este malvado

164.0 1264.0 590.0 68.0 que tanto mal la ha querido?

212.0 1338.0 448.0 53.0 Ya no puedes entonar

166.0 1384.0 492.0 57.0 tienes la voz de cigarra

166.0 1413.0 638.0 83.0 y no hay quien pueda comprar

168.0 1474.0 507.0 72.0 tan maltratada guitarra.

212.0 1520.0 415.0 72.0 Al puentecillo tenía

166.0 1566.0 573.0 66.0 las cuerdas bien amarradas

171.0 1623.0 570.0 57.0 ¿quién fué el que así tiraría

171.0 1662.0 541.0 64.0 que ahora están aflojadas?

208.0 1711.0 480.0 74.0 Al servicio, la corneta

171.0 1776.0 587.0 77.0 bien me anuncian este baño,

171.0 1811.0 408.0 62.0 allí tocaban retreta

173.0 1855.0 487.0 92.0 y aquí tocaban el paño.

217.0 1921.0 493.0 66.0 Resistirme yo no puedo,

175.0 1969.0 559.0 61.0 con furor mi rabia explota,

173.0 2013.0 498.0 63.0 quizás con un solo dedo,

175.0 2065.0 478.0 71.0 bien te tocaban la jota.

1002.0 543.0 460.0 50.0 Estando bien confiado

960.0 582.0 500.0 62.0 allá yo bailaba el tango,

962.0 633.0 529.0 59.0 y aquí ya te habrá tocado

962.0 674.0 503.0 59.0 paño la jota y fandango.

1006.0 720.0 402.0 77.0 Amigos, jamás fiéis

962.0 773.0 516.0 63.0 en dejar prendas amadas

965.0 821.0 502.0 64.0 porque cuando volveréis

962.0 876.0 459.0 79.0 estarán desbaratadas.

1006.0 937.0 588.0 64.0 Porque vengar estas cosillas

962.0 985.0 498.0 60.0 está ya arreglado luego

962.0 1029.0 540.0 57.0 haced de su casco astillas

962.0 1075.0 586.0 55.0 y echarlas prontito al fuego.

1008.0 1121.0 424.0 64.0 Ahora me pasa a mí

965.0 1172.0 561.0 61.0 con la prenda que adoraba,

965.0 1215.0 594.0 73.0 que al momento que yo partí

967.0 1264.0 476.0 74.0 creí que pura quedaba.

1011.0 1327.0 482.0 68.0 Era una joven hermosa

971.0 1382.0 465.0 59.0 y graciosa cual la flor,

973.0 1415.0 419.0 66.0 y el alma candorosa

967.0 1470.0 434.0 70.0 ha cubierto de dolor.

1011.0 1527.0 441.0 52.0 Ha perdido la virtud

971.0 1568.0 509.0 61.0 y aquel santo juramento,

969.0 1612.0 544.0 61.0 y ahora encuentro quietud

971.0 1665.0 559.0 56.0 y el más horrible tormento.

1017.0 1700.0 428.0 87.0 Amigos mios ya veis

976.0 1774.0 583.0 59.0 que en ellas no hay que fiar,

973.0 1809.0 516.0 57.0 cuando la espada volvéis

973.0 1844.0 579.0 86.0 ya han cambiado de pensar.

1015.0 1921.0 573.0 63.0 Si es preciso hacer ausencia

976.0 1969.0 443.0 55.0 a las mujeres cantad;

976.0 2004.0 568.0 66.0 «que viva la independencia

976.0 2059.0 469.0 63.0 y también la libertad.»

241.0 2155.0 888.0 81.0 (Es propiedad de Vda. de Juan Grau Gené.)

1423.0 2151.0 261.0 74.0 José Ferré.

223.0 2293.0 1452.0 68.0 REUS.—Véndese en la librería «La Fleca» de Vda Juan Grau Gené, calle Aleus, 1. En la misma casa

177.0 2339.0 1503.0 57.0 se halla un gran surtido de romances, sainetes, libritos, historias, comedias, aleluyas de redolines,

182.0 2379.0 1502.0 63.0 hojas de santos y soldados Depósito de libritos para fumar y cajas de cerillas. Papel para escribir,

175.0 2414.0 1073.0 74.0 sobres para cartas, plumas, palillos, etc., etc. Todo a precios muy baratos.
