1860 2629
250.0 254.0 576.0 81.0 y al firal, qui mes qui menos

254.0 319.0 454.0 57.0 tothom desitja comprá.

302.0 357.0 527.0 68.0 Un escombriaire mol curró,

252.0 411.0 570.0 60.0 se presenta en aquell momén

254.0 453.0 487.0 57.0 dihent que pel seu intén

252.0 492.0 520.0 68.0 volía comprá aquell burro.

302.0 538.0 406.0 60.0 Un gitano tot seguit

250.0 578.0 480.0 70.0 lo va montá molt ligero;

247.0 628.0 525.0 62.0 alló semblava un guerrero

254.0 674.0 443.0 57.0 tan tiesu y tan aixerit.

300.0 720.0 450.0 59.0 Lo teya aná com volía,

250.0 766.0 493.0 59.0 á depressa á poch á poch

252.0 810.0 419.0 59.0 li feya cualsevol joch

252.0 858.0 484.0 62.0 perque y tenen maestría.

300.0 896.0 426.0 61.0 Lo tracte van arreglá

252.0 944.0 412.0 59.0 sense regatejá gaire,

252.0 983.0 480.0 68.0 y llavors lo escombriaire

254.0 1040.0 467.0 57.0 ab lo burro 's va quedá.

296.0 1075.0 471.0 64.0 Pero va suchsehí un cás

250.0 1117.0 666.0 72.0 que no es cap cás dels mes grans:

252.0 1172.0 495.0 57.0 que sen á las sevas mans

250.0 1218.0 519.0 57.0 ya no va volgué da un pas

300.0 1259.0 443.0 62.0 Li dona una garrotada

254.0 1296.0 445.0 64.0 lo gitano en un costat,

250.0 1345.0 434.0 57.0 lo burro, tot decantat

250.0 1391.0 546.0 68.0 per pó de una altra pegada.

300.0 1430.0 419.0 61.0 Un altre cop de bastó

250.0 1472.0 491.0 70.0 li pega al costat contrari,

254.0 1529.0 482.0 57.0 y aquell burro perdulari

254.0 1570.0 408.0 68.0 ballava d' alló milló.

296.0 1616.0 443.0 68.0 Lo escombriaire va dí:

1004.0 258.0 555.0 72.0 «mireu com remena 'l cul...

1004.0 317.0 557.0 57.0 aixó ho fa que no es gandul

1006.0 363.0 446.0 62.0 y potser vol presumí.»

1046.0 409.0 460.0 55.0 Lo gitano molt trempat

1000.0 449.0 412.0 59.0 li va dí ab tota la fé:

1004.0 492.0 476.0 60.0 «cuan éll remena 'l rulé

1002.0 543.0 434.0 59.0 es que gasta vanitato.

1046.0 587.0 546.0 65.0 L. escombriarre mol content

1004.0 628.0 463.0 57.0 tot seguit va tocá 'l dos

1004.0 672.0 428.0 57.0 tot satisfet y orgullós

1002.0 712.0 531.0 63.0 de tení un ruch tan valent.

1050.0 766.0 426.0 59.0 Pero ya la va fe bona

1004.0 808.0 434.0 66.0 ab tot aquell presumí,

1002.0 847.0 478.0 64.0 que 'l ruch se li va morí

1002.0 898.0 504.0 59.0 ans d' arribá á Barcelona.

1044.0 937.0 583.0 64.0 De plors ya non vulgueu mes

1002.0 990.0 526.0 52.0 y ab tot lo gran sentiment

1006.0 1029.0 489.0 64.0 lo va deixá en un torrent

1002.0 1071.0 531.0 70.0 perden lo burro y 'ls dinés.

1046.0 1119.0 511.0 61.0 Pero aquell que 'l va pelá

1004.0 1167.0 616.0 75.0 que era un blanqué feyu y vell,

1002.0 1215.0 439.0 60.0 va dí: que la seva pell

1002.0 1261.0 414.0 60.0 mol be la va aprofitá.

1046.0 1292.0 504.0 66.0 Ne van fe cosa molt bona,

1004.0 1342.0 520.0 73.0 pues sense rompres lo cap,

997.0 1393.0 512.0 66.0 per Corpus tothom ya sap

1002.0 1437.0 564.0 68.0 que ya professó á Barcelona.

1046.0 1474.0 614.0 90.0 No l' busquéu per las estampas

1004.0 1524.0 502.0 64.0 lo gran cás, ya us el diré:

995.0 1570.0 494.0 59.0 de aquella pell ne van fé

1000.0 1616.0 596.0 92.0 los dos timbals de las trampas.

513.0 1741.0 941.0 112.0 Mort lo ruch, morta l'historia

916 2055 134 72 FÍ

677.0 2394.0 601.0 114.0 Imps. Hospital, 19, «El Abanico»
