1753 2480
121.0 97.0 387.0 82.0 Al poble van arribá

78.0 165.0 422.0 54.0 y del firal á la plassa

78.0 208.0 469.0 60.0 lo pitéu ab molta trassa

78.0 245.0 453.0 67.0 en un pilá 'l va fermá.

130.0 299.0 473.0 56.0 Hi havía á terra, parada

80.0 349.0 459.0 47.0 de vasos, de casserolas,

80.0 384.0 515.0 62.0 de pláts, topins y cassolas

84.0 434.0 486.0 62.0 y molta pisa escampada.

130.0 483.0 446.0 56.0 Aquell crach aixeridet,

82.0 518.0 490.0 64.0 molt satisfet y mol terna

80.0 564.0 511.0 56.0 sen va aná á una taberna,

80.0 605.0 486.0 64.0 es clá, cap á fe'l cuartet.

134.0 653.0 353.0 57.0 Un rato va reposá

82.0 679.0 620.0 83.0 com qui diu eno m' encaparron

84.0 737.0 455.0 60.0 allí va fe 'l seu cigarro

86.0 785.0 441.0 68.0 y junt ab altres garlá.

130.0 832.0 510.0 60.0 Esplicán que duya un ase

88.0 880.0 544.0 56.0 que era mol valén y tendre,

86.0 915.0 486.0 72.0 y que éll lo volia vendre

86.0 961.0 499.0 70.0 y entornarsen cap á casa.

134.0 1002.0 482.0 66.0 Mentres éll se estaba allí

88.0 1056.0 499.0 64.0 parlán ab molta catxassa,

86.0 1103.0 515.0 58.0 escoltéu lo que á la plassa

84.0 1142.0 449.0 67.0 al ruch li va suchsehí.

138.0 1190.0 488.0 54.0 Un xicot de molta gresca

82.0 1229.0 482.0 60.0 allí al burro 's va acostá

88.0 1279.0 385.0 62.0 y á l' aurella li ficá

88.0 1318.0 521.0 66.0 ensesos dos mistos d' ésca.

134.0 1361.0 486.0 69.0 Lo burro, al sentirse alló

86.0 1409.0 581.0 58.0 que 'l cremava ab gran excés

90.0 1465.0 552.0 58.0 de cossas non vulguéu mes;

84.0 1500.0 389.0 58.0 estava que feya pó.

134.0 1539.0 541.0 70.0 Se va rompre las murrallas,

88.0 1589.0 370.0 58.0 no podía assosegá,

90.0 1632.0 408.0 58.0 tot lo de terra axafá,

88.0 1674.0 519.0 72.0 y la gent ab grans riallas.

138.0 1723.0 504.0 60.0 L' amo de aquella parada

90.0 1773.0 550.0 60.0 cuan va veure aquell desfet,

95.0 1822.0 525.0 54.0 se va torná boig y ximplet

86.0 1855.0 490.0 67.0 de veures l'obra xafada.

142.0 1897.0 480.0 60.0 Va arreplegá un samalé,

97.0 1955.0 583.0 55.0 y al burru, sens cumpliments,

95.0 1998.0 521.0 48.0 de cops ni va doná á cents

88.0 2029.0 468.0 70.0 deixantlo tot fet malbé.

146.0 2070.0 513.0 73.0 ¡Pobre animal!.... va fugí;

95.0 2120.0 475.0 64.0 alló semblava una fiera,

99.0 2174.0 419.0 58.0 y feu cap á una riera

95.0 2209.0 556.0 105.0 y allí crech que 's va abaltí.

888.0 103.0 441.0 72.0 Lo pagés torná al firal

845.0 163.0 490.0 60.0 per vendre 'l burro aviat,

843.0 206.0 488.0 60.0 y va quedá mort, glassat

841.0 248.0 413.0 57.0 al no trobá l' animal.

888.0 289.0 461.0 64.0 Va preguntá y li van dí

835.0 334.0 454.0 69.0 lo que havía suchsehit;

839.0 384.0 496.0 58.0 «que 'l burro havía fugit

839.0 434.0 527.0 64.0 y 'l mal que hi havía allí».

882.0 477.0 529.0 62.0 Que si aquell burro malvat

837.0 527.0 411.0 49.0 era seu, que pagaría

839.0 572.0 535.0 54.0 tot lo mal que allí hi havía,

841.0 609.0 492.0 60.0 y aixó tot com á amistat.

880.0 657.0 523.0 58.0 Lo pagés va pensá un rato

837.0 700.0 469.0 60.0 y va dí: que no era seu;

837.0 741.0 514.0 62.0 y va anyadí ab baixa veu:

839.0 793.0 556.0 54.0 «si d' acás lo trobo 'l mato».

882.0 828.0 492.0 62.0 Nada que 'l va abandoná

841.0 880.0 508.0 60.0 perque no'l fes sufrí mes,

841.0 927.0 422.0 54.0 y sense ruch ni dinés

833.0 969.0 533.0 49.0 al seu poble s' en ya torná.

880.0 1008.0 500.0 64.0 Dos gitanos mol trempats

841.0 1062.0 531.0 51.0 que també á la fira anavan,

841.0 1101.0 411.0 64.0 per la riera passavan

839.0 1140.0 521.0 69.0 y 's van quedá tots parats.

884.0 1194.0 538.0 54.0 Lo mes vell se 'n va adoná,

841.0 1233.0 486.0 56.0 y com si alló no fos cert,

839.0 1273.0 593.0 70.0 va di: Batu, ay, quin Quert (1)

845.0 1328.0 391.0 50.0 va tot sol á pastorá.

888.0 1364.0 482.0 57.0 L altra va dí: mala sort,

839.0 1413.0 459.0 60.0 ya podém tocá gelén (2)

841.0 1459.0 519.0 55.0 ¿sentiu quina cantipén?́ (3)

841.0 1504.0 517.0 60.0 anemsen que deu se mort.

882.0 1543.0 593.0 66.0 No que s' viu va dí 'l mes vell

837.0 1583.0 531.0 68.0 «á gelát (4) del seu cuartel

841.0 1634.0 527.0 62.0 perque de tan de marel (5)

845.0 1684.0 418.0 54.0 li toradaban la pell.»

886.0 1721.0 391.0 56.0 Li van la cua agafá

839.0 1764.0 446.0 60.0 dantli bonas estiradas,

843.0 1812.0 511.0 60.0 y ab tres ó cuatra patadas

839.0 1851.0 448.0 62.0 al últim lo van fe alsá.

888.0 1893.0 461.0 70.0 «A salao, ya está dret»

845.0 1948.0 473.0 52.0 va dí 'l jove tan contén:

847.0 1992.0 509.0 60.0 «nada nada, fem gelén (6)

849.0 2035.0 604.0 68.0 que 'n treurém algún cuartet».

886.0 2077.0 348.0 57.0 A la fira van aná

851.0 2120.0 579.0 60.0 lo burro y aquells dos garenos

872.0 2167.0 682.0 54.0 (1) Quert: vol dir burro. (2) Gelén: fugí. (3) Can¬

851 2203 709 43 tipén : pudó. (4) Gelát : fugit. (5) Marél : cops

847.0 2234.0 256.0 60.0 (6) Gelén: fuigim.
