1753 2480
294 147 611 129 Lá Márgueritiná

487 256 257 80 Segunda parte

1157 163 432 116 Lá Alondrá

1182 268 260 56 Segunda parte

235 340 754 67 ardiente que tu amor deja trala la rá

286 388 685 62 Tras las montañas se oculta el sol

242 435 674 58 y en sombra el bosque dejendo va

239 476 589 51 y tras las ramas se ve la luna

239 523 654 61 que en sones de oro saliendo va

232 564 585 56 la niña al verse tan sola alli

231 607 628 59 donde dichosa fué, con su amo

230 654 631 61 aun le parece que en sus oidos

228 701 612 60 suenan las fraces de su pastor

272 744 565 63 Margueritina mía. etc., etc

385 792 1175 87 LA NUEVA PASTORA o segunda parte de LA MARGUERITINA

257 834 516 56 Dime tu niña si esta es verdad

223 879 470 55 lo que en el bosque oí decir

224 913 522 59 todos me dicen que tu, pastora

223 957 594 54 marchando al monte te vas por mi.

257 993 478 47 Solo en mi cuarto p asanen

221 1022 497 55 mis dulces horas de so  da d

220 1058 474 55 de gloria llenan mi corazón

221 1095 572 67 viendo que me amas tu de verdad

1030 304 578 56 de esos que se cazan con espejuelo.

1039 341 649 62 Por ver si me decido, me mandan joyas

1037 383 572 56 de semilor, yo ya las joya acepto

1037 417 611 55 pero me rio del cazador, y luego tras

1037 454 636 65 de mi, me van diciendo, así: Alón, etc

1068 548 636 65 Hay uno entre los mozos que al verme

1034 593 663 64 dice: si te cojiera. dándote niña un beso

1033 629 578 53 fuerte en los labios te convenciera.

1040 662 631 55 Y como me sonrio, como diciendo hay

1033 706 669 55 pobre de tí, no guardo yo mis besos para

1032 741 656 56 recreo de un infeliz; y luego tras de mi

1030 779 672 60 me van diciendo así: talón. alón, etc., et

1270 865 294 52 ¡Ay! Pastoresita

1240 901 354 53 dejame que te quiera

1238 941 349 51 pideme el alma mía

1241 975 485 56 que yo te daré a tipor entora

1274 1011 450 59 Si nuestro amor es grande

1240 1038 342 54 mayor es mi ilusion

1241 1081 375 52 viendote a todashoras

1244 1120 378 55 radiante y linda contu

582 1229 60 39 I

256 1245 515 62 Bailando la darza argentina

221 1293 549 54 pues es danza mejosa y divina

223 1329 442 52 y cuya candencia fascina

219 1362 372 50 en un cabar et la vió

220 1397 521 53 El era un apuesto extranjero

214 1438 519 52 que al vício tiraba el dinero

217 1475 502 51 y al verla le dije: te quiero

217 1511 452 45 y amor y fortuna ofreció.

213 1543 476 51 Bailando la danza argentina

212 1578 471 51 pues es danza melosa y divina

212 1613 693 61 y cuya candencia fascina

213 1653 681 56 en un cabaret la vió.

214 1685 495 63 El era un apnesto extran¡ero

212 1723 402 48 que al vicio tiraba el dinero

210 1759 567 54 y al verla le dijo: te quiero

209 1792 635 74 y amor y fortuna otreció.

243 1862 546 79 El tango produce emoción

206 1898 423 59 es baile de fuego y pasión

208 1941 428 48 yo vengo a Paris que allá al Paraguay;

208 1978 438 52 mujeres tán bravas y hermosas no hay

206 2014 491 45 Te qui ro, te adoro Margot

205 2052 442 40 la reina serás de Paris

208 2083 465 55 tus besos harán, ¡oh mi estrella!

206 2120 415 58 la vida mas bella que alla en mi pais

205 2163 495 70 Margot fue la amnante querida

735 1143 491 101 TANGO FATAL

1032 1244 525 48 no piensas jamas en mi amor

1028 1271 620 61 a tierras lejanas tu debes marchar

1062 1310 649 73 Pues yo sin dinero no te puedo amar

1026 1343 376 58 la pampa sera para ti

1028 1381 420 56 consuelo de tanto penar

1028 1419 507 55 y alli entre mujeres y flores

1028 1450 584 68 tus tristes amores podras olvidar

1347 1492 50 51 III

1057 1523 508 55 Mujer desleal e incostante

1023 1562 575 51 un día encontre al pobre amante

1023 1605 521 49 que solo muy triste y errante

1022 1632 335 58 en el cabaret entro

1054 1668 424 54 Margot, triunfante reia

1022 1709 434 44 y alli sus caricias vendia

1023 1747 506 53 y en el desemfreno y la orgía

1019 1781 461 45 un tango a bailar la invito

1050 1817 482 55 Los ojos del buen bailador

1017 1847 390 55 brillaron de loco furor

1017 1882 665 60 el dijo, en la danza de fuego y pasion

1015 1924 700 60 yo quiero vengarme de aquella traicion

1047 1957 446 51 Mis manos, impia, seran

1015 1990 495 60 tu argolla terrible y mortal

1014 2034 573 58 oh muere, esta es mi venganza...

1015 2063 276 56 la ultima danza

1054 2099 264 86 Tu tango fatal

1281 2175 101 58 FIN
