1860 2629
625.0 458.0 592.0 114.0 La Batelera

195.0 668.0 488.0 56.0 Me llaman la Batelera,

156.0 724.0 393.0 51.0 Batelera del amor,

154.0 755.0 599.0 76.0 porque fascino a los hombres

154.0 804.0 475.0 66.0 con mi mirar seductor.

197.0 848.0 536.0 63.0 Que son mis ojos la gloria

156.0 895.0 431.0 66.0 me repiten sin cesar

165.0 936.0 520.0 73.0 y como me da verguenza

159.0 987.0 460.0 68.0 a nadie quiero mirar.

292.0 1028.0 380.0 76.0 Que noche serena

246.0 1080.0 411.0 65.0 que bella es la mar

251.0 1129.0 329.0 54.0 veente vida mía,

251.0 1169.0 320.0 54.0 ven a navegar.

292.0 1203.0 423.0 72.0 Dentro mi barquilla

251.0 1258.0 330.0 65.0 juntitos los dos

251.0 1307.0 364.0 52.0 al son de las olas,

249.0 1353.0 361.0 69.0 cantaré mi amor.

990.0 655.0 564.0 72.0 En el mar nacens perlas la

946.0 705.0 477.0 58.0 crece el coral en la mar

951.0 749.0 530.0 58.0 si quierer probar fortuna

955.0 800.0 504.0 52.0 ven conmigo a na vegar.

992.0 839.0 489.0 68.0 Iremos los dos juntitos

955.0 883.0 484.0 67.0 lejos muy lejos de aquí

955.0 930.0 463.0 61.0 te mirarás en mis ojos

962.0 974.0 382.0 77.0 y yo velaré por tí.

1092.0 1019.0 370.0 60.0 Que noche serena

1052.0 1067.0 406.0 54.0 que bella es la mar,

1053.0 1108.0 330.0 56.0 vente vida mía,

1053.0 1155.0 310.0 55.0 ven a navegar.

1094.0 1187.0 416.0 77.0 Dentro mi barquilla

1057.0 1245.0 328.0 60.0 juntitos los dos

1054.0 1291.0 354.0 57.0 al son de las olas

1054.0 1336.0 350.0 73.0 cantaré mi amor.

432 1551 1017 157 Los Tropiezos

653 1735 502 65 Primera y Sagunda parte

203.0 1831.0 622.0 67.0 Que cosas ocnrren en este Madrid,

173.0 1881.0 578.0 54.0 hace cuatro dias salí de Alcañiz

176.0 1914.0 655.0 65.0 y tengo los sesos que paicen migajas

176.0 1954.0 636.0 60.0 y esto no lo digo a humico de pajas.

204.0 1992.0 593.0 48.0 Qué barbaridad qué barbaridad!

173.0 2028.0 588.0 54.0 todo son tropiezos en esta ciudad

210.0 2053.0 685.0 61.0 Ayer en el Santo llegué a sofocarme

175 2096 724 70 porque unos mocetes querian montarme

176.0 2132.0 507.0 52.0 en un tio vivo, y dije que nó

176.0 2166.0 652.0 68.0 más luego uno de ellos pesao como el

800 2175 127 88 (plomo

176.0 2224.0 645.0 76.0 sin darme cuenta de cuando ni como

177 2274 742 68 al fin me montó. Qué barbaridad qué etc..

939.0 1849.0 767.0 73.0 Estoy apenada con mucha razon trajede mi

938.0 1904.0 770.0 56.0 pueblo a más de un pichón bollicos de aceite

939.0 1936.0 766.0 66.0 que son cosa rica muy bien puestecicos en

939.0 1977.0 687.0 53.0 una cestica. Que fatalidá que fatalidá!

939.0 2011.0 766.0 58.0 Todo lo he perdido en esta ciudá. Bajé del

938.0 2049.0 765.0 54.0 Tiovivo, y al punto lijera, salí con el mozo

940.0 2084.0 763.0 61.0 alacarretera, y alli por descuido pegué un

936.0 2123.0 644.0 60.0 tropezon rodè por el suelo rompí la

1556.0 2141.0 154.0 60.0 (cestica

940 2175 766 77 y luego entre el polvo perdi las torticasy a

1618.0 2224.0 94.0 55.0 (más

938 2234 724 83 un sichon Qué barbaridáque barbaridá

942 2300 654 64 todo son tropiezos en esta ciudá. etc
