<?xml version="1.0" encoding="UTF-8"?>
<alto xmlns:xsi="http://www.w3.org/2001/XMLSchema-instance"
      xmlns="http://www.loc.gov/standards/alto/ns-v4#"
      xsi:schemaLocation="http://www.loc.gov/standards/alto/ns-v4# http://www.loc.gov/standards/alto/v4/alto-4-2.xsd">
  <Description>
    <MeasurementUnit>pixel</MeasurementUnit>
    <sourceImageInformation>
      <fileName>Varios_378_1.jpg</fileName>
      
    </sourceImageInformation>
  </Description>
  
  <Tags>
    <OtherTag ID="BT221" LABEL="CustomZone:impresorNum" DESCRIPTION="block type CustomZone:impresorNum"/><OtherTag ID="BT222" LABEL="CustomZone:numero_pliego" DESCRIPTION="block type CustomZone:numero_pliego"/><OtherTag ID="BT223" LABEL="CustomZone:title" DESCRIPTION="block type CustomZone:title"/><OtherTag ID="BT224" LABEL="GraphicZone:illustration" DESCRIPTION="block type GraphicZone:illustration"/><OtherTag ID="BT225" LABEL="GraphicZone:ornamentation" DESCRIPTION="block type GraphicZone:ornamentation"/><OtherTag ID="BT226" LABEL="MainZone" DESCRIPTION="block type MainZone"/><OtherTag ID="BT227" LABEL="MainZone:columns" DESCRIPTION="block type MainZone:columns"/><OtherTag ID="BT228" LABEL="MarginTextZone:colophon" DESCRIPTION="block type MarginTextZone:colophon"/><OtherTag ID="BT229" LABEL="MarginTextZone:note" DESCRIPTION="block type MarginTextZone:note"/><OtherTag ID="BT230" LABEL="MusicZone" DESCRIPTION="block type MusicZone"/><OtherTag ID="BT231" LABEL="NumberingZone:page" DESCRIPTION="block type NumberingZone:page"/><OtherTag ID="BT232" LABEL="QuireMarksZone:catchwords" DESCRIPTION="block type QuireMarksZone:catchwords"/><OtherTag ID="BT233" LABEL="QuireMarksZone:signature" DESCRIPTION="block type QuireMarksZone:signature"/><OtherTag ID="BT234" LABEL="RunningTitleZone" DESCRIPTION="block type RunningTitleZone"/>
    <OtherTag ID="LT81" LABEL="CustomLine:propriedad" DESCRIPTION="line type CustomLine:propriedad"/><OtherTag ID="LT82" LABEL="CustomLine:trailer" DESCRIPTION="line type CustomLine:trailer"/><OtherTag ID="LT83" LABEL="DefaultLine" DESCRIPTION="line type DefaultLine"/><OtherTag ID="LT84" LABEL="HeadingLine" DESCRIPTION="line type HeadingLine"/>
  </Tags>
  
  <Layout>
    <Page WIDTH="1860"
          HEIGHT="2629"
          PHYSICAL_IMG_NR="120"
          ID="eSc_dummypage_">
      <PrintSpace HPOS="0"
                  VPOS="0"
                  WIDTH="1860"
                  HEIGHT="2629">
        
        <TextBlock HPOS="66"
                   VPOS="369"
                   WIDTH="264"
                   HEIGHT="745"
                   ID="block_7"
                   TAGREFS="BT223">
          <Shape><Polygon POINTS="330 369 330 1114 66 1114 66 369"/></Shape>
          
          
          <TextLine ID="eSc_line_64ab9ebd"
                    TAGREFS="LT84"
                    BASELINE="206 1061 206 404" 
                    HPOS="67"
                    VPOS="403"
                    WIDTH="163"
                    HEIGHT="657">
            <Shape><Polygon POINTS="67 534 67 554 67 578 67 580 87 613 81 628 81 630 81 633 81 635 81 637 89 650 98 661 89 672 67 694 67 709 67 731 67 753 67 775 67 795 85 814 103 834 96 963 83 977 67 992 67 994 67 1007 81 1060 203 1060 217 1060 230 907 230 904 230 902 219 865 219 858 219 854 230 814 230 812 230 810 223 403 203 403 96 403 96 477 94 484 67 521 67 534"/></Shape>
	    <String CONTENT="La Alondra"
                    HPOS="67"
                    VPOS="403"
                    WIDTH="163"
                    HEIGHT="657"></String>
          </TextLine>

          
          
          <TextLine ID="eSc_line_60a70f77"
                    TAGREFS="LT84"
                    BASELINE="302 987 299 473" 
                    HPOS="228"
                    VPOS="468"
                    WIDTH="103"
                    HEIGHT="517">
            <Shape><Polygon POINTS="298 471 245 471 245 523 243 532 228 565 228 567 228 569 228 602 228 604 228 606 230 606 239 617 247 624 247 771 228 983 300 985 309 983 322 946 322 944 322 942 322 939 313 915 311 911 313 907 324 874 324 871 324 869 318 797 311 738 322 687 331 641 331 639 329 468 298 471"/></Shape>
	    <String CONTENT="Primera parte"
                    HPOS="228"
                    VPOS="468"
                    WIDTH="103"
                    HEIGHT="517"></String>
          </TextLine>

          
        </TextBlock>
        
        <TextBlock HPOS="1338"
                   VPOS="202"
                   WIDTH="284"
                   HEIGHT="1008"
                   ID="block_4"
                   TAGREFS="BT226">
          <Shape><Polygon POINTS="1622 202 1622 1210 1338 1210 1338 202"/></Shape>
          
          
          <TextLine ID="eSc_line_50649d3d"
                    TAGREFS="LT84"
                    BASELINE="1469 264 1466 1181" 
                    HPOS="1427"
                    VPOS="262"
                    WIDTH="176"
                    HEIGHT="918">
            <Shape><Polygon POINTS="1465 1180 1566 1180 1583 1141 1583 1139 1583 1137 1583 1134 1570 1099 1596 1071 1598 1071 1598 1069 1598 1066 1601 1029 1603 1029 1603 926 1601 924 1601 922 1577 856 1568 828 1581 773 1585 744 1585 742 1581 716 1568 633 1585 615 1598 600 1601 600 1601 598 1601 595 1603 595 1603 503 1601 501 1601 499 1601 497 1598 497 1590 486 1568 464 1568 374 1579 361 1581 361 1581 359 1581 357 1581 354 1581 352 1572 337 1596 313 1598 308 1601 308 1601 306 1601 304 1601 302 1596 262 1467 262 1430 262 1447 398 1447 460 1432 475 1430 479 1427 479 1427 481 1427 484 1427 486 1427 538 1427 541 1427 543 1430 543 1432 547 1443 560 1434 633 1427 679 1427 681 1427 775 1427 777 1427 779 1434 788 1438 790 1436 799 1427 821 1427 823 1427 825 1427 828 1436 852 1445 878 1436 909 1427 942 1427 944 1427 946 1427 948 1427 950 1436 966 1438 966 1436 968 1427 981 1427 983 1427 985 1427 988 1427 990 1427 992 1438 1003 1443 1009 1438 1027 1427 1066 1427 1069 1427 1071 1427 1073 1438 1099 1441 1104 1438 1106 1427 1132 1427 1134 1427 1137 1427 1139 1438 1178 1465 1180"/></Shape>
	    <String CONTENT="La Margueritina"
                    HPOS="1427"
                    VPOS="262"
                    WIDTH="176"
                    HEIGHT="918"></String>
          </TextLine>

          
          
          <TextLine ID="line_26"
                    TAGREFS="LT84"
                    BASELINE="1377 526 1363 1007" 
                    HPOS="1351"
                    VPOS="523"
                    WIDTH="85"
                    HEIGHT="482">
            <Shape><Polygon POINTS="1375 525 1351 523 1351 1003 1362 1005 1432 1005 1434 896 1434 893 1434 891 1434 889 1432 889 1432 887 1412 867 1430 839 1436 832 1436 830 1436 828 1436 825 1436 823 1430 810 1412 777 1423 766 1423 764 1423 762 1423 760 1414 712 1430 692 1430 690 1430 687 1430 685 1430 683 1430 681 1427 681 1416 659 1423 525 1375 525"/></Shape>
	    <String CONTENT="Primera parte"
                    HPOS="1351"
                    VPOS="523"
                    WIDTH="85"
                    HEIGHT="482"></String>
          </TextLine>

          
        </TextBlock>
        
        <TextBlock HPOS="55"
                   VPOS="1262"
                   WIDTH="734"
                   HEIGHT="550"
                   ID="block_1"
                   TAGREFS="BT227">
          <Shape><Polygon POINTS="789 1262 789 1812 55 1812 55 1262"/></Shape>
          
          
          <TextLine ID="line_2"
                    TAGREFS="LT83"
                    BASELINE="124 1299 790 1307" 
                    HPOS="122"
                    VPOS="1270"
                    WIDTH="668"
                    HEIGHT="54">
            <Shape><Polygon POINTS="124 1299 122 1317 787 1324 790 1307 790 1280 555 1272 553 1272 552 1272 540 1277 531 1270 530 1270 528 1270 527 1270 124 1272 124 1299"/></Shape>
	    <String CONTENT="Soy la más hermosota de las muchachas"
                    HPOS="122"
                    VPOS="1270"
                    WIDTH="668"
                    HEIGHT="54"></String>
          </TextLine>

          
          
          <TextLine ID="line_3"
                    TAGREFS="LT83"
                    BASELINE="89 1336 759 1342" 
                    HPOS="87"
                    VPOS="1311"
                    WIDTH="672"
                    HEIGHT="44">
            <Shape><Polygon POINTS="89 1336 87 1348 756 1355 759 1342 758 1315 89 1311 89 1336"/></Shape>
	    <String CONTENT="que hay en mi aldea, y el elemento joven"
                    HPOS="87"
                    VPOS="1311"
                    WIDTH="672"
                    HEIGHT="44"></String>
          </TextLine>

          
          
          <TextLine ID="line_4"
                    TAGREFS="LT83"
                    BASELINE="89 1371 720 1375" 
                    HPOS="87"
                    VPOS="1348"
                    WIDTH="633"
                    HEIGHT="39">
            <Shape><Polygon POINTS="89 1371 87 1387 718 1387 720 1375 718 1352 89 1348 89 1371"/></Shape>
	    <String CONTENT="en torno mío rovolotea y como a nadie"
                    HPOS="87"
                    VPOS="1348"
                    WIDTH="633"
                    HEIGHT="39"></String>
          </TextLine>

          
          
          <TextLine ID="line_5"
                    TAGREFS="LT83"
                    BASELINE="87 1406 702 1409" 
                    HPOS="86"
                    VPOS="1381"
                    WIDTH="616"
                    HEIGHT="38">
            <Shape><Polygon POINTS="87 1406 86 1416 699 1419 702 1409 701 1383 87 1381 87 1406"/></Shape>
	    <String CONTENT="elijo, quieren que escoja novio formal"
                    HPOS="86"
                    VPOS="1381"
                    WIDTH="616"
                    HEIGHT="38"></String>
          </TextLine>

          
          
          <TextLine ID="line_6"
                    TAGREFS="LT83"
                    BASELINE="87 1443 755 1448" 
                    HPOS="86"
                    VPOS="1412"
                    WIDTH="669"
                    HEIGHT="51">
            <Shape><Polygon POINTS="87 1443 86 1463 753 1463 755 1448 755 1419 87 1412 87 1443"/></Shape>
	    <String CONTENT="como quieren que elija, si a todos quiero"
                    HPOS="86"
                    VPOS="1412"
                    WIDTH="669"
                    HEIGHT="51"></String>
          </TextLine>

          
          
          <TextLine ID="line_7"
                    TAGREFS="LT83"
                    BASELINE="87 1478 743 1482" 
                    HPOS="86"
                    VPOS="1448"
                    WIDTH="657"
                    HEIGHT="46">
            <Shape><Polygon POINTS="87 1478 86 1494 742 1494 743 1482 742 1460 603 1460 601 1459 591 1451 590 1451 588 1451 587 1451 585 1451 568 1459 565 1459 561 1459 523 1450 521 1450 369 1457 350 1457 344 1457 305 1448 303 1448 302 1448 280 1456 258 1448 257 1448 255 1448 87 1454 87 1478"/></Shape>
	    <String CONTENT="en general. Y luego tras de mí, me van"
                    HPOS="86"
                    VPOS="1448"
                    WIDTH="657"
                    HEIGHT="46"></String>
          </TextLine>

          
          
          <TextLine ID="line_8"
                    TAGREFS="LT83"
                    BASELINE="87 1513 767 1518" 
                    HPOS="86"
                    VPOS="1488"
                    WIDTH="681"
                    HEIGHT="45">
            <Shape><Polygon POINTS="87 1513 86 1529 764 1533 767 1518 765 1494 87 1488 87 1513"/></Shape>
	    <String CONTENT="diciendo así: Alón, alón, alóndra, no seas"
                    HPOS="86"
                    VPOS="1488"
                    WIDTH="681"
                    HEIGHT="45"></String>
          </TextLine>

          
          
          <TextLine ID="line_9"
                    TAGREFS="LT83"
                    BASELINE="86 1549 648 1552" 
                    HPOS="84"
                    VPOS="1523"
                    WIDTH="564"
                    HEIGHT="50">
            <Shape><Polygon POINTS="86 1549 84 1565 645 1573 648 1552 645 1523 86 1523 86 1549"/></Shape>
	    <String CONTENT="coqueta, ni pispireta, ni revoltosa,"
                    HPOS="84"
                    VPOS="1523"
                    WIDTH="564"
                    HEIGHT="50"></String>
          </TextLine>

          
          
          <TextLine ID="line_10"
                    TAGREFS="LT83"
                    BASELINE="86 1587 675 1590" 
                    HPOS="84"
                    VPOS="1555"
                    WIDTH="591"
                    HEIGHT="50">
            <Shape><Polygon POINTS="86 1587 84 1605 673 1605 675 1590 673 1565 634 1556 632 1556 587 1564 582 1564 577 1564 515 1556 514 1556 512 1556 511 1556 511 1558 505 1562 502 1565 496 1562 476 1556 474 1556 473 1556 433 1562 412 1565 400 1562 378 1555 376 1555 375 1555 324 1561 299 1564 280 1561 248 1555 246 1555 245 1555 244 1555 236 1561 229 1564 86 1559 86 1587"/></Shape>
	    <String CONTENT="ten corazón. Alón, alón, alón, vete"
                    HPOS="84"
                    VPOS="1555"
                    WIDTH="591"
                    HEIGHT="50"></String>
          </TextLine>

          
          
          <TextLine ID="line_11"
                    TAGREFS="LT83"
                    BASELINE="87 1621 679 1625" 
                    HPOS="86"
                    VPOS="1599"
                    WIDTH="593"
                    HEIGHT="47">
            <Shape><Polygon POINTS="87 1621 86 1637 200 1643 201 1643 241 1638 263 1635 280 1638 314 1644 315 1644 356 1638 368 1637 372 1638 385 1644 387 1644 388 1644 390 1644 391 1644 397 1638 400 1637 479 1637 483 1638 492 1646 493 1646 495 1646 496 1646 498 1646 512 1638 514 1638 521 1638 585 1646 587 1646 677 1638 679 1625 677 1603 87 1599 87 1621"/></Shape>
	    <String CONTENT="a otra parte, por que en el suelo van"
                    HPOS="86"
                    VPOS="1599"
                    WIDTH="593"
                    HEIGHT="47"></String>
          </TextLine>

          
          
          <TextLine ID="line_12"
                    TAGREFS="LT83"
                    BASELINE="86 1657 461 1657" 
                    HPOS="86"
                    VPOS="1635"
                    WIDTH="375"
                    HEIGHT="50">
            <Shape><Polygon POINTS="86 1657 86 1675 137 1685 138 1685 140 1685 178 1676 241 1685 242 1685 461 1675 461 1657 461 1637 86 1635 86 1657"/></Shape>
	    <String CONTENT="á dejarte sin un aulón."
                    HPOS="86"
                    VPOS="1635"
                    WIDTH="375"
                    HEIGHT="50"></String>
          </TextLine>

          
          
          <TextLine ID="line_13"
                    TAGREFS="LT83"
                    BASELINE="122 1730 740 1729" 
                    HPOS="121"
                    VPOS="1692"
                    WIDTH="619"
                    HEIGHT="51">
            <Shape><Polygon POINTS="122 1730 122 1743 739 1742 740 1729 737 1707 480 1707 471 1701 467 1697 466 1697 464 1697 393 1692 391 1692 390 1692 388 1692 388 1694 382 1698 376 1704 366 1698 357 1692 356 1692 355 1692 283 1692 281 1692 280 1692 279 1692 279 1694 276 1697 271 1701 261 1697 252 1692 251 1692 249 1692 248 1692 246 1692 242 1695 227 1705 121 1694 122 1730"/></Shape>
	    <String CONTENT="Tanto el señor alcalde como el alveca"
                    HPOS="121"
                    VPOS="1692"
                    WIDTH="619"
                    HEIGHT="51"></String>
          </TextLine>

          
          
          <TextLine ID="line_14"
                    TAGREFS="LT83"
                    BASELINE="87 1764 748 1767" 
                    HPOS="86"
                    VPOS="1736"
                    WIDTH="662"
                    HEIGHT="61">
            <Shape><Polygon POINTS="87 1764 86 1793 238 1795 239 1795 241 1795 242 1795 248 1790 263 1781 281 1790 286 1792 287 1792 289 1792 290 1792 292 1792 292 1790 293 1790 302 1780 385 1780 504 1780 514 1784 542 1796 543 1796 544 1796 546 1796 581 1783 584 1783 641 1783 669 1783 683 1795 683 1796 685 1796 686 1796 688 1797 718 1797 718 1796 720 1796 721 1796 746 1780 748 1767 746 1736 87 1739 87 1764"/></Shape>
	    <String CONTENT="que es un abuelo me tienen por alondra"
                    HPOS="86"
                    VPOS="1736"
                    WIDTH="662"
                    HEIGHT="61"></String>
          </TextLine>

          
        </TextBlock>
        
        <TextBlock HPOS="794"
                   VPOS="1272"
                   WIDTH="824"
                   HEIGHT="540"
                   ID="block_3"
                   TAGREFS="BT227">
          <Shape><Polygon POINTS="1618 1272 1618 1812 794 1812 794 1272"/></Shape>
          
          
          <TextLine ID="line_27"
                    TAGREFS="LT83"
                    BASELINE="879 1318 1592 1323" 
                    HPOS="878"
                    VPOS="1279"
                    WIDTH="714"
                    HEIGHT="64">
            <Shape><Polygon POINTS="879 1318 878 1329 913 1337 914 1337 1133 1333 1161 1340 1163 1340 1164 1340 1208 1333 1319 1340 1320 1340 1322 1340 1350 1333 1358 1342 1360 1342 1361 1342 1363 1342 1408 1334 1433 1342 1434 1342 1436 1343 1510 1343 1510 1342 1512 1342 1513 1342 1513 1340 1521 1334 1580 1342 1582 1342 1583 1342 1585 1342 1585 1340 1591 1333 1592 1323 1592 1294 1553 1283 1551 1283 1550 1283 1548 1283 1522 1292 1522 1294 1430 1294 1430 1292 1423 1286 1423 1285 1421 1285 1420 1285 1315 1280 1313 1280 1312 1280 1282 1291 1234 1280 1233 1280 1157 1291 1149 1291 1145 1291 1113 1283 1111 1283 1030 1289 1025 1289 1003 1279 1002 1279 1000 1279 879 1288 879 1318"/></Shape>
	    <String CONTENT="Allá en el bosque llorando esta, las"
                    HPOS="878"
                    VPOS="1279"
                    WIDTH="714"
                    HEIGHT="64"></String>
          </TextLine>

          
          
          <TextLine ID="line_28"
                    TAGREFS="LT83"
                    BASELINE="838 1362 1580 1365" 
                    HPOS="837"
                    VPOS="1330"
                    WIDTH="743"
                    HEIGHT="56">
            <Shape><Polygon POINTS="838 1362 837 1375 862 1384 863 1384 864 1384 1054 1377 1168 1384 1170 1384 1171 1384 1190 1377 1252 1386 1253 1386 1291 1378 1531 1386 1532 1386 1579 1377 1580 1365 1579 1340 1466 1340 1465 1339 1459 1333 1459 1332 1458 1332 1456 1332 1455 1332 1453 1332 1437 1337 1433 1339 1412 1337 1338 1332 1336 1332 1290 1336 1260 1339 1252 1336 1241 1332 1240 1332 1239 1332 1237 1332 1227 1336 1220 1339 1217 1336 1212 1332 1212 1330 1211 1330 1209 1330 1208 1330 1206 1330 1192 1334 1183 1337 838 1332 838 1362"/></Shape>
	    <String CONTENT="amarguras de su dolor. Una pastora"
                    HPOS="837"
                    VPOS="1330"
                    WIDTH="743"
                    HEIGHT="56"></String>
          </TextLine>

          
          
          <TextLine ID="line_29"
                    TAGREFS="LT83"
                    BASELINE="840 1412 1573 1412" 
                    HPOS="840"
                    VPOS="1375"
                    WIDTH="733"
                    HEIGHT="53">
            <Shape><Polygon POINTS="840 1412 840 1428 1573 1424 1573 1412 1573 1387 1506 1387 1506 1386 1484 1375 1483 1375 1481 1375 1480 1375 1478 1375 1464 1386 1462 1387 1431 1387 1430 1386 1417 1375 1415 1375 1414 1375 1412 1375 1364 1386 1358 1387 1331 1387 1329 1386 1320 1377 1320 1375 1319 1375 1317 1375 1316 1375 1315 1375 1297 1384 1296 1386 1287 1384 1233 1375 1231 1375 1230 1375 1202 1384 1196 1386 1186 1384 1141 1375 1034 1375 1033 1375 1031 1375 1030 1375 1021 1383 1016 1386 997 1383 945 1375 943 1375 840 1381 840 1412"/></Shape>
	    <String CONTENT="graciosa y linda, abandonada de su"
                    HPOS="840"
                    VPOS="1375"
                    WIDTH="733"
                    HEIGHT="53"></String>
          </TextLine>

          
          
          <TextLine ID="line_30"
                    TAGREFS="LT83"
                    BASELINE="840 1451 1592 1457" 
                    HPOS="838"
                    VPOS="1418"
                    WIDTH="754"
                    HEIGHT="51">
            <Shape><Polygon POINTS="840 1451 838 1467 1589 1469 1592 1457 1591 1422 1537 1429 1398 1422 1358 1421 1357 1421 1317 1422 1225 1428 1218 1424 1214 1419 1212 1419 1211 1419 1209 1419 1186 1424 1164 1426 1136 1424 1104 1419 1103 1419 1101 1419 1100 1419 1095 1424 1091 1428 1030 1428 1018 1424 999 1418 997 1418 996 1418 840 1424 840 1451"/></Shape>
	    <String CONTENT="pastor Las mil promesas de su doncel"
                    HPOS="838"
                    VPOS="1418"
                    WIDTH="754"
                    HEIGHT="51"></String>
          </TextLine>

          
          
          <TextLine ID="line_31"
                    TAGREFS="LT83"
                    BASELINE="838 1499 1591 1499" 
                    HPOS="838"
                    VPOS="1460"
                    WIDTH="753"
                    HEIGHT="64">
            <Shape><Polygon POINTS="838 1499 838 1514 902 1524 904 1524 999 1517 1024 1516 1031 1517 1054 1524 1056 1524 1057 1524 1089 1518 1104 1516 1119 1518 1139 1523 1141 1523 1230 1520 1366 1516 1386 1523 1392 1524 1393 1524 1395 1524 1408 1523 1442 1517 1589 1524 1591 1499 1591 1472 1509 1462 1507 1462 1506 1462 1504 1462 1504 1463 1496 1472 1430 1472 1401 1462 1399 1462 1398 1462 1396 1462 1395 1462 1385 1470 1374 1462 1373 1462 1371 1462 1370 1462 1323 1470 1287 1462 1285 1462 1284 1462 1282 1462 1260 1470 1252 1462 1252 1460 1250 1460 1249 1460 1167 1460 1165 1460 1164 1460 1163 1460 1163 1462 1152 1472 1092 1472 1078 1460 1076 1460 1075 1460 1073 1460 1009 1467 1000 1460 999 1460 997 1460 996 1460 995 1460 961 1470 927 1460 926 1460 924 1460 873 1469 863 1460 862 1460 860 1460 859 1460 857 1460 838 1469 838 1499"/></Shape>
	    <String CONTENT="fingíendo amores la dejo alli. La pobre"
                    HPOS="838"
                    VPOS="1460"
                    WIDTH="753"
                    HEIGHT="64"></String>
          </TextLine>

          
          
          <TextLine ID="line_32"
                    TAGREFS="LT83"
                    BASELINE="838 1540 1585 1546" 
                    HPOS="837"
                    VPOS="1507"
                    WIDTH="748"
                    HEIGHT="66">
            <Shape><Polygon POINTS="838 1540 837 1555 873 1568 875 1568 876 1568 923 1558 930 1556 1022 1556 1046 1561 1092 1570 1094 1571 1167 1571 1167 1570 1168 1570 1170 1570 1177 1564 1186 1558 1199 1564 1212 1570 1214 1570 1215 1570 1217 1570 1233 1565 1250 1559 1263 1565 1275 1571 1277 1571 1278 1571 1322 1567 1396 1559 1455 1570 1471 1573 1472 1573 1474 1573 1481 1571 1513 1562 1582 1573 1585 1546 1583 1517 1494 1511 1493 1511 1491 1511 1490 1511 1484 1516 1480 1520 1402 1520 1388 1516 1366 1510 1364 1510 1363 1510 1361 1510 1339 1516 1328 1518 1307 1516 1265 1510 1263 1510 1262 1510 1240 1516 1228 1518 1224 1516 1214 1508 1212 1508 1211 1508 1123 1508 1122 1508 1047 1516 1025 1517 1018 1516 989 1507 987 1507 986 1507 984 1507 962 1516 959 1516 952 1516 881 1507 879 1507 838 1514 838 1540"/></Shape>
	    <String CONTENT="niña va recordando, cuando amorosa"
                    HPOS="837"
                    VPOS="1507"
                    WIDTH="748"
                    HEIGHT="66"></String>
          </TextLine>

          
          
          <TextLine ID="line_33"
                    TAGREFS="LT83"
                    BASELINE="837 1587 1592 1590" 
                    HPOS="835"
                    VPOS="1554"
                    WIDTH="757"
                    HEIGHT="56">
            <Shape><Polygon POINTS="837 1587 835 1599 913 1609 914 1609 977 1602 1006 1609 1008 1609 1009 1610 1009 1609 1011 1609 1040 1602 1106 1609 1107 1609 1198 1602 1203 1602 1211 1602 1312 1610 1313 1610 1591 1603 1592 1590 1591 1565 1522 1565 1521 1564 1513 1556 1513 1555 1512 1555 1510 1555 1509 1555 1507 1555 1506 1555 1493 1562 1491 1564 1487 1562 1456 1555 1455 1555 1453 1555 1452 1555 1434 1562 1431 1564 1430 1562 1424 1556 1424 1555 1423 1555 1421 1555 1376 1555 1374 1555 1373 1555 1371 1555 1371 1556 1366 1561 1363 1565 1279 1565 1274 1559 1268 1555 1266 1555 1265 1555 1263 1555 1262 1555 1252 1559 1240 1564 1101 1564 1092 1556 1089 1554 1088 1554 1087 1554 1085 1554 1044 1556 962 1562 913 1554 905 1554 904 1554 902 1554 901 1554 876 1562 837 1554 837 1587"/></Shape>
	    <String CONTENT="la dijo así Margueritina mia, no dijas"
                    HPOS="835"
                    VPOS="1554"
                    WIDTH="757"
                    HEIGHT="56"></String>
          </TextLine>

          
          
          <TextLine ID="line_34"
                    TAGREFS="LT83"
                    BASELINE="835 1632 1592 1635" 
                    HPOS="834"
                    VPOS="1600"
                    WIDTH="758"
                    HEIGHT="53">
            <Shape><Polygon POINTS="835 1632 834 1646 847 1653 848 1653 850 1653 1591 1647 1592 1635 1591 1603 835 1600 835 1632"/></Shape>
	    <String CONTENT="nada a nadie que nuestro amor secreto"
                    HPOS="834"
                    VPOS="1600"
                    WIDTH="758"
                    HEIGHT="53"></String>
          </TextLine>

          
          
          <TextLine ID="line_35"
                    TAGREFS="LT83"
                    BASELINE="834 1676 1594 1679" 
                    HPOS="832"
                    VPOS="1644"
                    WIDTH="762"
                    HEIGHT="48">
            <Shape><Polygon POINTS="834 1676 832 1689 1591 1692 1594 1679 1592 1654 1515 1646 1513 1646 1164 1651 1158 1651 1149 1644 1148 1644 1146 1644 1145 1644 1144 1644 1122 1651 1091 1644 1089 1644 1088 1644 1087 1644 1085 1644 1073 1651 1052 1644 1050 1644 1049 1644 834 1650 834 1676"/></Shape>
	    <String CONTENT="que saber debe lanzarlo el aire si el eco"
                    HPOS="832"
                    VPOS="1644"
                    WIDTH="762"
                    HEIGHT="48"></String>
          </TextLine>

          
          
          <TextLine ID="line_36"
                    TAGREFS="LT83"
                    BASELINE="834 1721 1556 1724" 
                    HPOS="832"
                    VPOS="1686"
                    WIDTH="724"
                    HEIGHT="59">
            <Shape><Polygon POINTS="834 1721 832 1735 856 1743 857 1743 859 1743 860 1743 886 1736 914 1743 916 1743 917 1743 965 1736 1024 1743 1025 1743 1027 1743 1028 1743 1038 1736 1249 1745 1250 1745 1554 1739 1556 1724 1554 1700 1452 1688 1450 1688 1449 1688 1447 1688 1447 1689 1440 1697 1370 1698 1354 1698 1352 1698 1341 1688 1339 1688 1338 1688 1294 1688 1293 1688 1217 1698 1211 1698 1209 1698 1196 1686 1195 1686 1193 1686 1192 1686 1190 1686 1189 1686 1173 1698 1138 1698 1125 1688 1123 1688 1122 1688 1120 1688 1081 1697 1070 1688 1070 1686 1069 1686 1068 1686 1066 1686 1065 1686 1035 1697 1035 1698 995 1698 995 1697 984 1688 984 1686 983 1686 981 1686 980 1686 978 1686 943 1695 860 1686 859 1686 857 1686 834 1695 834 1721"/></Shape>
	    <String CONTENT="de tus besos viene el aire y se lleva"
                    HPOS="832"
                    VPOS="1686"
                    WIDTH="724"
                    HEIGHT="59"></String>
          </TextLine>

          
          
          <TextLine ID="line_37"
                    TAGREFS="LT83"
                    BASELINE="834 1768 1588 1768" 
                    HPOS="834"
                    VPOS="1735"
                    WIDTH="754"
                    HEIGHT="65">
            <Shape><Polygon POINTS="834 1768 834 1789 907 1784 916 1789 929 1799 930 1799 932 1799 933 1800 957 1800 957 1799 958 1799 959 1799 971 1789 978 1784 1011 1784 1021 1789 1041 1799 1043 1799 1044 1799 1046 1799 1072 1789 1084 1784 1125 1789 1154 1792 1155 1792 1157 1792 1158 1792 1163 1789 1168 1784 1176 1789 1196 1799 1198 1799 1199 1799 1201 1799 1202 1799 1202 1797 1212 1789 1214 1787 1221 1789 1243 1792 1244 1792 1246 1792 1253 1789 1260 1784 1266 1789 1279 1799 1281 1799 1282 1799 1284 1800 1345 1800 1345 1799 1347 1799 1348 1799 1363 1789 1392 1799 1393 1799 1395 1799 1396 1799 1398 1799 1415 1787 1420 1786 1426 1787 1437 1792 1439 1792 1440 1792 1442 1792 1458 1787 1472 1784 1477 1787 1490 1799 1491 1799 1493 1799 1494 1800 1561 1800 1561 1799 1563 1799 1588 1787 1588 1768 1588 1742 1572 1735 1570 1735 1510 1735 1509 1735 1507 1735 1506 1735 1506 1736 1500 1740 1490 1735 1488 1735 1487 1735 1485 1735 1484 1735 1468 1742 1459 1735 1458 1735 1456 1735 1455 1735 1453 1735 1439 1742 1335 1735 1333 1735 1332 1735 1313 1742 1293 1735 1291 1735 1290 1735 1288 1735 1265 1742 1255 1735 1253 1735 1252 1735 1250 1735 1132 1742 1101 1735 1100 1735 1098 1735 961 1742 860 1735 859 1735 857 1735 834 1742 834 1768"/></Shape>
	    <String CONTENT="siempre queda en mis labios el fuego"
                    HPOS="834"
                    VPOS="1735"
                    WIDTH="754"
                    HEIGHT="65"></String>
          </TextLine>

          
        </TextBlock>
        
        <TextBlock HPOS="329"
                   VPOS="1831"
                   WIDTH="982"
                   HEIGHT="79"
                   ID="block_5"
                   TAGREFS="BT223">
          <Shape><Polygon POINTS="1311 1831 1311 1910 380 1898 329 1834"/></Shape>
          
          
          <TextLine ID="line_38"
                    TAGREFS="LT83"
                    BASELINE="441 1879 1288 1891" 
                    HPOS="438"
                    VPOS="1831"
                    WIDTH="849"
                    HEIGHT="72">
            <Shape><Polygon POINTS="1208 1831 1191 1831 1103 1840 1079 1842 1072 1840 1052 1831 1033 1831 1028 1831 1015 1838 1006 1842 927 1842 921 1835 916 1831 901 1831 890 1831 886 1833 879 1838 875 1833 872 1831 857 1831 835 1831 813 1833 791 1833 769 1833 761 1833 721 1838 658 1838 653 1833 638 1833 616 1833 596 1833 590 1835 563 1833 550 1833 528 1833 506 1833 484 1833 462 1833 440 1833 440 1877 438 1901 1283 1903 1287 1890 1285 1846 1239 1846 1237 1844 1221 1831 1208 1831"/></Shape>
	    <String CONTENT="Ramón y Encarnaciòn"
                    HPOS="438"
                    VPOS="1831"
                    WIDTH="849"
                    HEIGHT="72"></String>
          </TextLine>

          
        </TextBlock>
        
        <TextBlock HPOS="54"
                   VPOS="1895"
                   WIDTH="740"
                   HEIGHT="581"
                   ID="block_0"
                   TAGREFS="BT227">
          <Shape><Polygon POINTS="794 1895 794 2476 54 2476 54 1895"/></Shape>
          
          
          <TextLine ID="line_39"
                    TAGREFS="LT83"
                    BASELINE="121 1926 775 1932" 
                    HPOS="119"
                    VPOS="1895"
                    WIDTH="656"
                    HEIGHT="51">
            <Shape><Polygon POINTS="720 1895 713 1895 692 1903 691 1903 609 1903 606 1903 591 1895 588 1895 574 1895 571 1895 546 1901 539 1895 530 1895 515 1895 490 1900 479 1895 471 1895 461 1895 455 1901 454 1901 442 1895 442 1895 428 1895 413 1895 398 1895 384 1895 369 1895 355 1895 340 1895 325 1895 311 1895 296 1895 281 1895 267 1895 252 1895 244 1895 121 1897 121 1926 119 1941 772 1946 775 1932 774 1904 727 1895 720 1895"/></Shape>
	    <String CONTENT="A la hora de salir la linda Encarnación"
                    HPOS="119"
                    VPOS="1895"
                    WIDTH="656"
                    HEIGHT="51"></String>
          </TextLine>

          
          
          <TextLine ID="line_40"
                    TAGREFS="LT83"
                    BASELINE="83 1961 647 1965" 
                    HPOS="81"
                    VPOS="1936"
                    WIDTH="566"
                    HEIGHT="45">
            <Shape><Polygon POINTS="83 1961 81 1974 644 1981 647 1965 645 1941 83 1936 83 1961"/></Shape>
	    <String CONTENT="desde el taller solia ir al Trianón,"
                    HPOS="81"
                    VPOS="1936"
                    WIDTH="566"
                    HEIGHT="45"></String>
          </TextLine>

          
          
          <TextLine ID="line_15"
                    TAGREFS="LT83"
                    BASELINE="84 1996 650 2000" 
                    HPOS="83"
                    VPOS="1967"
                    WIDTH="567"
                    HEIGHT="45">
            <Shape><Polygon POINTS="84 1996 83 2008 647 2012 650 2000 648 1979 531 1970 530 1970 499 1977 496 1977 492 1977 463 1968 461 1968 460 1968 458 1968 433 1976 419 1968 417 1968 416 1968 357 1976 352 1976 337 1976 188 1967 187 1967 84 1973 84 1996"/></Shape>
	    <String CONTENT="a la Meson con su Ramón, Ramón"
                    HPOS="83"
                    VPOS="1967"
                    WIDTH="567"
                    HEIGHT="45"></String>
          </TextLine>

          
          
          <TextLine ID="line_16"
                    TAGREFS="LT83"
                    BASELINE="86 2031 737 2037" 
                    HPOS="84"
                    VPOS="1999"
                    WIDTH="653"
                    HEIGHT="50">
            <Shape><Polygon POINTS="84 2049 736 2049 737 2037 737 2015 695 2005 612 2005 610 2005 609 2005 607 2005 599 2011 594 2014 502 2014 495 2009 488 2003 486 2003 485 2003 483 2003 482 2003 470 2008 460 2012 447 2008 435 2003 433 2003 432 2003 410 2006 382 2011 369 2005 360 2002 359 2002 357 2002 305 2003 194 2009 185 2002 185 2000 184 2000 182 2000 181 2000 179 2000 178 2000 165 2011 116 2011 87 1999 86 2031 84 2049"/></Shape>
	    <String CONTENT="buscaban un ricón propicio para hablar"
                    HPOS="84"
                    VPOS="1999"
                    WIDTH="653"
                    HEIGHT="50"></String>
          </TextLine>

          
          
          <TextLine ID="line_41"
                    TAGREFS="LT83"
                    BASELINE="87 2068 632 2071" 
                    HPOS="86"
                    VPOS="2044"
                    WIDTH="546"
                    HEIGHT="41">
            <Shape><Polygon POINTS="87 2068 86 2085 631 2082 632 2071 631 2047 87 2044 87 2068"/></Shape>
	    <String CONTENT="y alli el galan mentaba su pasión"
                    HPOS="86"
                    VPOS="2044"
                    WIDTH="546"
                    HEIGHT="41"></String>
          </TextLine>

          
          
          <TextLine ID="line_17"
                    TAGREFS="LT83"
                    BASELINE="86 2104 777 2109" 
                    HPOS="84"
                    VPOS="2071"
                    WIDTH="693"
                    HEIGHT="55">
            <Shape><Polygon POINTS="518 2071 517 2071 515 2071 514 2071 499 2075 476 2084 469 2076 467 2076 466 2076 464 2076 463 2076 397 2084 379 2078 374 2075 372 2075 371 2075 369 2075 368 2075 368 2076 366 2078 359 2085 318 2085 303 2078 289 2072 287 2072 286 2072 284 2072 283 2072 283 2073 277 2079 276 2081 273 2079 265 2072 265 2071 264 2071 263 2071 261 2071 260 2071 241 2079 235 2082 229 2079 214 2072 213 2072 211 2072 210 2072 194 2079 189 2082 86 2082 86 2104 84 2119 543 2119 546 2119 565 2126 566 2126 568 2126 775 2119 777 2109 777 2072 631 2072 629 2072 628 2072 626 2072 625 2073 604 2085 580 2073 577 2073 575 2073 574 2073 566 2075 533 2082 524 2075 520 2071 518 2071"/></Shape>
	    <String CONTENT="ay que bribón, y lo que sucedio calcule V."
                    HPOS="84"
                    VPOS="2071"
                    WIDTH="693"
                    HEIGHT="55"></String>
          </TextLine>

          
          
          <TextLine ID="line_42"
                    TAGREFS="LT83"
                    BASELINE="83 2139 577 2142" 
                    HPOS="81"
                    VPOS="2109"
                    WIDTH="496"
                    HEIGHT="45">
            <Shape><Polygon POINTS="83 2139 81 2154 575 2152 577 2142 577 2117 553 2110 552 2110 463 2110 461 2110 460 2110 458 2110 450 2117 448 2117 376 2110 375 2110 337 2117 333 2117 327 2117 286 2109 284 2109 283 2109 268 2116 248 2109 246 2109 245 2109 244 2109 226 2116 226 2117 150 2117 149 2116 138 2109 137 2109 135 2109 134 2109 83 2114 83 2139"/></Shape>
	    <String CONTENT="a fuerza de ir al cine o al café"
                    HPOS="81"
                    VPOS="2109"
                    WIDTH="496"
                    HEIGHT="45"></String>
          </TextLine>

          
          
          <TextLine ID="line_18"
                    TAGREFS="LT83"
                    BASELINE="84 2174 715 2180" 
                    HPOS="83"
                    VPOS="2145"
                    WIDTH="632"
                    HEIGHT="54">
            <Shape><Polygon POINTS="84 2174 83 2186 111 2195 112 2195 113 2195 194 2187 197 2187 198 2187 208 2195 210 2195 211 2195 400 2198 401 2198 550 2190 553 2190 555 2190 591 2199 593 2199 594 2199 714 2190 715 2180 715 2157 692 2148 691 2148 689 2148 604 2154 590 2155 588 2154 582 2149 582 2148 581 2148 580 2148 578 2148 531 2154 524 2154 523 2154 515 2147 514 2147 512 2147 511 2147 436 2152 401 2154 391 2151 372 2145 371 2145 369 2145 321 2149 290 2152 84 2147 84 2174"/></Shape>
	    <String CONTENT="solo se que cuando cesaban. de pronto"
                    HPOS="83"
                    VPOS="2145"
                    WIDTH="632"
                    HEIGHT="54"></String>
          </TextLine>

          
          
          <TextLine ID="line_19"
                    TAGREFS="LT83"
                    BASELINE="83 2212 676 2212" 
                    HPOS="83"
                    VPOS="2184"
                    WIDTH="593"
                    HEIGHT="41">
            <Shape><Polygon POINTS="83 2212 83 2225 676 2225 676 2212 676 2192 83 2184 83 2212"/></Shape>
	    <String CONTENT="las conversaciones, se solia escuchar"
                    HPOS="83"
                    VPOS="2184"
                    WIDTH="593"
                    HEIGHT="41"></String>
          </TextLine>

          
          
          <TextLine ID="line_20"
                    TAGREFS="LT83"
                    BASELINE="81 2249 765 2249" 
                    HPOS="81"
                    VPOS="2214"
                    WIDTH="684"
                    HEIGHT="49">
            <Shape><Polygon POINTS="450 2214 448 2214 447 2214 432 2214 417 2214 403 2214 401 2214 400 2214 398 2214 397 2214 397 2215 391 2220 388 2222 372 2220 330 2214 328 2214 327 2214 325 2214 317 2220 311 2222 302 2220 286 2214 284 2214 271 2214 257 2214 245 2214 244 2214 242 2214 241 2214 241 2215 236 2218 233 2221 229 2218 223 2214 222 2214 220 2214 219 2214 217 2214 203 2218 189 2222 184 2218 178 2214 176 2214 175 2214 173 2214 172 2214 170 2214 165 2218 160 2221 154 2218 144 2214 143 2214 141 2214 81 2217 81 2249 81 2263 765 2263 765 2249 765 2222 737 2214 736 2214 734 2214 733 2214 732 2214 720 2221 675 2214 673 2214 672 2214 670 2214 670 2215 661 2222 661 2224 461 2224 458 2221 451 2214 450 2214"/></Shape>
	    <String CONTENT="la voz de Encarnación, que muy sucofada"
                    HPOS="81"
                    VPOS="2214"
                    WIDTH="684"
                    HEIGHT="49"></String>
          </TextLine>

          
          
          <TextLine ID="line_21"
                    TAGREFS="LT83"
                    BASELINE="80 2281 780 2287" 
                    HPOS="78"
                    VPOS="2256"
                    WIDTH="702"
                    HEIGHT="47">
            <Shape><Polygon POINTS="80 2281 78 2303 778 2303 780 2287 778 2263 80 2256 80 2281"/></Shape>
	    <String CONTENT="le decia a su novio: Ay Ramón te lo pido"
                    HPOS="78"
                    VPOS="2256"
                    WIDTH="702"
                    HEIGHT="47"></String>
          </TextLine>

          
          
          <TextLine ID="line_22"
                    TAGREFS="LT83"
                    BASELINE="80 2317 657 2320" 
                    HPOS="78"
                    VPOS="2291"
                    WIDTH="579"
                    HEIGHT="50">
            <Shape><Polygon POINTS="80 2317 78 2333 654 2341 657 2320 656 2294 80 2291 80 2317"/></Shape>
	    <String CONTENT="de rodillas, ay Ramón ten por Dios"
                    HPOS="78"
                    VPOS="2291"
                    WIDTH="579"
                    HEIGHT="50"></String>
          </TextLine>

          
          
          <TextLine ID="line_23"
                    TAGREFS="LT83"
                    BASELINE="80 2355 691 2355" 
                    HPOS="80"
                    VPOS="2325"
                    WIDTH="611"
                    HEIGHT="51">
            <Shape><Polygon POINTS="80 2355 80 2370 689 2376 691 2355 689 2325 80 2325 80 2355"/></Shape>
	    <String CONTENT="educación, ay Ramón no me busques"
                    HPOS="80"
                    VPOS="2325"
                    WIDTH="611"
                    HEIGHT="51"></String>
          </TextLine>

          
          
          <TextLine ID="line_24"
                    TAGREFS="LT83"
                    BASELINE="80 2389 673 2393" 
                    HPOS="78"
                    VPOS="2357"
                    WIDTH="595"
                    HEIGHT="66">
            <Shape><Polygon POINTS="78 2409 89 2418 89 2420 90 2420 92 2420 93 2421 118 2421 118 2420 119 2420 121 2420 121 2418 131 2409 175 2409 176 2409 187 2418 187 2420 188 2420 189 2420 191 2420 192 2420 220 2409 225 2409 230 2411 271 2420 273 2420 274 2420 276 2420 287 2412 289 2411 289 2412 299 2420 299 2421 300 2421 302 2421 303 2421 305 2421 325 2414 327 2412 330 2414 349 2421 350 2421 352 2421 353 2421 355 2421 362 2414 369 2409 423 2415 433 2417 435 2417 439 2417 474 2409 670 2423 673 2393 672 2369 577 2361 575 2361 530 2366 492 2369 466 2364 441 2360 439 2360 438 2360 428 2363 417 2367 390 2363 371 2360 369 2360 368 2360 366 2360 365 2363 357 2369 284 2369 271 2360 268 2358 267 2358 265 2358 264 2358 226 2360 97 2366 83 2357 80 2389 78 2409"/></Shape>
	    <String CONTENT="las cosquillas, ay Ramón que te doy"
                    HPOS="78"
                    VPOS="2357"
                    WIDTH="595"
                    HEIGHT="66"></String>
          </TextLine>

          
          
          <TextLine ID="line_43"
                    TAGREFS="LT83"
                    BASELINE="330 2427 556 2427" 
                    HPOS="330"
                    VPOS="2402"
                    WIDTH="226"
                    HEIGHT="48">
            <Shape><Polygon POINTS="330 2427 330 2450 556 2446 556 2427 556 2406 330 2402 330 2427"/></Shape>
	    <String CONTENT="un coscorrón."
                    HPOS="330"
                    VPOS="2402"
                    WIDTH="226"
                    HEIGHT="48"></String>
          </TextLine>

          
        </TextBlock>
        
        <TextBlock HPOS="849"
                   VPOS="1907"
                   WIDTH="762"
                   HEIGHT="601"
                   ID="block_2"
                   TAGREFS="BT227">
          <Shape><Polygon POINTS="1611 1907 1611 2508 849 2508 849 1907"/></Shape>
          
          
          <TextLine ID="line_46"
                    TAGREFS="LT83"
                    BASELINE="923 1933 1414 1933" 
                    HPOS="923"
                    VPOS="1908"
                    WIDTH="491"
                    HEIGHT="47">
            <Shape><Polygon POINTS="923 1933 923 1945 1024 1955 1025 1955 1027 1955 1054 1948 1114 1955 1116 1955 1117 1955 1119 1955 1119 1954 1127 1946 1220 1946 1228 1954 1228 1955 1230 1955 1231 1955 1233 1955 1344 1946 1369 1955 1370 1955 1371 1955 1414 1945 1414 1933 1414 1908 923 1908 923 1933"/></Shape>
	    <String CONTENT="No se porque será más sé que"
                    HPOS="923"
                    VPOS="1908"
                    WIDTH="491"
                    HEIGHT="47"></String>
          </TextLine>

          
          
          <TextLine ID="line_47"
                    TAGREFS="LT83"
                    BASELINE="886 1967 1481 1971" 
                    HPOS="885"
                    VPOS="1935"
                    WIDTH="596"
                    HEIGHT="54">
            <Shape><Polygon POINTS="886 1967 885 1979 1085 1989 1087 1989 1480 1983 1481 1971 1478 1941 1284 1946 1122 1938 1120 1938 1119 1938 1095 1945 1069 1936 1068 1936 1066 1936 1063 1936 959 1943 886 1935 886 1967"/></Shape>
	    <String CONTENT="Encarnación dice que ya no volverá"
                    HPOS="885"
                    VPOS="1935"
                    WIDTH="596"
                    HEIGHT="54"></String>
          </TextLine>

          
          
          <TextLine ID="line_48"
                    TAGREFS="LT83"
                    BASELINE="886 2002 1459 2005" 
                    HPOS="885"
                    VPOS="1973"
                    WIDTH="574"
                    HEIGHT="51">
            <Shape><Polygon POINTS="886 2002 885 2014 942 2022 943 2024 1458 2024 1459 2005 1458 1981 932 1981 886 1973 886 2002"/></Shape>
	    <String CONTENT="ni al Trianón ni a la Mesón con su"
                    HPOS="885"
                    VPOS="1973"
                    WIDTH="574"
                    HEIGHT="51"></String>
          </TextLine>

          
          
          <TextLine ID="line_49"
                    TAGREFS="LT83"
                    BASELINE="885 2037 1443 2041" 
                    HPOS="883"
                    VPOS="2009"
                    WIDTH="560"
                    HEIGHT="46">
            <Shape><Polygon POINTS="885 2037 883 2050 1440 2055 1443 2041 1442 2021 885 2009 885 2037"/></Shape>
	    <String CONTENT="Ramón, Ramón y que ahora para"
                    HPOS="883"
                    VPOS="2009"
                    WIDTH="560"
                    HEIGHT="46"></String>
          </TextLine>

          
          
          <TextLine ID="line_50"
                    TAGREFS="LT83"
                    BASELINE="885 2073 1464 2076" 
                    HPOS="883"
                    VPOS="2047"
                    WIDTH="581"
                    HEIGHT="48">
            <Shape><Polygon POINTS="885 2073 883 2087 964 2095 965 2095 1462 2090 1464 2076 1461 2047 885 2047 885 2073"/></Shape>
	    <String CONTENT="hablar alquilan un simón y alli su"
                    HPOS="883"
                    VPOS="2047"
                    WIDTH="581"
                    HEIGHT="48"></String>
          </TextLine>

          
          
          <TextLine ID="line_51"
                    TAGREFS="LT83"
                    BASELINE="882 2107 1518 2113" 
                    HPOS="881"
                    VPOS="2081"
                    WIDTH="637"
                    HEIGHT="54">
            <Shape><Polygon POINTS="882 2107 881 2120 1040 2132 1041 2133 1125 2133 1125 2132 1126 2132 1127 2132 1127 2130 1135 2125 1199 2133 1201 2133 1202 2133 1228 2126 1253 2133 1255 2133 1256 2133 1382 2128 1390 2135 1392 2135 1393 2135 1395 2135 1516 2126 1518 2113 1516 2091 1201 2081 1199 2081 882 2084 882 2107"/></Shape>
	    <String CONTENT="amor se suelen demostrar sín alarmar"
                    HPOS="881"
                    VPOS="2081"
                    WIDTH="637"
                    HEIGHT="54"></String>
          </TextLine>

          
          
          <TextLine ID="line_52"
                    TAGREFS="LT83"
                    BASELINE="885 2148 1519 2148" 
                    HPOS="885"
                    VPOS="2122"
                    WIDTH="634"
                    HEIGHT="46">
            <Shape><Polygon POINTS="885 2148 885 2168 1519 2166 1519 2148 1519 2128 885 2122 885 2148"/></Shape>
	    <String CONTENT="y no se cual será su distracción ocutos"
                    HPOS="885"
                    VPOS="2122"
                    WIDTH="634"
                    HEIGHT="46"></String>
          </TextLine>

          
          
          <TextLine ID="line_53"
                    TAGREFS="LT83"
                    BASELINE="881 2184 1591 2180" 
                    HPOS="879"
                    VPOS="2152"
                    WIDTH="712"
                    HEIGHT="46">
            <Shape><Polygon POINTS="881 2184 881 2198 1591 2196 1591 2180 1586 2152 879 2161 881 2184"/></Shape>
	    <String CONTENT="en el fondo de un simón. Solo se que cuan-"
                    HPOS="879"
                    VPOS="2152"
                    WIDTH="712"
                    HEIGHT="46"></String>
          </TextLine>

          
          
          <TextLine ID="eSc_line_8ae993a4"
                    
                    BASELINE="1535 2233 1607 2233" 
                    HPOS="1533"
                    VPOS="2193"
                    WIDTH="72"
                    HEIGHT="63">
            <Shape><Polygon POINTS="1533 2232 1533 2252 1603 2256 1605 2232 1605 2195 1533 2193 1533 2232"/></Shape>
	    <String CONTENT="(do"
                    HPOS="1533"
                    VPOS="2193"
                    WIDTH="72"
                    HEIGHT="63"></String>
          </TextLine>

          
          
          <TextLine ID="line_54"
                    TAGREFS="LT83"
                    BASELINE="882 2221 1499 2222" 
                    HPOS="879"
                    VPOS="2190"
                    WIDTH="619"
                    HEIGHT="46">
            <Shape><Polygon POINTS="881 2219 879 2234 1493 2236 1498 2221 1495 2190 881 2190 881 2219"/></Shape>
	    <String CONTENT="el cochero tira de la rienda y detiene"
                    HPOS="879"
                    VPOS="2190"
                    WIDTH="619"
                    HEIGHT="46"></String>
          </TextLine>

          
          
          <TextLine ID="line_55"
                    TAGREFS="LT83"
                    BASELINE="881 2253 1507 2256" 
                    HPOS="879"
                    VPOS="2231"
                    WIDTH="628"
                    HEIGHT="46">
            <Shape><Polygon POINTS="881 2253 879 2274 1504 2277 1507 2256 1506 2234 881 2231 881 2253"/></Shape>
	    <String CONTENT="él caballo para encasqnetarse la gorro"
                    HPOS="879"
                    VPOS="2231"
                    WIDTH="628"
                    HEIGHT="46"></String>
          </TextLine>

          
          
          <TextLine ID="line_56"
                    TAGREFS="LT83"
                    BASELINE="881 2293 1445 2290" 
                    HPOS="879"
                    VPOS="2262"
                    WIDTH="566"
                    HEIGHT="47">
            <Shape><Polygon POINTS="881 2293 881 2309 1443 2303 1445 2290 1442 2269 1193 2262 1192 2262 1190 2262 1158 2269 935 2263 933 2263 879 2271 881 2293"/></Shape>
	    <String CONTENT="suele oirse dentro del coche la voz"
                    HPOS="879"
                    VPOS="2262"
                    WIDTH="566"
                    HEIGHT="47"></String>
          </TextLine>

          
          
          <TextLine ID="line_57"
                    TAGREFS="LT83"
                    BASELINE="879 2331 1521 2325" 
                    HPOS="878"
                    VPOS="2293"
                    WIDTH="643"
                    HEIGHT="52">
            <Shape><Polygon POINTS="879 2331 879 2345 1521 2345 1521 2325 1518 2301 1376 2293 1374 2293 1373 2293 1347 2303 1344 2303 1336 2303 1263 2294 1262 2294 1260 2294 1259 2294 1244 2303 1244 2304 1116 2304 1114 2304 1052 2295 1050 2295 1049 2295 1018 2306 1016 2307 973 2307 973 2306 959 2297 958 2297 957 2297 955 2297 910 2304 895 2297 894 2297 892 2297 891 2297 889 2297 878 2303 879 2331"/></Shape>
	    <String CONTENT="de Encarnación que suplicando le decia"
                    HPOS="878"
                    VPOS="2293"
                    WIDTH="643"
                    HEIGHT="52"></String>
          </TextLine>

          
          
          <TextLine ID="line_58"
                    TAGREFS="LT83"
                    BASELINE="879 2366 1415 2361" 
                    HPOS="878"
                    VPOS="2335"
                    WIDTH="537"
                    HEIGHT="50">
            <Shape><Polygon POINTS="879 2366 879 2379 1217 2385 1218 2385 1220 2385 1221 2385 1221 2383 1227 2377 1228 2377 1414 2377 1415 2361 1412 2339 904 2335 902 2335 901 2335 878 2342 879 2366"/></Shape>
	    <String CONTENT="ay Ramón te lo pido de rodillas"
                    HPOS="878"
                    VPOS="2335"
                    WIDTH="537"
                    HEIGHT="50"></String>
          </TextLine>

          
          
          <TextLine ID="line_59"
                    TAGREFS="LT83"
                    BASELINE="879 2402 1411 2399" 
                    HPOS="878"
                    VPOS="2367"
                    WIDTH="533"
                    HEIGHT="54">
            <Shape><Polygon POINTS="879 2402 879 2417 1408 2421 1411 2399 1407 2370 1266 2376 1252 2373 1234 2367 1233 2367 1231 2367 1230 2367 1228 2367 1220 2373 1214 2376 1205 2373 1190 2369 1189 2369 1187 2369 1155 2374 1136 2377 1126 2374 1104 2369 1103 2369 1101 2369 1002 2377 995 2377 990 2377 924 2369 923 2369 878 2379 879 2402"/></Shape>
	    <String CONTENT="ay Ramón aprovecha la ocasión"
                    HPOS="878"
                    VPOS="2367"
                    WIDTH="533"
                    HEIGHT="54"></String>
          </TextLine>

          
          
          <TextLine ID="line_60"
                    TAGREFS="LT83"
                    BASELINE="879 2437 1538 2434" 
                    HPOS="878"
                    VPOS="2404"
                    WIDTH="660"
                    HEIGHT="55">
            <Shape><Polygon POINTS="879 2437 879 2452 1184 2459 1186 2459 1300 2452 1502 2458 1503 2458 1538 2449 1538 2434 1535 2412 1472 2404 1471 2404 1339 2411 1317 2404 1316 2404 1315 2404 1313 2404 1312 2404 1300 2411 1282 2404 1281 2404 1279 2404 1278 2404 1277 2404 1268 2412 1205 2412 921 2405 920 2405 878 2414 879 2437"/></Shape>
	    <String CONTENT="ay Ramón no me busques las cosquillas"
                    HPOS="878"
                    VPOS="2404"
                    WIDTH="660"
                    HEIGHT="55"></String>
          </TextLine>

          
          
          <TextLine ID="line_61"
                    TAGREFS="LT83"
                    BASELINE="881 2472 1481 2472" 
                    HPOS="881"
                    VPOS="2449"
                    WIDTH="600"
                    HEIGHT="63">
            <Shape><Polygon POINTS="881 2472 881 2494 1009 2494 1050 2512 1052 2512 1053 2512 1233 2503 1412 2512 1414 2512 1415 2512 1450 2494 1481 2494 1481 2472 1480 2449 881 2450 881 2472"/></Shape>
	    <String CONTENT="ay Ramon que me da nna degestion"
                    HPOS="881"
                    VPOS="2449"
                    WIDTH="600"
                    HEIGHT="63"></String>
          </TextLine>

          
        </TextBlock>
        
        <TextBlock HPOS="388"
                   VPOS="222"
                   WIDTH="920"
                   HEIGHT="1009"
                   ID="eSc_textblock_9f842fb9"
                   TAGREFS="BT224">
          <Shape><Polygon POINTS="388 222 388 1231 1308 1231 1308 222"/></Shape>
          
        </TextBlock>
        

        
      </PrintSpace>
    </Page>
  </Layout>
</alto>
