1731 2397
820 167 183 64 — 16 —

286 254 529 46 contra España, y los agravios

287 284 521 50 sin razón alguna aumentan.

290 322 444 52 Mac-Kinley al ministerio

289 364 378 42 español envía quejas

290 396 469 48 porque la contienda sigue,

289 430 526 54 porque la lucha es sangrienta,

289 467 461 53 porque se causa perjuicios

289 503 518 46 muy graves á Norte-América;

291 544 427 47 y pide que al insurrecto

291 580 460 47 cuanto quiere se conceda,

293 615 477 50 porque, de seguir la lucha,

290 649 516 50 ó de buen grado ó por fuerza

293 693 505 46 tendrá que intervenir pronto

290 724 425 47 su país en la contienda.

327 757 469 56 En cuanto á las peticiones

290 795 458 46 de dinero, éstas no cesan,

294 830 472 55 y no hay ocasión ni medio

294 873 452 45 que para nuevas afrentas

293 910 482 46 no aprovechen los canallas

294 944 412 46 que realizan tal vileza.

294 978 560 51 No buscan más que un pretexto

294 1018 425 48 para declarar la guerra

299 1050 409 52 y robarnos las Antillas

299 1086 481 55 y todo lo más que puedan,

302 1126 537 49 y por esto, aunque el Gobierno

295 1167 403 43 español tan lejos lleva

294 1197 432 49 sus concesiones, á costa

294 1233 480 52 de su dignidad, por fuerza

294 1275 490 44 se ve arrastrado al conflicto

295 1306 481 52 que él evita con prudencia.

330 1343 501 45 El general Blanco, en Cuba,

295 1379 456 49 al par que la mano sienta

294 1420 426 46 al rebelde, sin descanso

297 1451 470 53 por la paz trabaja; y fuera

295 1490 492 50 el triunfo suyo, no obstante

297 1526 547 53 lo que hacen en Norte-América,

298 1563 365 49 si no se precipitaran

297 1599 486 45 los sucesos. ¡Más aumentan

295 1633 433 52 la gravedad de las cosas

297 1677 478 44 las maquinaciones pérfidas

295 1713 488 40 del yankee, que no los bríos

295 1743 541 50 que los rebeldes demuestran!...

331 1787 484 41 Máximo Gómez comprende

295 1817 453 47 que nada hará si no llega

295 1856 460 44 la intervención inmediata

297 1892 431 45 del americano. Empieza

295 1926 447 52 la deserción de los suyos,

299 1966 524 51 y aunque él su rigor extrema,

298 2001 445 65 ve que su causa se pierde

927 255 433 41 y que la crisis se acerca.

924 279 459 57 Por esto apura á la Junta,

927 322 382 49 y por esto la aconseja

926 352 501 52 que meta prisa á los yankees.

924 398 393 44 Calixto García intenta

926 427 387 49 recabar toda la gloria

927 467 416 44 de la lucha, y menudea

927 504 433 47 sus ataques á los puntos

928 539 471 48 que no ofrecen resistencia.

932 572 512 56 Y el que es un traidor infame

928 613 365 48 de la más baja ralea,

927 647 496 49 de héroe quiere sentar plaza

927 693 450 44 en tan inmunda comedia.

964 724 485 48 Mas la verdad es que cunde

927 760 488 50 el desaliento; que empiezan

930 799 407 39 á recelar unos de otros

931 830 498 47 los rebeldes, que sus fuerzas

928 869 431 49 decaen, y que no tienen

931 905 458 52 ya más esperanzas ciertas

930 938 538 51 que en la intervención armada

928 984 513 42 que pretende Norte-América.

967 1014 413 47 Las cosas en tal estado,

934 1045 527 60 Mac-Kinley que vaya, ordena,

931 1089 529 53 un buque yankee á la Habana,

932 1125 392 49 para ver si tal torpeza

934 1158 490 55 provoca un desbordamiento

931 1198 464 49 de indignación, que le sea

932 1235 416 50 á su empresa favorable;

935 1273 457 52 y á poco á las aguas llega

932 1307 516 45 de Cuba el Maine, un crucero

931 1346 416 44 de la marina de guerra,

935 1380 489 52 y en el puerto de la Habana

932 1422 435 62 la bandera yankee ondea.

964 1594 500 55 La paz armada en que viven

931 1636 380 47 las naciones europeas

931 1669 526 56 y el miedo de que un conflicto

932 1716 411 39 estalle entre todas ellas

930 1745 471 47 es causa de que impasibles

934 1783 453 50 las infamias yankees vean,

930 1817 454 48 infamias que por su parte

931 1857 462 49 también apoya Inglaterra,

930 1890 437 48 que á los Estados Unidos

930 1926 522 52 se asocia en su noble empresa.

968 1968 451 46 La Prensa subvencionada

931 2004 432 57 en Europa y en América
