1727 2385
832 219 123 80 — 11 —

241 291 466 58 so pena de un escarmiento

241 339 376 53 que él evitar deseaba.

242 372 464 53 Aunque eran los españoles

242 413 501 53 tan pocos, y aunque la fama

239 441 368 55 del generalísimo era,

239 480 576 59 por ser de un bribón, muy mala,

242 522 361 53 contestóle el capitán

239 553 487 55 lo que el deber le ordenaba:

239 589 442 58 que España no se rendía,

239 628 373 55 pasara lo que pasara,

238 663 489 56 en tanto un soldado hubiera

245 703 409 50 y éste tuviese una bala.

238 736 488 57 Rompió el fuego el enemigo

239 776 442 49 y las bombas y granadas

237 817 469 40 convirtieron en escombros

237 849 476 50 de Cascorro algunas casas.

274 890 469 41 Nueva intimación y nueva

237 922 434 46 negativa y nueva carga.

274 956 413 51 El tesón de los sitiados,

238 999 386 43 del insurrecto la saña

237 1034 417 45 aumenta. Los españoles

237 1066 415 50 hacen numerosas bajas,

239 1105 389 46 y el cañoneo prosigue

238 1139 469 52 y el sitiador nada alcanza.

271 1180 403 44 Otro emisario propone

237 1212 441 48 la rendición, y á la carta

235 1249 451 49 de Gómez responde Neila

237 1286 460 48 que es inútil cuanto haga,

237 1330 523 45 porque no habrán de rendirse

238 1366 402 45 al enemigo de España;

239 1395 458 53 y le advierte que si vuelve

237 1440 450 38 con parlamentos, la plaza

234 1469 400 44 hará fuego al emisario

233 1507 419 45 que con tal objeto vaya.

269 1538 373 46 El ataque se renueva

233 1580 442 47 y cae un diluvio de balas

233 1619 493 43 sobre Cascorro y sus fuertes,

231 1648 480 48 sin que dome la arrogancia

231 1685 430 42 del sitiado. Por doquiera

230 1718 420 52 se ve que caen las casas

227 1752 459 51 en escombros convertidas,

229 1795 489 45 por las bombas incendiadas,

230 1831 467 42 y algún fuerte, sin demora

227 1860 466 49 hay que abandonarlo, para

226 1905 559 42 que no arrastre entre sus ruinas

225 1933 469 45 á los valientes que guarda.

259 1968 524 55 El hambre empieza á sentirse;

225 2011 439 44 van en aumento las bajas

222 2044 435 54 de los sitiados; mas éstos,

876 302 474 47 aunque fatigados se hallan

876 336 425 53 por la falta de descanso,

876 371 539 59 su heroica actitud no cambian;

878 413 458 45 y así los días transcurren,

877 446 459 53 las mu niciones se acaban,

876 482 383 53 y la sed les exaspera,

874 518 440 54 pues hasta fáltales agua.

910 551 456 53 Una mujer hacia el fuerte

874 590 444 53 donde el capitán se halla

874 629 427 46 con un pliego se dirige.

877 667 412 47 Es una nueva emisaria

874 699 456 54 del rebelde, y el tal pliego

876 740 460 43 es simplemente una carta

874 779 401 41 de Santa Lucía, el jefe

876 808 471 53 de la insurrección cubana,

876 849 340 49 Presidente titulado

877 883 387 45 de la República, para

876 918 499 53 que Neila ceje en su empeño

880 961 462 47 y no abrigue la esperanza

877 997 399 40 de recibir de los suyos

877 1026 484 53 auxilio. En cambio si pacta

876 1065 417 45 con el rebelde, le ofrece

877 1103 477 45 dejarle marchar con armas

877 1139 386 46 llevándose los heridos

877 1176 486 50 sin que nadie daño le haga.

878 1212 430 46 Neila por toda respuesta

874 1249 415 46 le dirige estas palabras:

877 1285 465 47 «Si otro emisario me envía,

876 1321 511 51 hombre ó mujer, las descargas

874 1363 411 44 de mis fusiles saldránle

872 1388 432 50 al encuentro. Inútil haga

873 1436 416 44 proposiciones de entrega,

872 1461 493 54 pues mientras tenga una bala

872 1502 457 42 no se ha de rendir ninguno

868 1535 465 48 de los soldados de España.»

869 1574 403 46 Máximo Gómez ordena

869 1612 455 41 estrechar el cerco; asaltan

869 1641 582 51 las casas que están más próximas

865 1678 420 47 á los fuertes, y disparan

866 1722 431 44 un sin fin de proyectiles,

862 1758 497 44 mientras sus cañones lanzan

861 1790 449 47 sin interrupción torrentes

858 1827 458 46 de bombas y de granadas.

894 1862 453 44 Desde un edificio próximo

854 1896 413 46 al fuerte donde se halla

854 1931 452 52 el capitán con sus bravos,

856 1971 413 46 los rebeldes á mansalva

856 2006 419 45 hacen fuego tan certero

854 2039 497 62 que producen muchas bajas.
