1654 2377
392 277 881 175 HISTORIA DE LA GUERRA

813 530 31 56 É

233 654 1177 122 INDEPENDENCIA DE CUBA

593 901 442 94 PARTE PRIMERA

713 1020 209 61 BAIRE

225 1156 455 49 Contando con los auxilios

194 1205 500 45 que ofréceles Norte-América,

194 1236 489 52 los que siempre conspiraron

192 1275 431 50 para provocar la guerra,

192 1308 387 48 en la parte montañosa

191 1344 465 53 de Santiago alzan bandera,

191 1381 437 54 y con negros y bandidos,

191 1416 353 53 gente de mala ralea,

188 1452 391 50 una partida componen

186 1494 437 43 de pocas y ruines fuerzas

186 1526 470 53 con la cual lanzan en Baire

186 1560 433 49 el grito de Independencia.

215 1600 461 46 Descontentos y ambiciosos

182 1636 449 52 á los rebeldes se agregan;

182 1674 424 50 los que del negocio viven

182 1711 486 50 y saben que en las revueltas

178 1745 474 50 se hacen muchos y lucidos,

178 1790 524 44 su auxilio á los ruines prestan;

180 1818 520 54 y unos que van de buen grado

186 1856 460 50 y otros que van á la fuerza,

177 1897 461 48 á la insurrección se suman

178 1928 428 52 y las partidas aumentan.

207 1964 424 55 Ningún jefe de prestigio

173 2003 457 49 va con las gentes aquéllas,

171 2036 469 63 que más que gente política

824 1160 416 58 es de malvados caterva.

825 1203 448 48 Allí donde cae una banda

824 1240 516 50 no hay mal que no se cometa,

830 1282 392 45 y el robo y el atropello

828 1317 354 45 y la brutal violencia

823 1348 400 46 son el código que guía

820 1387 429 43 á las hordas de la sierra.

852 1426 503 46 Si al llano á bajar se atreven,

816 1460 515 49 pronto anuncian su presencia

816 1492 472 50 las llamas de los incendios,

816 1533 452 47 los saqueos de las tiendas,

817 1568 439 48 las venganzas personales,

813 1604 464 48 las maldades y vergüienzas

811 1646 466 39 que impunemente cometen

805 1673 597 55 los que más que hombres son fieras.

844 1711 459 46 Y por el terror se imponen

805 1748 391 47 á cuantos vivir desean

804 1784 387 51 al amparo de las leyes

805 1819 369 53 y fieles á su bandera.

834 1885 401 58 La Autoridad española

797 1937 465 46 supo el hecho sin sorpresa,

799 1974 403 39 porque del separatismo

795 2003 429 53 iba siguiendo las huellas

796 2046 352 51 y conocía á los jefes
