1724 2359
840 180 132 63 — 18 —

262 251 439 55 los yantees y los rebeldes

262 296 434 44 tagalos, en competencia,

262 331 435 51 cometieron salvajadas (*)

259 372 475 46 á mansalva. ¡No lo hicieran

258 406 465 47 impunemente unos y otros

260 444 483 48 si á la vez otras dos guerras

256 483 445 42 contra yankees y cubanos

259 516 418 47 España no sostuviera!...

258 551 455 53 Los heroes de la manigua,

258 597 430 43 aquella turba compuesta

255 630 399 41 de todos los criminales

256 663 458 51 más perversos de la tierra,

256 706 395 42 casi tan bajos y ruines

255 736 437 46 como los yankees, apenas

255 775 422 44 saben que las relaciones

255 809 477 52 diplomáticas se encuentran

254 850 482 46 rotas, y que ya es un hecho

255 884 480 45 cercano ver cómo empiezan

255 920 420 47 las hostilidades, únense

254 955 490 51 para todo al Norte-América,

254 998 518 39 confiando en que muy pronto

255 1031 477 50 lograrán su independencia.

212 1059 634 61 Desde aquel punto, lo que hacen

251 1103 458 42 los rebeldes es por cuenta

251 1141 399 43 de los Estados Unidos,

251 1179 433 52 á cuyo triunfo cooperan.

285 1353 496 55 Las escuadras de los yankees

247 1395 459 47 algunos puertos bloquean

247 1437 481 38 de acuerdo con los cubanos

247 1470 487 46 que las secundan por tierra.

250 1504 612 50 Pero en vano es que unos y otros

246 1539 477 52 intenten, como lo intentan,

247 1580 382 49 verificar desembarcos

243 1614 480 53 de americanos. Las fuerzas

243 1649 417 48 españolas los rechazan,

249 1695 465 36 y en propósitos se quedan.

243 1722 403 44 Rotas las hostilidades,

242 1765 450 46 son las hazañas primeras

241 1799 439 43 del yankee el cañonear

239 1836 457 48 puntos de escasa defensa

246 1871 499 52 y dar caza á embarcaciones

896 259 441 48 armadas... para la pesca.

894 294 503 46 Con la Habana no se atreven

898 330 499 51 y por nada á ella se acercan;

896 373 453 39 en cambio de Puerto Rico

896 406 401 48 la capital bombardean,

894 439 487 49 aunque salgan mal librados

892 478 484 50 por esta vez en su empresa.

928 511 447 51 La noticia de que España

892 549 505 52 tiene una escuadra dispuesta

894 588 464 51 para marchar al Atlántico,

892 629 480 40 aunque una escuadrilla sea

890 661 476 45 de poca importancia, basta

891 697 499 51 para que el yankee suspenda

891 737 492 49 toda acción, hasta que logre

890 771 390 49 destruirla toda entera.

895 809 450 46 Y en tanto los insurrectos

890 845 402 50 sus correrías renuevan

888 884 392 45 para dar señal de vida

890 921 476 47 y distraer nuestras fuerzas.

919 954 511 52 Cuba, igual que Puerto Rico,

884 994 526 45 de víveres mal se encuentran;

887 1027 338 51 y con el bloqueo es

891 1061 340 55 difícil abastecerlas.

924 1094 498 59 Las municiones no abundan,

887 1134 403 54 y la marina de guerra,

884 1172 497 48 compuesta de algún crucero

886 1214 415 41 y de lanchas cañoneras,

884 1245 457 51 no puede, de carbón falta,

883 1290 452 40 intentar grandes proezas,

881 1322 470 42 aparte el que no son naves

883 1362 438 42 de combate y sí costeras.

917 1393 467 49 Para impedir desembarcos,

882 1431 480 48 las tropas forman pequeñas

881 1466 499 47 columnas, que por las costas

874 1501 402 52 vigilan, y sólo quedan

878 1535 507 56 en los puntos de importancia

882 1576 490 50 guarniciones. Los que dejan

878 1611 471 46 desamparados, bien pronto

879 1648 487 53 á los mambises se entregan,

878 1687 396 50 para evitar los excesos

877 1719 449 48 de las hordas insurrectas.

882 1758 429 50 Y así las semanas pasan,

874 1791 451 49 hasta que cunde la nueva

869 1829 523 49 de que ha entrado en la bahía

867 1867 454 58 de Santiago, con Cervera,

263 1973 1194 62 (*) Puede conocerlas el lector en la Historia de la rebelión filipina, que se vende en el mis-

235 2020 660 50 mo despacho que la presente, Arenal, 11, Madrid.
