1661 2370
788 213 169 83 — 14 —

252 323 415 27 atraerle, mandó fuerzas

254 341 395 48 á las lomas, ocupando

252 376 436 51 militarmente los pueblos

254 413 482 50 que pudieran darle amparo.

258 447 563 55 Y tras de encuentros muy rudos,

256 491 389 40 para Maceo contrarios,

254 518 428 53 llegó á verse el cabecilla

254 559 436 51 por los nuestros obligado

252 595 457 50 á abandonar las montañas

252 632 406 44 de sus maldades teatro.

287 666 463 52 Entonces fué cuando quiso

252 704 409 50 dar el golpe más osado,

255 741 470 51 y de acuerdo con los suyos,

251 772 390 50 Pinar del Río dejando,

251 815 449 50 salvó la trocha con suerte

252 849 443 50 seguido por unos cuantos

254 890 448 48 y unióse á varias partidas

251 924 432 51 prevenidas de antemano,

251 959 397 53 con el intento atrevido

251 996 433 52 de atacar y entrar á saco

250 1034 444 43 en los pueblos y ciudades

251 1070 460 49 á la Habana más cercanos.

287 1111 416 39 El golpe fuera de efecto

251 1141 402 50 si lo hubiese realizado,

250 1181 474 44 mas se interpuso de pronto

248 1219 494 45 alguien que le cortó el paso.

283 1250 486 53 Cuatro mil hombres llevaba

250 1286 409 49 Maceo, el feroz mulato,

248 1324 452 51 cuando supo que seguíale

250 1360 428 47 una columnita al mando

248 1395 465 55 de un valiente comandante

247 1429 352 49 Cirujeda apellidado.

248 1469 447 49 Como éste sólo quinientos

251 1506 429 46 llevaba entre voluntarios

251 1540 407 55 y guerrilleros, coparles

248 1578 410 53 pensó Maceo. Hizo alto;

248 1615 381 49 escogió las posiciones

247 1653 445 49 más convenientes al caso,

248 1689 479 54 y dispuesto á hacer el copo,

246 1730 407 42 esperó junto al cercado

247 1761 522 52 de un potrero, que se nombra

247 1794 557 49 de Claudio Hernández, en tanto

246 1836 399 49 los españoles llegaban

246 1873 396 44 en número tan escaso.

244 1901 589 62 Este hecho ocurrió en Diciembre,

250 1942 417 47 y Punta Brava el teatro

246 1976 520 52 fué de aquella acción gloriosa

247 2018 453 51 digna de prez y de lauros.

281 2055 469 60 Los rebeldes á los nuestros

883 297 361 53 esperaban confiados,

883 341 422 48 por ser ocho contra uno

887 371 472 55 y estar de Maceo al mando.

885 408 394 46 Pero el bravo Cirujeda

885 451 411 45 distribuyó sus soldados

883 480 517 53 de tal suerte, que muy pronto

885 520 504 51 triunfo completo alcanzaron,

885 556 490 52 poniendo al rebelde en fuga

886 597 377 46 duramente castigado.

885 629 459 53 Al pie del muro que cierra

886 664 465 48 el potrero, nuestros bravos

887 709 463 41 encontraron dos cadáveres

886 741 531 50 en los que Santana, el práctico

886 775 415 50 que llevaba la columna,

886 809 410 49 reconoció el del mulato

887 847 410 50 Maceo, y el de otro jefe,

887 880 459 53 Francisco Gómez llamado,

885 917 370 48 hijo del generalísimo

886 954 458 49 Máximo Gómez. Quedaron

886 998 493 44 á merced de nuestras tropas,

885 1030 509 50 pero éstas, en su entusiasmo,

885 1070 457 47 prosiguieron combatiendo

887 1103 478 51 hasta que no hubo quedado

886 1146 416 42 un insurrecto á la vista,

885 1174 521 59 ni en los cerros ni en el llano.

886 1219 584 51 . . . . . . . . . . . . . . . . . . . . . . . . . . . . . .

885 1252 429 46 Eco inmenso tal victoria

883 1285 451 54 alcanzó, pues los cubanos

882 1327 348 42 tenían su confianza

882 1357 394 47 toda en el jefe mulato.

882 1393 402 46 España entera asocióse

881 1427 455 55 al triunfo de sus soldados,

885 1468 387 50 aclamando á Cirujeda,

879 1501 446 57 jefe tan modesto y bravo.

885 1543 579 50 . . . . . . . . . . . . . . . . . . . . . . . . . . . . . .

881 1573 382 49 Así murió el cabecilla

881 1614 441 42 más feroz y sanguinario,

881 1647 503 51 que con sus atroces crímenes

879 1684 500 54 sembró el terror y el espanto

879 1720 442 49 entre las gentes pacíficas

878 1757 447 52 que entregadas al trabajo

878 1794 422 50 miraban la insurrección

878 1828 447 52 como un infame atentado

878 1870 462 54 contra el bien y la riqueza

870 1902 382 44 del territorio cubano.

878 1939 394 49 Antonio y José Maceo,

878 1973 464 49 Francisco Gómez, Arango,

877 2010 413 51 Socarras, Goulet, Martí,

879 2047 443 57 Legón, Tudela, Machado,
