1690 2371
836 213 118 59 — 2O —

270 281 401 66 y á batirse se disponen

270 338 389 40 con todas las energías

268 367 513 50 que les da su amor á España,

271 405 458 61 á España, que en ellos fía.

276 446 582 46 . . . . . . . . . . . . . . . . . . . . . . . . . . . . . . .

272 478 440 51 La insurrección no decae

272 515 365 56 en el resto de la isla.

308 662 478 44 Desembarcaron los yankees,

275 694 506 59 y su huella innoble, indigna,

273 732 425 47 profanó el suelo de Cuba

273 769 455 54 desangrada, empobrecida.

276 811 402 46 A tal infamia ayudaron

275 845 444 48 los héroes de la manigua,

273 881 429 50 los traidores á su Patria,

275 919 380 50 las gentes envilecidas

276 957 456 50 que vendieron á los cerdos

276 993 373 50 su libertad y su vida.

316 1030 426 51 Y los yankees avanzaron,

277 1061 397 56 y unidos á las partidas

275 1106 366 46 el asalto dispusieron

276 1140 382 50 con potente artillería,

276 1180 428 47 ansiosos de una victoria

279 1215 403 42 que descontada tenían.

277 1248 393 46 Pero no era cosa llana

280 1286 457 50 empresa tal, que á la vista

280 1321 389 48 estaban los españoles,

280 1358 404 51 gente de probada fibra.

312 1397 426 45 De la poderosa escuadra

283 1437 354 42 norteamericana fian

281 1466 473 52 que ha de ayudar al ataque

281 1502 472 51 que para pronto combinan;

287 1542 403 47 y viendo de los sitiados

283 1580 482 48 el triste aspecto, se animan,

285 1613 510 45 que es fácil vencer á sombras

287 1647 417 48 y llano trocar en ruinas

285 1680 376 56 la plaza cuya defensa

285 1724 415 46 á las sombras se confía.

285 1755 484 45 Pero muy pronto los hechos

285 1792 407 45 les darán cabal medida

285 1832 480 41 de lo que valen las sombras

285 1861 527 52 que ellos en tan poco estiman.

322 1900 495 52 Del yankee un parlamentario

285 1938 411 49 á Santiago se aproxima

287 1971 438 48 con pliegos para Linares,

287 2010 445 48 en que pide que se rindan

289 2048 444 52 para evitar las desgracias

894 306 473 39 consiguientes, el que firma

897 331 441 43 el General que las tropas

897 370 466 39 invasoras manda. Estiman

897 401 478 50 que la rendición se impone,

894 442 344 46 él y Calixto García,

899 480 459 49 porque saben que la lucha

898 511 384 47 día y noche sostenida

897 547 429 53 entre el leal y el rebelde,

898 588 358 46 no sólo las energías,

900 626 423 47 sino que las municiones

902 662 399 44 habrán agotado. Y fija

903 695 466 51 veinticuatro horas de plazo

903 733 455 50 para que España les rinda

903 775 410 44 su bandera y la ciudad,

904 807 406 45 su ejército y la marina.

939 844 409 46 De Linares la respuesta

903 879 444 48 es tan breve como digna:

906 922 517 42 no se rinde. Y ya no hay duda

904 957 469 45 que el ataque se aproxima.

940 990 439 47 El sitiador da las órdenes

906 1028 438 53 para que el siguiente día

908 1070 426 41 se bombardee á la plaza,

906 1099 456 52 á la vez que los que sitian

907 1138 476 52 han de avanzar, protegidos

907 1174 410 53 por la enorme artillería

907 1209 494 48 de la escuadra. Y tal sucede,

907 1247 543 55 pues tan pronto el plazo expira

908 1288 490 50 rómpese un fuego horroroso

910 1330 484 38 en la una y en la otra línea.

910 1358 438 47 Los bandidos insurrectos

914 1394 382 48 y sus aliados, las filas

908 1429 536 52 de asalto estrechan, y avanzan

908 1468 465 53 sobre Santiago, que miran

910 1506 483 52 suyo, porque ha de rendirse

910 1549 428 39 á su soberbia embestida.

912 1579 467 51 Pero, no es así. Ni el fuego

910 1616 416 46 de la escuadra significa

914 1659 437 45 gran cosa para el sitiado,

911 1692 411 42 ni la metralla mortífera

912 1724 534 56 que arrojan, como un infierno,

912 1759 397 49 del yankee las baterías.

914 1799 391 47 Los cañones españoles

915 1832 452 51 también metralla vomitan

914 1874 495 46 y barren de los que avanzan

915 1907 481 49 las columnas bien nutridas.

914 1942 430 52 Por una y por otra parte

916 1979 392 50 el esfuerzo se prodiga;

919 2015 435 53 los muertos y los heridos

919 2052 386 66 hacen espantosa cifra;
