1707 2379
733 218 186 63 — 19 —

211 286 480 58 la escuadra española... sólo

214 331 449 46 formada por las banderas

212 368 361 45 de cuatro cruceros y

210 407 460 60 dos destructores. Con ella

846 285 428 53 iban muchas esperanzas

848 329 570 51 que muy pronto ¡suerte adversa!

846 364 425 45 trocarónse en realidades

844 399 595 60 horribles, negras, ¡muy negras!...

580 563 491 84 PARTE SE XTA

647 722 345 71 CONCLUSIÓN

238 873 487 54 Muéstrase el yankee gozoso

204 921 524 45 al ver que nuestra escuadrilla

204 951 511 49 se ha metido en la angostura

203 988 432 46 de un callejón sin salida,

204 1025 487 49 y cerrando con su escuadra

203 1059 398 51 la entrada de la bahía,

202 1095 605 57 cuenta que ha de ser muy pronto

203 1135 397 45 prisionera ó destruída,

202 1169 423 48 Los insurrectos en tanto

200 1206 429 46 la plaza por tierra sitian

200 1248 391 47 para que los españoles

200 1279 416 54 ningún auxilio reciban.

204 1319 429 47 Y tropas de desembarco,

200 1357 433 49 por el yankee prevenidas,

200 1391 416 49 á Santiago son llevadas

199 1434 504 48 de cuanto es menester listas.

202 1467 592 48 . . . . . . . . . . . . . . . . . . . . . . . . . . . . . . . .

199 1500 434 51 En cambio, los españoles

199 1538 455 48 de la miseria son víctimas

200 1578 368 47 y puede considerarse

198 1616 426 49 rico el que tiene camisa.

198 1645 400 49 Harapo es el uniforme,

198 1686 459 49 destrozado en la manigua;

195 1723 409 49 harapo que viste ufano,

197 1756 449 52 porque al mundo testifica

199 1796 402 49 los trabajos que padece

195 1830 403 48 por defender la justicia

197 1868 456 51 de los derechos de España

197 1905 511 52 sobre la una y la otra Antilla.

195 1945 390 46 Amarillo y demacrado

195 1975 507 56 por los males de aquel clima,

193 2014 425 53 consumido por la fiebre,

191 2056 357 70 extenuado de fatiga,

839 888 466 42 sufre el hambre resignado,

842 914 383 53 y escucha con alegría

838 956 426 40 del clarín la aguda nota

838 996 457 38 cuando convoca á las filas

838 1028 400 49 para entrar en la pelea

839 1065 378 42 que su corazón ansía.

834 1095 465 56 Es un mártir por la Patria,

836 1136 441 48 Patria sagrada y bendita,

835 1172 456 51 noble, generosa, honrada,

834 1210 416 50 que representa la dicha;

834 1245 556 48 donde está el hogar, los padres,

834 1289 375 49 el amor, toda la vida.

838 1320 575 49 . . . . . . . . . . . . . . . . . . . . . . . . . . . . . . .

834 1357 361 42 Los víveres escasean

834 1393 435 50 en Santiago; las partidas

833 1436 460 38 de rebeldes, á los nuestros

830 1467 423 48 estrechan más cada día,

833 1500 444 51 hasta que completamente

833 1541 415 45 á la plaza incomunican.

831 1574 591 52 Por mar no hay que esperar nada,

833 1613 491 53 porque la escuadra enemiga

833 1649 476 45 mantiene estrecho bloqueo.

831 1682 440 52 La situación se complica.

864 1722 471 46 Los insurrectos que manda

829 1764 362 42 el vil Calixto García

829 1796 367 49 á recibir se disponen

829 1833 361 46 en una playa vecina

829 1870 437 49 las tropas de desembarco

827 1907 447 43 que Norte-América envía.

827 1942 446 47 Cercados por todas partes

827 1975 508 55 los de Santiago, aun abrigan

827 2014 521 59 la esperanza de que el triunfo

827 2051 388 63 en la lucha les sonría,
