1679 2385
826 205 98 67 — 22 —

269 278 388 57 y la bandera española,

263 327 363 42 de nuestra soberanía

263 359 419 50 símbolo, fué ya plegada

263 394 438 44 tras cuatro siglos. Cedida

263 426 500 54 Puerto Rico quedó al yankee;

262 466 476 44 Cuba, en otros tiempos rica

262 503 440 46 colonia, arrasada y pobre

262 536 485 54 por la horda de la manigua,

262 577 454 44 pasó en depósito, en tanto

262 613 351 44 quedaba reconocida

263 647 456 51 su independencia, á poder

262 682 412 48 de Norte-América. ¡Días

261 719 469 52 llegarán en que se acuerde

259 759 544 42 de España! Y cuando tranquila

263 795 495 50 y próspera vuelva á hallarse,

259 828 453 47 por la anexión será unida

258 865 427 47 á esa nación de villanos,

258 902 511 53 que hoy parece que la miman

261 938 394 47 para quedarse con ella

259 972 412 60 de manera tan indigna.

266 1013 567 60 . . . . . . . . . . . . . . . . . . . . . . . . . . . . . .

927 278 484 51 No vencieron los mambises

890 319 447 49 á España; que fué precisa

891 360 537 50 la intervención de otras gentes

891 400 346 42 para verla desunida

891 430 401 50 de la Patria que sacólá

891 469 428 50 de la nada en que yacía,

893 506 410 50 y que la dió su cultura,

890 540 476 48 su idioma, su arte, su vida.

924 579 533 51 Despierte el pueblo y aprenda,

891 621 497 45 que del mundo en la política

891 649 416 50 el rico domina al pobre,

890 683 441 52 el fuerte al débil domina,

891 722 405 54 y pobre y débil España

890 760 452 54 será, y por todos vencida,

890 796 400 52 si no rompe del pasado

889 838 383 47 con la funesta rutina,

895 875 459 44 y se ilustra y se enriquece,

890 908 372 44 trabaja y se dignifica

889 939 482 57 rindiendo culto al progreso,

891 979 398 62 al saber y á la justicia.
