1614 2337
429 212 663 119 HISTORIAS Y ROMANCES

183 345 1155 80 QUE SE HALLAN EN EL MISMO DESPACHO

567 484 388 66 HISTORIAS

655 577 105 44 Pliegos.

1281 560 87 55 Pliegos.

144 633 554 61 Oliveros de Castilla y Artus de Al-

171 671 567 51 garve.......................... 5

144 708 550 47 Excmo. Sr. General D. Arsenio Martí-

169 738 571 42 nez Campos..................... 5

146 763 590 56 El caudillo carlista D. Ramón Cabrera. 5

144 804 549 51 El General Espartero, Duque de la Vic-

173 840 567 41 toria y de Morella................ 5

141 871 552 44 Carlo Magno y los doce Pares de

175 903 563 42 Francia.............. ........... 4

138 927 594 52 Roberto el Diablo.................. 4

142 968 598 40 El Conde Partinoples............... 4

136 997 555 54 Clamades y Clarmonda ó el caballo de

169 1034 567 50 madera............. ............ 4

136 1059 600 58 Flores y Blanca Flor............... 4

136 1094 598 53 Pierres y Magalona ................ 4

136 1127 600 49 Aladino ó la Lámpara maravillosa... 4

136 1160 594 51 Bertoldo, Bertoldino y Cacaseno..... 4

140 1191 592 55 El Nuevo Robinsón................ 4

136 1228 556 53 Napoleón I, Emperador de los fran-

167 1264 569 47 ceses.......................... 4

135 1290 601 44 Don Martín Zurbano............... 4

137 1328 596 48 Doña Blanca de Navarra............ 4

138 1357 596 43 Orlando Furioso................... 4

135 1391 599 43 Simbad el Marino.................. 4

136 1424 597 49 El sitio y defensa de Zaragoza....... 4

133 1459 599 37 Anselmo Collet.................... 4

135 1489 597 40 Subterráneos de la Alhambra........ 4

135 1521 550 46 Romancero de la guerra de Africa de

163 1555 568 40 1859 á 1860..................... 4

133 1586 596 44 Gil Blas de Santillana.............. 4

133 1619 595 40 Guerra civil del año 1871 al 1876.... 4

130 1647 595 49 El pastelero de carne humana....... 4

132 1685 596 49 Los secuestradores de Lucena....... 4

129 1718 598 47 Candelas......................... 4

128 1750 597 48 Saballs........................... 4

128 1782 596 47 Carlos VII......................... 4

124 1809 595 52 Pedro Ramón Ciarám............... 4

124 1846 599 43 Los ladrones de mar............... 4

130 1875 593 49 El anillo de Záfira................. 4

124 1908 599 57 La oreja del Diablo................ 4

124 1939 595 49 La muerta fingida................. 4

126 1976 593 55 La hija del Rey de Hungría......... 4

124 2003 597 73 El Pirata Negro.................... 4

777 636 591 53 El Caballero del Aguila Roja........ 4

777 673 599 55 Desdichas del Corregidor de Almagro. 4

781 704 604 61 El Caballero sin cabeza............. 4

775 740 599 42 Los Juanillones.................... 4

777 769 603 58 Melchor de la Cruz (a) el Diablo..... 4

775 802 601 51 Juan Pulgón...................... 4

773 837 605 54 Don Diego León................... 3

775 866 610 49 El Conde de Montemolín........... 3

773 897 612 49 Don Tomás Zumalacárregui......... 3

773 934 605 43 Don Pedro el Cruel, Rey de Castilla.. 3

773 964 609 48 Bernardo del Carpio............... 3

773 995 601 58 Cristóbal Colón.................... 3

775 1032 605 46 Hernán Cortés..................... 3

773 1063 607 50 Los siete Infantes de Lara........... 3

773 1098 597 49 Don Pedro de Portugal............. 3

773 1129 595 49 La doncella Teodora............... 3

775 1162 595 47 La heroica Judith.................. 3

773 1195 591 45 Noches lúgubres, de Cadalso........ 3

773 1226 599 55 Matilde y Malek-Adhel............. 3

769 1261 597 43 Abelardo y Eloísa.................. 3

771 1293 595 44 Ricardo é Isabela.................. 3

771 1324 593 54 El Marqués de Villena ó la redoma en- 3

799 1359 573 41 cantada........................ 3

769 1388 599 51 Elisa ó la rosa blanca encantada..... 3

768 1425 600 45 El Conde de las Maravillas.......... 3

771 1454 593 47 Santa Genoveva................... 3

769 1486 546 46 El Nuevo Navegador ó la Pasión de

797 1522 571 41 Nuestro Señor Jesucristo......... 3

764 1550 598 52 El Gran Capitán Gonzalo de Córdoba. 3

766 1583 588 49 El Bastardo de Castilla............. 3

767 1621 544 48 Tablante de Ricamonte y Jofre Do-

791 1649 563 51 nasón.......................... 3

762 1678 596 49 La Hermosa de los cabellos de oro... 3

762 1713 590 45 La guirnalda milagrosa............ 3

760 1746 592 47 Los siete sabios de Roma........... 3

758 1781 596 45 Guerra de la Independencia española. 3

758 1811 594 46 Los Niños de Écija................. 3

756 1846 604 45 Doña Juana la Loca................ 3

756 1871 592 49 El Toro Blanco encantado........... 3

756 1908 592 47 El Príncipe Selim de Balsora........ 3

756 1939 596 55 Las dos doncellas disfrazadas....... 3

748 1970 620 57 El santo rey David............... 3

758 1996 588 66 Julio y Zoraida.................... 3
