1695 2391
806 180 137 64 — 24 —

789 231 98 61 Pliegos.

1429 229 92 43 Pliegos.

283 316 598 52 Mágico Rojo...................... 3

284 349 595 50 Urraca ladrona.. .................. 3

281 384 604 52 Diego Corrientes.................. 3

285 416 604 48 Aurelia y Florinda................. 3

286 450 597 53 El General Prim................... 3

288 483 596 50 Ana Bolena............... 3

288 516 598 48 Cornelia ó la víctima de la Inquisición. 3

289 544 597 59 La diosa de los mares.............. 3

293 581 586 55 Viajes aéreos...................... 3

287 609 592 58 Jaime el Barbudo.................. 3

288 642 596 51 Rosa Samaniego................... 3

288 681 599 42 Pincha-uvas....................... 3

289 715 551 47 Rebelión y despojo de las Islas Fili-

320 741 568 53 pinas........................... 3

289 774 598 46 Guerra de Cuba................... 3

290 807 600 53 Guerra con los Estados Unidos...... 3

919 312 599 47 El Casto José...................... 2

919 336 598 54 El Viejo Tobías y el Joven su hijo... 2

919 370 598 54 El valeroso Sansón................ 2

921 408 610 46 La creación del mundo............. 2

921 436 592 54 El juicio universal................. 2

921 468 604 52 San Alejo......................... 2

923 504 602 53 San Amaro........................ 2

921 537 604 50 San Albano...................... 2

921 569 610 54 Nuestra Señora de Monserrat........ 2

923 603 606 46 El Marqués de Mantua............. 2

923 633 606 56 Francisco Esteban el Guapo......... 2

925 663 602 56 El cortador de cabezas............. 3

925 701 604 48 Los amores de una chula........... 1

927 730 601 53 El destripador de mujeres en Madrid. 1/2

927 767 551 52 Memorias del verdugo de la Inquisi-

955 803 576 53 ción de Madrid.................. 1/2

705 854 412 58 ROMANCES

803 898 88 56 Pliegos.

1441 876 93 69 Pliegos.

293 965 603 53 Rosaura la del guante........ 1

293 1001 599 53 Doña Josefa Ramírez............... 1

300 1034 588 45 La peregrina Doctora............... 1

293 1063 594 54 Doña Juana de Acebedo............ 1

301 1101 589 49 Griselda y Gualtero................ 1

293 1127 598 48 Doña Teresa de la Cueva........... 1

297 1157 604 56 Las princesas encantadas........... 1

302 1194 589 47 Lisardo el estudiante............... 1

305 1227 586 46 Don Claudio y Doña Margarita...... 1

297 1257 596 54 La renegada de Valladolid.......... 1

297 1291 600 49 Doña Francisca la cautiva........... 1

301 1323 551 55 Don Jacinto del Castillo y Doña Leo-

329 1354 570 50 nor de la Rosa.................. 1

301 1388 594 50 Los bandidos de Toledo........... 1

303 1420 598 52 El hijo del verdugo de Córdoba..... 1

305 1451 598 51 Don Juan de la Tierra.............. 1

313 1486 586 49 Don Juan de Austria ............... 1

307 1518 590 50 El Conde Alarcos.................. 1

309 1552 596 47 vida de Santa Genoveva............ 1

309 1582 592 53 Vida de Santa Rosalía de Palermo... 1

309 1613 594 58 Vida de San Alejo................. 1

309 1645 598 54 El contador espiritual.............. 1

309 1681 596 48 El despertador espiritual ........... 1

315 1711 598 56 Sermón burlesco del Dr. D. Tomates. 1

312 1754 548 37 Sermón burlesco pronunciado en la

348 1775 565 58 boda de dos gibados............. 1

314 1817 597 43 Rosaura la de Trujillo.............. 1/2

314 1850 549 44 Nombres, costumbres y propiedades

344 1882 569 41 de las mujeres.................. 1/2

314 1911 550 46 Los motivos que tienen los hombres

348 1942 565 51 para no casarse.................. 1/2

317 1976 596 47 El mozo soltero.................... 1/2

317 2015 596 49 La dama de los quince novios...... 1/2

928 953 604 51 Disputa entre suegra y nuera....... 1/2

931 989 599 53 Matraca del estudiante.............. 1/2

932 1021 604 52 Los nombres y faltas de los hombres. 1/2

933 1054 599 55 Los once amores de un estudiante... 1/2

931 1090 603 44 Juan Lanas....................... 1/2

933 1119 601 53 Marcos de Cabra................... 1/2

933 1154 587 50 El barbero que afeitó al borrico..... 1/2

939 1190 581 46 Estragos del ratón de Canarias...... 1/2

935 1218 584 55 Batalla del león y el grillo.......... 1/2

935 1256 603 51 La isla de Jauja.................... 1/2

935 1285 601 49 Pronóstico verdadero.............. 1/2

937 1316 601 52 Virtudes del día y de la noche....... 1/2

937 1349 599 51 Virtudes del agua.................. 1/2

935 1376 600 56 El trigo y el dinero................ 1/2

939 1413 603 56 Receta para las mujeres mal casadas. 1/2

940 1447 600 44 La dama Casimira................ 1/2

937 1481 553 51 Carácter de los babitantes de las pro-

972 1515 568 49 vincias de España................ 1/2

940 1547 599 48 Calendario para las mujeres........ 1/2

944 1578 582 50 La baraja del soldado.............. 1/2

943 1608 597 49 El Maltés en Madrid............... 1/2

944 1645 596 49 El niño sabio..................... 1/2

943 1676 597 49 El cautivo de Gerona............... 1/2

943 1706 585 52 Don Rodulfo de Pedrajas........... 1/2

945 1740 598 45 Amores de Pedro Cadenas .......... 1/2

944 1777 587 38 Francisquillo el sastre............. 1/2

947 1807 598 50 El rigor de las desdichas........... 1/2

947 1843 591 44 Los treinta reales.................. 1/2

949 1871 569 55 El que metió la cabeza............. 1/2

952 1903 590 50 El ganso en la botillería............ 1/2

947 1935 599 50 La calabaza y el vino.............. 1/2

947 1967 600 52 El borracho (monólogo)............ 1/2

945 1999 603 61 Pedro Chinchón y Paco Gil......... 1/2

608 2065 648 51 MADRID.—Imprenta de Hernando y C.ª, Quintana, 33.
