1747 2397
760 165 174 93 — 17—

235 265 474 40 colma de insultos groseros

238 292 534 51 á España, insultos que quedan

238 336 492 40 en pie, pues no es permitido

239 364 509 50 que conteste nuestra Prensa.

241 404 410 48 De la Unión americana

241 442 450 50 la intolerable ingerencia

242 476 493 46 en nuestros asuntos íntimos

243 512 473 48 la ira de todos despierta,

245 551 427 49 pues que tamaña osadía

247 585 485 47 y tan sin par desvergüenza

243 624 439 45 las exageran los yankees

243 659 541 52 con quien sostiene dos guerras

254 699 418 50 y está de recursos falta,

246 740 445 44 pero que no aconteciera

247 771 475 49 si España en paz estuviese

249 805 477 53 y no desangrada y muerta.

282 845 410 48 Los bravos americanos,

249 880 414 45 ó cerdos, ó lo que sean,

250 918 489 50 no pueden negar su origen,

253 957 441 41 y como son se presentan.

250 989 526 45 Descendientes de un conjunto

251 1028 401 46 de ladrones y rameras,

253 1062 525 49 tienen que obrar como obran:

253 1098 429 45 con cobardía y vileza.

253 1135 490 46 En circunstancias normales

253 1171 418 50 otra su conducta fuera,

253 1207 469 50 pero en el estado nuestro

255 1250 544 44 no hay que extrañar su ftereza.

257 1279 445 52 Hay un refrán castellano

255 1321 473 42 muy conocido en América,

258 1358 484 46 que dice así: á moro muerto,

258 1390 445 50 gran lanzada, y este lema

258 1427 465 51 es el que con letras de oro

258 1466 394 44 escrito llevar debieran

259 1504 463 48 en su bandera los yankees,

261 1538 455 50 porque les cuadra la letra.

259 1576 453 49 Como sabían que Europa

261 1615 423 40 no impediría sus tretas,

263 1649 465 46 y como España se hallaba

261 1687 423 41 del todo falta de fuerzas

263 1720 461 51 por las guerras sostenidas

262 1761 502 44 con sus colonias, la empresa

265 1792 455 48 no les pareció arriesgada,

265 1828 478 52 y obraron en consecuencia.

299 1968 473 57 Cierta noche voló el Maine

265 2025 502 59 por causas que no se acierta

875 265 530 39 nadie á explicarse. El siniestro

878 291 477 55 á España imputable no era,

878 327 509 53 porque acciones tan infames,

878 363 525 51 en España, ni aun se piensan.

879 402 432 48 Una información abrióse

878 435 431 53 en que quedó manifiesta

879 478 594 54 nuestra buena fe... y no obstante,

879 515 388 44 aquella gente grosera

883 545 449 52 y desleal, lanzó al mundo

882 581 477 56 la calumnia infame y necia

883 625 454 42 de ser del sinistro autores

883 657 433 55 los españoles. La guerra

883 696 372 49 tenía ya fundamento

883 727 480 53 para los del Norte-América,

888 772 460 48 y á la guerra nos llevaron

886 805 485 51 sin pretenderlo: á la fuerza.

920 841 439 48 El error único que hubo,

887 881 482 48 no fué del pueblo que diera

888 916 413 50 sus tesoros y su sangre

890 957 443 44 por su Patria. La torpeza

888 989 493 51 fué de los hombres políticos,

891 1024 425 49 insaciables sanguijuelas

890 1064 469 42 que desangraron á España

891 1099 413 44 sin preocuparse de ella.

892 1134 361 45 Ni teníamos marina,

891 1169 474 50 ni en las costas y fronteras

892 1209 380 49 había las proyectadas

896 1243 384 52 y necesarias defensas.

894 1285 390 44 Cuba no tenía víveres;

895 1317 382 49 su artillería era vieja;

895 1352 429 46 faltaban las municiones,

896 1388 421 46 todo se volvía deudas...

895 1426 514 53 ¿Quién ó quienes se comieron

896 1467 435 41 aquella fortuna inmensa

896 1502 411 44 que se dió para Marina

899 1535 526 56 y que se consumió en Guerra?

899 1575 590 49 . . . . . . . . . . . . . . . . . . . . . . . . . . . . . .

931 1615 453 45 Por sus espías los yankees

900 1645 400 51 sabían á ciencia cierta

899 1687 464 42 que estábamos indefensos,

900 1720 440 49 arruinados y sin fuerzas,

902 1757 370 51 y con alarde ridículo

900 1795 420 44 ostentaron sus riquezas,

903 1832 504 46 y sus escuadras y ejércitos...

902 1869 475 47 al par que nuestra miseria.

900 1902 471 50 En breve espacio perdimos

900 1937 467 48 la escuadra que sostuviera

902 1978 511 47 nuestro derecho en los mares

900 2010 356 59 de Oceanía. Sin ella

1236 2065 24 36 3
