1691 2371
717 207 192 73 — 21 —

199 289 390 54 se lucha á la bayoneta

197 335 373 41 con infernal gritería;

199 364 429 53 el suelo, tinto de sangre,

197 404 388 46 estremécese y trepida

200 445 424 42 al retumbar los disparos

199 472 512 48 de cañón; ya no hay camillas

199 513 437 44 para transportar heridos;

205 547 509 51 y aun al combatiente animan

200 583 435 49 del limpio clarín los ecos

200 624 416 46 que á la pelea concitan.

234 658 450 50 A sus hermanos en tierra

200 699 350 43 se une la marinería

200 727 426 55 de la escuadra fondeada

201 766 430 50 en Santiago, que realiza

201 803 488 53 bravos hechos, destrozando

202 840 421 46 del invasor las nutridas

202 875 467 51 filas de ataque, dejándolas

202 918 399 46 diezmadas y fugitivas.

206 947 533 56 Y en tanto, la escuadra yankee

204 987 402 50 á la costa se aproxima

205 1022 405 54 y cañonea á los fuertes

205 1066 407 39 que defienden la bahía.

205 1097 415 50 Pero Socapa y el Morro

202 1132 446 53 sùs proyectiles la envían,

205 1168 396 55 obligándola á alejarse

205 1205 448 50 mar adentro. Y así el día

208 1243 553 49 transcurre, y llega el momento

206 1280 554 51 de hacer alto. En nuestra línea

208 1323 486 44 todo el mundo se halla listo

208 1358 408 48 para seguir su energía

206 1389 557 54 demostrando; entre los yankees

206 1429 422 50 el desencanto principia,

210 1460 397 53 y la lección les enseña

208 1498 412 52 lo que ya saber debían:

209 1534 427 49 que la bandera española

209 1571 399 55 héroes tan sólo cobija.

213 1607 598 48 . . . . . . . . . . . . . . . . . . . . . . . . . . . . . . . .

247 1643 394 52 Linares ha sido herido

213 1679 510 58 y el mando en Toral resigna;

212 1718 387 45 el bravo Vara del Rey

213 1754 439 51 dió por su Patria la vida;

212 1791 466 53 Bustamante con su sangre

212 1826 418 44 relieve da á la marina...

213 1861 434 51 La jornada ha sido ruda;

212 1898 461 52 nuestra victoria, legítima;

213 1941 438 45 la bandera roja y gualda

213 1971 543 50 sigue enhiesta... no se humilla.

246 2007 440 49 El sitiador más refuerzos

212 2041 390 59 demanda: los necesita

836 292 479 47 si ha de conquistar la plaza

835 327 471 47 por la fuerza. Hace justicia

835 362 593 50 al sitiado, aunque esté hambriento

839 403 451 50 y de todo mal sea víctima

840 442 584 38 . . . . . . . . . . . . . . . . . . . . . . . . . . . . . . . .

873 474 454 50 La escuadrilla de Cervera

839 505 372 54 va á salir de la bahía,

840 550 561 48 porque el Gobierno ha ordenado

839 584 389 50 con insistencia prolija

839 616 591 58 que se haga á la mar... aunque esto

842 661 369 45 sea perder la marina.

840 695 413 49 Cervera avisa el peligro

850 729 412 50 y su opinión no es oída.

844 761 518 55 Va al desastre como el mártir,

840 807 483 47 con la conciencia tranquila.

843 846 579 40 . . . . . . . . . . . . . . . . . . . . . . . . . . . . . . . .

876 875 432 47 En breves instantes deja

842 910 514 51 de existir nuestra escuadrilla.

844 948 525 51 Son seis contra treinta buques

842 990 395 46 que la acosan á porfía,

843 1020 476 52 incendiándola con bombas,

842 1056 452 47 convirtiéndola en astillas.

842 1091 533 54 Quien no muere en el combate

843 1130 434 50 ó cae cubierto de heridas

844 1164 487 51 se arroja á la mar buscando

844 1202 422 46 su salvación en la orilla.

846 1240 441 45 Pero allí el mambís aleve

844 1277 393 46 á los náufragos fusila,

846 1309 421 51 asesinando á indefensos

846 1344 479 60 mártires. ¡Gente maldita!...

848 1387 574 43 . . . . . . . . . . . . . . . . . . . . . . . . . . . . . . .

880 1416 499 51 Tras de tan brutal catástrofe

844 1458 492 54 aun en Santiago se obstinan

846 1489 420 54 en luchar y no rendirse.

847 1525 351 54 Pero la fatal noticia

844 1553 470 59 del desastre lleva el pánico

840 1596 446 51 al Gobierno, y determina

847 1638 407 50 éste terminar la guerra

846 1670 423 55 dando cuanto se le pida.

848 1707 396 54 Así perdimos sin lucha

847 1741 492 53 nuestro dominio en las islas,

847 1779 432 55 NO VENCIDOS, sí vendidos

848 1815 384 55 por la funesta política

847 1853 385 47 inmoral, reaccionaria,

848 1883 476 57 de dos inmundas cuadrillas

847 1928 469 47 de ladrones sin vergüenza.

881 1961 430 50 Santiago rindióse; el día

847 2000 391 53 llegó de la evacuación

846 2032 431 65 en una y en otra Antilla,
