1744 2429
868 188 150 89 — 8 —

317 288 534 43 más que cuando es indudable

317 321 530 47 su triunfo, no es cosa extraña

317 353 447 54 el que la guerra perdure

318 392 468 49 en la manigua amparada.

322 426 456 53 Y la verdad es que gentes

318 461 539 54 que hacen traición á su patria,

319 500 494 46 ni pueden tener más glorias

322 541 545 47 que las del traidor, ni alcanzan

319 572 480 48 protección sino de pueblos

318 607 432 55 de bandidos y canallas.

329 645 594 45 . . . . . . . . . . . . . . . . . . . . . . . . . . . . . . . .

322 685 601 49 No hay sacrificio que por su honra

321 716 476 54 el pueblo español no haga;

326 754 582 57 y si en dar su sangre es pródigo,

322 796 429 47 tampoco nadie le iguala

321 833 444 46 en dar todas las riquezas

321 866 437 48 que posee. Nuestra raza

321 902 418 50 es caballeresca y noble,

321 943 425 42 aunque sea desgraciada

323 979 438 46 por la gentuza indecente

322 1009 381 54 que política se llama,

329 1044 580 55 y que no es más que un conjunto

323 1091 416 42 de pillos de mala casta,

323 1117 466 54 gandules, vagos é ineptos

325 1160 510 42 que nos deshonran y matan.

322 1190 518 50 Miles de hombres van á Cuba

325 1229 420 44 en defensa de la Patria;

323 1264 442 53 millones y más millones

323 1302 463 44 en la contienda se gasta...

323 1345 420 44 pero España no transije

323 1379 434 43 conque siga la campaña

325 1412 488 46 buscando pactos y arreglos,

323 1452 484 45 sino triunfos por las armas;

328 1484 403 53 y Weyler es designado

323 1519 493 55 para tal empresa, y marcha

325 1558 463 45 á Cuba, por voto unánime

325 1593 536 46 de cuantos creen sus palabras.

326 1630 489 52 ¡Palabras!... De tal caudillo

326 1667 452 54 no consigue más España.

326 1702 581 45 . . . . . . . . . . . . . . . . . . . . . . . . . . . . . . .

325 1738 579 47 Con doscientos miles de hombres

325 1774 503 49 cuenta Weyler, y es su fama

326 1817 420 41 tal, que todos en la Isla

325 1847 461 51 creen que será desterrada

326 1889 448 43 la política hasta entonces

325 1922 478 50 dominante. Porque es clara

325 1962 444 47 la razón de que la guera,

326 1994 420 49 sí ha de ser así llamada,

326 2028 528 69 tiene que hacerse en el campo

952 288 436 43 con machetes y metralla,

955 311 365 54 y no con habilidades

955 350 438 52 propias de la diplomacia.

954 383 503 59 Puesto que Martínez Campos

955 422 435 53 no logró lo que esperaba

955 458 458 57 con su sistema, era lógico

955 496 378 50 el confiar á las armas

952 538 462 40 el triunfo que no lograron

954 566 480 54 pretensiones más humanas.

959 603 500 60 Y guerra á la guerra se hizo

952 645 442 49 con tesón y con pujanza.

990 682 442 50 En Oriente el Chino viejo,

955 715 479 51 que así es como se le llama

954 757 426 47 á Máximo Gómez, sigue

957 785 508 55 de Weyler las mismas trazas,

957 825 453 52 en tanto que en Occidente

959 863 424 49 Maceo con sus negradas

957 897 475 55 lleva todo á sangre y fuego

959 937 461 52 por dondequiera que pasa.

961 972 464 46 Los estragos son horribles:

959 1009 482 48 siembras, bohíos, estancias,

957 1051 457 48 puentes, poblados, aldeas,

959 1087 470 42 pasto es todo de las llamas.

959 1124 477 39 Corre la sangre á torrentes,

963 1151 567 56 y no hay traición ni hay infamia

958 1194 425 44 que no cometa el mambí

958 1226 462 46 en su odio feroz á España.

961 1254 554 72 ¿Qué importa á Máximo Gómez,

962 1300 398 50 bandido de mala casta,

962 1337 425 50 la destrucción de la Isla,

961 1372 434 53 si no es la Isla su patria?

961 1408 387 53 De los Estados Unidos

962 1450 416 43 vil mercenario, se sacia

961 1484 473 53 robando cuanto le es dable,

958 1522 478 50 cometiendo mil venganzas,

959 1555 448 54 asesinando á inocentes;...

959 1595 439 52 hiena cruel sin entrañas,

961 1631 315 49 á su cobardía une

957 1654 456 59 las acciones más villanas.

957 1704 477 54 ¿Calixto García?... el colmo

959 1744 440 45 es de la miseria humana.

963 1773 535 62 Traidor, como no hay ejemplo,

961 1815 419 43 hizo traición á su causa

958 1846 537 63 en la otra guerra, vendiéndose

961 1887 430 50 como otros de su calaña.

963 1924 444 54 Trasladóse á la Península

959 1964 444 43 para completar la ganga,

962 1995 448 52 y á costa del Presupuesto

963 2039 380 52 vivió esta vil alimaña
