1676 2363
722 152 186 72 — 1O —

206 227 467 59 contra gentes tan villanas;

210 273 500 52 que si la injusticia es grande

211 308 402 46 de los de fuera de casa,

210 343 424 48 la torpeza de los propios

211 379 462 54 con la injusticia se iguala,

214 418 501 54 pues tanto ésta como aquélla

212 454 467 51 hieren al honor de España.

215 490 437 48 ¡Jamás miserable alguno

218 527 520 46 tanto ofendió á nuestra Patria

219 565 469 45 sin que ésta no le mostrase

216 599 507 50 lo que hace la gente honrada

216 643 518 44 cuando á agraviarla seatreve,

218 672 541 65 grande ó chico, algún canalla!

257 812 399 51 El empuje demostrado

224 855 533 53 en la guerra, en breve cambia,

228 891 406 47 y es que llega la osadía

225 925 498 49 del yankee hasta tal audacia.

225 966 448 44 Pretextando que la lucha

225 1004 427 48 es por demás inhumana,

225 1035 418 49 en favor de los rebeldes

227 1073 554 48 que él mismo alienta y ampara,

228 1111 464 45 consigue que la contienda

229 1148 438 47 no sea tan extremada.—

231 1181 420 53 ¡Abdicación vergonzosa

231 1215 571 58 de los hombres que nos mandan!—

235 1257 446 45 Y es tanto el atrevimiento

232 1298 398 44 de la gente americana,

231 1327 559 55 que hasta á investigar se meten

231 1366 446 49 en los fallos de las causas

233 1403 414 44 dados por los tribunales

233 1442 473 49 españoles. No hay palabras

235 1474 423 47 para condenar conducta

237 1520 423 40 tan execrable y tan baja

237 1549 426 48 como la de los que tanto

237 1583 486 48 se humillaron. Nuestra raza

237 1618 440 49 podrá haber sido vencida

237 1656 428 46 en los campos de batalla

239 1692 380 51 pero jamás ha cedido

240 1727 478 46 á exigencias tan bastardas.

240 1763 506 49 ¡Baldón eterno á los hombres

241 1802 468 60 que á tal punto se rebajan!

245 1848 462 39 . . . . . . . . . . . . . . . . . . . . . . . . .

241 1872 453 56 La lista de los encuentros

242 1919 343 37 sostenidos ocupara

244 1944 565 59 muchos pliegos, porque á diario

244 1986 471 64 se registran en las páginas

835 227 499 56 de la historia de esta guerra

839 271 506 55 tan sangrienta y desdichada.

843 308 382 50 Baste recordar Jovito,

847 345 444 51 Valenzuela, Ojo de Agua,

843 380 402 47 Palmarito, La Breñosa,

844 416 410 52 El Potrero de las Varas,

845 456 518 46 Paso Real, Mal Tiempo, Varo,

845 489 506 54 Lomas de Abreu, Candelaria,

848 529 439 49 Siguanea, Ingenio Luisa,

852 563 423 51 Venta-Casanova, Palma,

847 597 486 59 Güanes, Remedios, El Caño,

849 641 406 48 Cacarajícara, Cárdenas,

851 674 353 45 Saratoga, Colmenar,

851 708 455 53 Lomas del Gato, Cayamas,

851 745 450 55 Arroyos, Cascorro, Banes,

852 782 422 50 Picajones, Punta Brava,

852 820 449 52 Manajas, Guamo, Güines,

851 855 429 50 Somorrostro, Cabezadas,

855 899 391 47 y tantos y tantos otros

852 929 462 49 en que los hijos de España

853 968 473 46 demostraron su ardimiento

852 1001 422 57 en defensa de su Patria.

861 1046 443 38 . . . . . . . . . . . . . . . . . . . . . . . .

856 1073 449 46 Heroicidades sin número,

856 1115 519 48 pruebas de valor que pasman,

859 1148 390 47 se ofrecen á cada paso

859 1192 391 35 en esta ruda campaña.

853 1216 380 57 Eloy Gonzalo García,

859 1255 454 52 hijo de Madrid, se hallaba

860 1298 411 44 en el poblado Cascorro,

860 1329 478 50 punto de gran importancia

862 1365 423 54 estratégica. Tres fuertes

864 1400 318 46 el caserío contaba

865 1436 413 52 para su defensa, siendo

865 1474 390 51 de la fuerza destacada

864 1508 398 55 jefe, Neila, un capitán,

866 1547 454 51 persona enérgica y brava.

869 1587 451 52 Máximo Gómez propúsose

869 1622 389 45 tomar á Cascorro para

869 1658 424 45 dominar en la provincia

870 1690 431 53 Puerto Príncipe llamada,

870 1727 426 53 y con cinco mil rebeldes

870 1765 442 51 puso sitio. Estos llevaban

872 1801 409 50 varios cañones consigo,

870 1828 513 62 que emplazaron sin tardanza,

873 1873 411 50 y luego Máximo Gómez

873 1910 437 52 intimó— por descontada

869 1944 420 52 teniendo la rendición,—

872 1986 483 57 que le entregasen las armas
