1915 2592
322 233 556 73 Sabiendo estas facultades,

324 290 546 67 à rienda suelta se andaba

322 336 610 70 riñendo algunas pendencias

322 390 552 66 en defensa de las Damas.

322 439 578 66 Cumplidos los veinte años

324 485 526 70 edad florida, y gallarda

324 540 474 56 de sus juveniles años,

324 586 576 66 y madurez de su infancia,

327 636 579 73 en el golfo de sus gustos,

321 688 412 59 eterno consideraba

321 735 557 67 à su padre, mas frustróse

321 786 530 67 toda su vana esperanza,

321 835 592 60 se transformaron sus gozos

321 881 592 66 en el anhelo, y la carga

321 931 608 68 de su madre, y los cuidados

322 983 539 68 de su padre le quedaban.

319 1029 499 69 Mas como la juventud

317 1082 497 65 en nada pone eficacia,

314 1130 534 65 arrestado dió la muerte

308 1175 604 67 à un mancebo de la patria.

318 1224 633 73 Ausentóse, y fué à la Corte,

318 1278 510 62 tomó de Soldado plaza

321 1324 507 64 en una Vandera, que

319 1375 528 67 para Napoles marchaba,

322 1425 496 68 y con capa de Soldado

321 1478 526 51 vivia muy à sus anchas.

317 1520 590 62 Salióse una obscura noche

318 1569 546 69 à buscar à cierta Marca,

319 1618 578 69 y al passar por una calle

317 1667 603 66 oyó que hablaba una Dama

321 1720 531 69 porque el eco de la voz

315 1772 509 56 femenina se mostraba.

317 1817 547 66 Paróse, è hizo el reparo

314 1853 673 80 que à un Cavallero le hablaba,

315 1915 605 76 diciendo: Pongase en fuga,

317 1975 602 59 mire, mire, que lo maten;

315 2020 605 62 à cuyo tiempo llegaron

312 2066 594 65 ocho hombres con espadas.

312 2112 601 73 Juan de la Tierra que vido

314 2162 520 72 aquella alevosa infamia,

314 2211 458 94 al lado del Cavallero

1060 233 513 80 se puso con arrogancia.

1059 292 488 69 Portóse con tal valor,

1059 339 625 68 que los quatro en la estacada

1059 394 521 66 fueron à dar residencias

1063 443 494 63 à las Celestes moradas,

1061 489 506 65 y los otros hacen fuga,

1064 538 571 68 que como viento bolaban.

1059 583 466 66 El Cavallero le dice:

1057 629 651 78 Quien eres? Cómo te llamas?

1060 681 692 82 Juan de la Tierra es mi nombre,

1040 732 553 68 Illescas mi amada Patria.

1059 783 556 72 Assi le hablaba Don Juan

1059 830 484 71 à la Magestad Cesarea

1054 876 621 74 del Rey Don Felipe Quarto,

1056 930 619 72 el que al proviso le manda,

1057 977 601 72 que tomasse unos doblones,

1061 1026 551 71 y tambien la Real alhaja,

1056 1078 601 72 de un Anillo de diamantes,

1059 1128 520 67 y que à Palacio se vaya

1057 1175 592 74 luego que amanezca el dia,

1060 1229 522 67 que será mayor la paga,

1063 1277 559 63 que él era el Mayordomo

1060 1320 604 78 del Rey, y mire le encarga,

1061 1375 500 59 que no se olvide de ir;

1059 1418 616 70 a Dios porque viene el Alva.

1056 1471 590 64 Don Juan colocó su Anillo

1057 1530 581 46 en una bolsa, y lo guarda

1057 1571 657 67 con cuydado dentro el pecho:

1060 1614 699 73 (ó lo que el discurso alcanza!)

1056 1664 595 71 En tanto que huvo dineros

1056 1717 566 64 tuvo muchos camaradas:

1054 1766 670 72 Llegó aquel proximo Invierno,

1056 1808 541 79 à Napoles fué la marcha,

1054 1861 467 61 llegaron à la Ciudad,

1059 1915 547 65 à donde el resto gastaba;

1060 1964 592 72 viendo no tenia un quarto,

1056 2018 513 59 y la hambre le apretaba

1056 2062 500 64 acordóse de su Anillo.

1053 2109 504 66 A un Platero se llegaba

1053 2161 504 65 à ver si comprar queria

1051 2208 485 90 aquella fina tumbaga.

1638 2249 81 80 El
