1860 2629
291.0 210.0 584.0 109.0 Que montado por la rabia

293.0 262.0 544.0 99.0 Los arrebata y los rasga.

339.0 315.0 507.0 92.0 El mozo del panadero

289.0 365.0 570.0 99.0 Al ver el fin de su canto,

285.0 409.0 515.0 101.0 No puede ya contenerse

285.0 473.0 526.0 90.0 Que le domina el coraje.

326.0 514.0 557.0 92.0 Saca del cinto el cuchillo

280.0 558.0 544.0 105.0 Que usa para el trabajo ,

287.0 620.0 531.0 89.0 Y al amo de los peones

274.0 668.0 533.0 92.0 Le aserta una cuchillada.

326.0 718.0 551.0 90.0 El amo cayose al pronto

267.0 760.0 502.0 107.0 Mas sin herida ni nada,

269.0 823.0 599.0 92.0 Que el cuchillo como consta

267.0 869.0 544.0 97.0 Es un cuchillo embotado.

315.0 926.0 476.0 83.0 Mas el pobre figurose

261.0 974.0 638.0 95.0 Que habia muerto al contrario,

267.0 1018.0 584.0 94.0 Y hecho á correr presuroso

258.0 1066.0 568.0 95.0 Lleno de susto y espanto.

307.0 1123.0 515.0 88.0 Los trabajadores mismos

252.0 1174.0 585.0 96.0 Creyeron muerto á su amo,

261.0 1220.0 484.0 81.0 Y le amenazan airados

247.0 1264.0 573.0 100.0 Cuchillos, piedras y palos.

302.0 1323.0 509.0 90.0 Tras él hechan á correr

243.0 1373.0 623.0 99.0 Quien una piedra le alcanza,

250.0 1424.0 557.0 89.0 Y quien le tiene tan cerca

241.0 1467.0 599.0 97.0 Que le arrima un garrotazo.

287.0 1520.0 570.0 105.0 Herido el pobre mancebo ,

232.0 1566.0 443.0 94.0 Corriendo desatinado,

234.0 1619.0 549.0 85.0 Llega por fin á una calle

232.0 1673.0 592.0 95.0 Que termina en la muralla.

285.0 1724.0 454.0 92.0 El centinela al mirar

234.0 1765.0 579.0 101.0 Un honbre lleno de sangre,

230.0 1818.0 588.0 118.0 Perseguido de otros hombres

1092.0 254.0 583.0 89.0 A todos manda hacer alto.

1140.0 315.0 507.0 79.0 Empieza por dar aviso

1090.0 350.0 480.0 96.0 A su respectivo cabo,

1087.0 407.0 571.0 96.0 El cual oyendo el negocio

1083.0 464.0 555.0 88.0 A todos les ha arrestado.

1131.0 519.0 483.0 81.0 Partieron todos juntos

1081.0 565.0 653.0 111.0 De alli hasta el cuerpo de guardia

1087.0 611.0 443.0 85.0 Y enterado el oficial

1074.0 657.0 579.0 87.0 A la autoridad los manda.

1125.0 707.0 561.0 86.0 Esta obrando cuerdamente

1074.0 751.0 588.0 109.0 Me los remite á la carcel,

1079.0 808.0 462.0 85.0 Y con toda actividad

1065.0 854.0 608.0 92.0 Forma principio à la causa.

1109.0 913.0 586.0 90.0 Pero viendo que la herida

1061.0 957.0 518.0 90.0 Fué cosa de cuasi nada ,

1070.0 1007.0 647.0 103.0 Y en atencion á que el mozo

1059.0 1055.0 550.0 95.0 Fué por otros provocado.

1103.0 1117.0 506.0 83.0 A todos libres ha puesto

1050.0 1158.0 553.0 97.0 Cargando costas y cargos,

1050.0 1215.0 570.0 86.0 A aquellos que provocaron

1052.0 1259.0 500.0 86.0 Tan desagradable lance.

1090.0 1307.0 592.0 101.0 Sirvaos esto de escarmiento

1039.0 1351.0 421.0 97.0 Jóvenes arrebatados,

1041.0 1415.0 625.0 85.0 Que no siempre los cuchillos

1037.0 1461.0 496.0 83.0 Encontrareis embotados.

1087.0 1513.0 452.0 81.0 Este lance aqui pasó

1035.0 1540.0 658.0 131.0 No hace aun muchas semanas,

1041.0 1610.0 492.0 90.0 Y el mancebo panadero

1039.0 1660.0 535.0 94.0 Vicente Calduch se llama.

1079.0 1719.0 447.0 75.0 Este lance aqui pasó

1026.0 1759.0 496.0 90.0 En la culta Barcelona,

1033.0 1811.0 487.0 86.0 Y el ya citado Calduch

1017.0 1860.0 535.0 120.0 Es natural de Ulldecona.

866.0 1976.0 158.0 92.0 FIN.

708.0 2105.0 430.0 120.0 BARCELONA.

210.0 2212.0 1443.0 171.0 Imprenta de F. Vallés, calle del Pino. (Propiedad.)
