1902 2640
226 1227 1292 137 ASTUTA Y VERDADERA DISCULPA

246 1293 1246 154 de un soldado que fué acusado á su Mayor de habérsele

277 1364 1178 140 hallado en la misa, teniendo en sus manos un juego

310 1421 1114 127 de naipes franceses, contemplándolos, en lugar de

332 1487 1070 116 rezar un libro devoto. Dicha baraja consta de

376 1537 993 117 diez cartas bajas, una sota, dama y rey cada

416 1597 893 145 palo, que suman cincuenta y dos naipes;

442 1656 834 123 con los cuales hizo ver que las co-

468 1731 773 106 sas son buenas y malas, segun el

537 1779 603 117 uso que se haga de ellas.

206 1865 494 99 Oyentes, voy á contar

204 1909 352 88 la salida graciosa

209 1973 442 84 que tuvo en Zaragoza

204 2017 379 79 un valiente militar.

202 2068 420 79 La traza que se valió,

206 2127 458 77 y el modo de responder,

202 2171 478 139 que al gefe supo vencer

891 1914 487 81 al momento que le habló,

893 1951 438 90 fué cosa de admirar;

895 2030 390 55 y nadie puede creer,

891 2072 434 68 que lo malo al parecer

889 2109 467 86 en bien se puede trocar.

942 2164 409 75 Así es de un soldado

893 2204 458 136 que junto á su batallon

1327 2296 97 113 mar-
