1566 2257
683.0 56.0 128.0 60.0 — 9—

122.0 117.0 1225.0 61.0 querer espirar; y habiéndole preguntado al soldan cuál era el de

124.0 169.0 1223.0 60.0 lito que habia cometido, nos dijo que sólo el haber dado una bo

120.0 214.0 1247.0 55.0 fetada á un peregrino español que pasaba en romería por aquella

121.0 257.0 1249.0 60.0 ciudad. El infante, condolido del moro, le suplicó encarecida-

122.0 304.0 1241.0 58.0 mente le perdonase; mas el soldan le contestó no lo podia hacer,

122.0 349.0 1250.0 57.0 en atencion á que si le indultaba, era dar pábulo ó motivo para

122.0 399.0 1248.0 53.0 que otros ultrajaran á los peregrinos, en términos que no habria

124.0 440.0 1241.0 59.0 quien pasase por su reino; y de consiguiente debia de permane-

122.0 484.0 1245.0 53.0 cer en aquel estado hasta morir de hambre, sin el menor socorro

125.0 525.0 1240.0 61.0 por parte de persona alguna, so pena de sufrir el mismo castigo

126.0 574.0 521.0 64.0 el que intentase libertarle.

189.0 609.0 1179.0 73.0 Siendo ya tiempo de seguir nuestro viaje, pedimos licencia

125.0 660.0 1243.0 69.0 al soldan para ello; y despues de habérnosla concedido, junta-

127.0 709.0 1241.0 62.0 mente con muchas joyas y piedras preciosas que regaló al in-

129.0 756.0 1242.0 52.0 fante, encargó á sus emires nos acompañaran hasta salir de sus

129.0 797.0 1243.0 58.0 dominios, á fin de evitar se nos impidiese el paso. Con ellos ca-

129.0 840.0 1253.0 59.0 minamos unas ochenta leguas,que era lo que nos restaba de

130.0 885.0 1252.0 60.0 aquella provincia: y despidiéndonos de su compañía, llegamos á-

131.0 930.0 1250.0 58.0 la ciudad de Perona. Visitamos al monarca, quien enterado de

134.0 976.0 1246.0 58.0 quiénes éramos y la direccion que llevábamos, nos preguntó con

136.0 1023.0 1243.0 56.0 toda severidad dijésemos si entre nosotros iba alguna persona

136.0 1067.0 1248.0 57.0 real ó señor poderoso, á lo que contestó García Ramirez que todos

136.0 1109.0 1248.0 57.0 éramos pobres peregrinos, y pasábamos á ver al Preste Juan. Nada

135.0 1157.0 1247.0 56.0 conforme con lo que se le dijo, mandó se nos pusiese en la cárcel

135.0 1199.0 1246.0 62.0 con separacion unos de otros : todos los dias se nos interrogaba

136.0 1246.0 1248.0 60.0 sobre lo mismo; pero viendo que estábamos siempre contestes á

139.0 1290.0 1242.0 59.0 una misma cosa, despues de cuarenta dias de prision; mandó se

139.0 1335.0 1247.0 59.0 nos pusiera en libertad, pero con la condicion de que cada uno

139.0 1380.0 1248.0 60.0 habíamos de pagar veinte escudos de oro y salir al momento de

138.0 1426.0 1244.0 52.0 su territorio.

161.0 1468.0 1228.0 57.0 Despues de haber satisfecho la cantidad impuesta, salimos

140.0 1514.0 1244.0 58.0 de aquella cciudadi para la de Sobranza, cuyo soberano, sospe-

140.0 1566.0 1249.0 54.0 chando mal de nosotros, ordenó nos retirásemos luego al punto

140.0 1606.0 1244.0 60.0 de su presencia, y que si despues del tercero diá permanecíamos

143.0 1651.0 1246.0 59.0 dentro de sus Estados, en el sitio donde nos hallaran sufriríamos

144.0 1694.0 1245.0 56.0 una muerte afrentosa; y que por el desacato de habernos inter-

145.0 1745.0 1245.0 53.0 nado en ellos sin el debido permiso; pagásemos cincuenta escu-

145.0 1785.0 1247.0 60.0 dos de oro por cada uno.

155.0 1829.0 1235.0 60.0 Notificada que nos fué esta sentencia; no pudimos ménos de

146.0 1877.0 1245.0 55.0 darla cumplimiento en todas sus partes, con tanta celeridad, que

146.0 1923.0 1244.0 51.0 en pocos dias atravesamos un desierto que tenia más de doscien-

150.0 1967.0 1241.0 58.0 tas leguas, sin encontrar poblacion ni casa alguna, hasta la ciu-

148.0 2013.0 1242.0 59.0 dad de Asian, cuyos habitantes nos recibieron con toda urbani-

148.0 2057.0 1000.0 72.0 dad y agrado, haciéndonos pagar un corto tributo.

185.0 2115.0 324.0 61.0 D. Pedro de Portugal.

1204.0 2117.0 26.0 55.0 2
