1574 2225
786.0 98.0 101.0 62.0 —14—

190.0 161.0 1234.0 71.0 donde los crian á la mano, de modo que los hacen tan domésticos

187.0 218.0 1237.0 60.0 como á unos mansos bueyes: con ellos labran sus tierras hacien-

189.0 265.0 1231.0 56.0 do en todo el mismo uso que en España se hace de los caballos,

187.0 309.0 1238.0 60.0 mulas y bueyes. En la falda de este monte Sinaí existe la piedra

187.0 354.0 1238.0 61.0 que hirió Moisés con la vara para que saliendo agua satisfacieran

189.0 400.0 1236.0 59.0 la sed que experimentaban los hijos de Israel, de la cual sale su-

187.0 446.0 1236.0 60.0 ficiente cantidad de agua para formar un corto arroyo que ferti-

186.0 490.0 1238.0 61.0 liza una porcion de terreno. A su inmediacion hay un gran pe-

186.0 535.0 1240.0 60.0 ñasco llamado Santa Catalina: tiene de altura ciento cincuenta

189.0 582.0 1237.0 59.0 varas; su planicie á la parte de arriba es de veinte y cuatro

190.0 626.0 1238.0 61.0 varas, donde hay una pequeña ermita que contiene el cuerpo de

187.0 671.0 1239.0 60.0 la santa, en la cual existen de contínuo dos religiosos Franciscos

189.0 718.0 1239.0 59.0 de ejemplar virtud. Pedimos licencia al padre guardian para

190.0 761.0 1238.0 61.0 ver el cuerpo de la santa; y habiéndola concedido, fuimos al pié

187.0 808.0 1241.0 59.0 del peñasco, donde habia dos fuertísimas maromas que forman

187.0 852.0 1239.0 61.0 una escala, por la que subimos con bastante trabajo y exposi-

186.0 898.0 1240.0 59.0 cion: visitamos aquella ermita con toda devocion, mostrándonos

187.0 949.0 1241.0 55.0 aquellos religiosos el cuerpo de la santa, que se conserva entero

192.0 987.0 1234.0 62.0 y natural como si estuviera viva, en una hermosísima urna cons-

189.0 1033.0 1237.0 60.0 truida con el mayor primor, de ébano y marfil, cuya guarnicion

190.0 1084.0 820.0 53.0 es de plata, así como la cerradura y llave.

257.0 1122.0 1169.0 60.0 Despues de habernos mostrado algunas preciosidades y reli-

186.0 1171.0 1242.0 58.0 quias que encerraba aquel pequeño santuario, nos despedimos de

186.0 1212.0 1242.0 61.0 los dos venerables religiosos, volviendo á bajar por la misma

185.0 1263.0 1243.0 55.0 escala que subimos, y nos dirigimos al convento, donde á pocos

184.0 1305.0 1244.0 58.0 dias nos despedimos de sus individuos para seguir nuestro ca-

184.0 1346.0 1242.0 68.0 mino, habiendo antes confesado todos y recibido el Divino

191.0 1393.0 226.0 65.0 Manjar.

652.0 1448.0 312.0 94.0 CAPITULO VI.

189.0 1527.0 1236.0 65.0 Como el infante D. Pedro y su comitiva pasaron á las ciudades

231.0 1578.0 1197.0 66.0 del gran Roboan, la de Meca, Sonterra, y en Judea á la de

234.0 1655.0 243.0 26.0 Canaea.

255.0 1672.0 1173.0 88.0 Despues de haber salido del convento y tomado el camino de

186.0 1741.0 1239.0 63.0 Roboan, entramos en dicha ciudad, cuyo bajá mandó á los mo-

186.0 1788.0 1243.0 57.0 ros fuesen con nosotros y nos presentasen presos en la de Meca

189.0 1831.0 1240.0 61.0 al califa de Bagdad, señor de la Casa Santa de Jerusalen y de la

189.0 1876.0 1235.0 63.0 Meca, donde está depositado el cuerpo del profeta Mahoma, rey

189.0 1922.0 1232.0 55.0 de Fez y de los montes Claros, donde existen las minas de oro,

187.0 1964.0 1237.0 64.0 defensor de la ley mehometana y perseguidor de los cristianos:

192.0 2013.0 1236.0 59.0 llegado que hubimos á la Meca, y diciendo los mensajeros de

190.0 2058.0 1235.0 63.0 que el bajá de Roboan nos enviaba presos para que dispusiera de

190.0 2105.0 1230.0 76.0 nosotros lo que tuviera por conveniente, mandó que entrásemos,
