1554 2262
735.0 94.0 155.0 64.0 —20—

231.0 179.0 1190.0 56.0 En cada iglesia asisten de contínuo cuatro sacerdotes, los que

187.0 218.0 1236.0 64.0 alternan por semanas, y para salir los cuatro tienen que quedar

182.0 263.0 1238.0 63.0 otros en sulugar. Hay otros quetienen la obligacion do exhor-

182.0 309.0 1233.0 60.0 tará los feligreses al cumplimiento de la iglesia todos los meses,

182.0 354.0 1236.0 61.0 y él que no lo hace cae en desgracia del Preste. Ningun sacer-

178.0 400.0 1237.0 53.0 dote puede tratar en nada de comercio, ni tener labor de campo,

178.0 442.0 1238.0 68.0 ganados, camellos, elefantes, ni otras grangerías, manteniéndo-

176.0 498.0 1240.0 56.0 se solamente con los diezmos y primicias, lo que se observa con

174.0 536.0 1239.0 62.0 tanto rigor, que al que se le justifica alguna falta en estos pre-

173.0 586.0 1237.0 54.0 ceptos, al momento sale desterrado de todos aquellos dominios;

170.0 628.0 1241.0 59.0 con cuya ley viven muy conformes y sumisos á sus obligacio-

172.0 674.0 1241.0 58.0 nes, y á imitacion de ellos siguen los seglares en la parte que

170.0 717.0 1240.0 62.0 les toca respecto á lo civil, viviendo todos en tanta paz y armo-

170.0 764.0 1215.0 60.0 nía, que apenas se advierte un disgusto.

230.0 809.0 1179.0 56.0 Pocos dias antes de venirnos mandó el Preste á dos sacerdo-

169.0 852.0 1241.0 60.0 tes quenos mostraran el cuerpo de Santo Tomás: fuimos á la

167.0 894.0 1239.0 63.0 iglesia dónde está el santo y le vimos: está colocado en el altar

164.0 942.0 1240.0 60.0 mayor en pié derecho, y el brazo y mano que puso sobre el cos-

165.0 987.0 1239.0 59.0 tado de Cristo Nuestro Señor, lo tiene tan natural y fresco co-

160.0 1031.0 1241.0 61.0 mo si lo tuviese con vida. La víspera del dia del santo le ponen

160.0 1076.0 1239.0 60.0 en la mano un sarmiento seco, el cual se reverdece al instan-

160.0 1119.0 1241.0 66.0 te, echa hojas y tres racimos de uvas, que al toque de oración

159.0 1166.0 1239.0 63.0 están en agraz y cuando amanece ya están en sazon: de ellas

155.0 1208.0 1241.0 67.0 se hace mosto, y con él celebra misa el Preste aquel dia, el del

153.0 1255.0 1241.0 61.0 Corpus y el de Nuestra Señora, á 15 de Agosto, que son las tres

153.0 1299.0 1238.0 65.0 únicas que dice en todo el año. Visto el cuerpo del santo nos vol-

154.0 1343.0 1235.0 74.0 vimos á Palacio á dar las gracias al Preste por el favor que nos,

155.0 1386.0 364.0 65.0 habia dispensado.

544.0 1476.0 401.0 64.0 — CAPITULO VIII.

144.0 1523.0 1244.0 91.0 Del ceremonial que se observa para elegir al Preste Juan, y de

183.0 1588.0 1205.0 72.0 cómo el infante D. Dedro y los suyos hicieron una excursion

187.0 1634.0 1198.0 85.0 por una tierra donde los hombres tienen el acento como el la-

186.0 1681.0 381.0 64.0 drido de los perros.

196.0 1744.0 1187.0 78.0 Inmediatamente que muere el Preste, como esta dignidad no

140.0 1790.0 1241.0 73.0 es hereditaria, se reunen en la ciudad todos los obispos y abades

139.0 1837.0 1240.0 79.0 del reino, y en solemne procesion se dirigen á la iglesia del

138.0 1881.0 1241.0 79.0 apóstol Santo Tomás, en la que con muchas oraciones y plega-

135.0 1928.0 1245.0 78.0 rias ruegan al santo designe al que debe ser el Preste, á cuya

134.0 1977.0 1242.0 75.0 reverente súplica el elegido es designado con una señal particu-

135.0 2013.0 1240.0 79.0 lar y sólo conocida de todos los circunstantes allí convocados. En

132.0 2059.0 1242.0 86.0 seguida todos le dan la obediencia, pasando despues el que ha

134.0 2109.0 1237.0 85.0 sido electo á besar la mano al santo, y los demás prelados se la
