1565 2225
732.0 61.0 139.0 53.0 — 6 —

194.0 139.0 1220.0 56.0 y los rocios que caen de continuo son como las lluvias copiosas en

185.0 180.0 1229.0 59.0 nuestro clima en España; motivo porque el infante no quiso de-

186.0 226.0 1177.0 58.0 tenerse mucho tiempo en aquel país para pasar á Babilonia.

248.0 268.0 1164.0 62.0 A nuestra llegada á tan famosa ciudad pasamos á prestar

182.0 320.0 1228.0 57.0 obediencia al gran Babilon, hijo delSoldan de Egipto, el cual,

181.0 362.0 1234.0 55.0 con la mayor severidad, nos interrogó de qué nacion éramos, con

182.0 405.0 1229.0 62.0 qué licencia pisábamos sus tierras, y si entre nosotros habia al-

185.0 451.0 1229.0 61.0 gun príncipe ó infante. García Ramirez le contestó éramos espa-

182.0 498.0 1230.0 60.0 ñoles, vasallos pobres del rey de Leon; que en nuestra compañía

182.0 548.0 1232.0 53.0 no iba persona alguna de las que preguntaba, y que el motivo de

185.0 589.0 1227.0 61.0 pasar por sus dominios, era por ir en romería á visitar al Preste

182.0 634.0 397.0 56.0 Juan de las Indias.

245.0 683.0 1169.0 50.0 Con esta relacion mandó nos detuviéramos algunos dias, en

182.0 724.0 1230.0 62.0 los que se le informó de la grandeza de nuestro soberano con los

184.0 772.0 1231.0 58.0 ritos, costumbres y ceremonias de los paises cristianos: con cuya

185.0 819.0 1230.0 53.0 noticia quedó sumamente complacido, mandándonos dar cuatro

185.0 862.0 1229.0 58.0 mil doblas de oro y salvo-conducto para transitar por todos sus Es-

186.0 908.0 1229.0 54.0 tados. De allí salimos para la ciudad de Urian, país donde habi-

185.0 954.0 1231.0 63.0 tan los centauros, gente soez é indómita y sinreligion, pues cada

185.0 1001.0 1229.0 48.0 uno vive en la ley que le acomoda. En seguida atravesamos la

184.0 1044.0 1228.0 53.0 Arabia Felíz, y llegamos al rio Jordan, donde pagamos un escu-

182.0 1090.0 1232.0 55.0 do de plata por cada uno; pasamos á Nazaret y casa donde vivió

186.0 1131.0 1228.0 56.0 Nuestra Señora la Vírgen María, y habiendo pagado otro escudo

184.0 1179.0 1230.0 59.0 de plata por cada uno, fuimos al castillo de Emaus; allí pagamos

185.0 1228.0 1229.0 53.0 tambien medio escudo: despues nos dirigimos á ver la palmera

181.0 1267.0 1231.0 61.0 que se bajó haciendo acatamiento á la Vírgen, al pié de la cual

184.0 1315.0 1230.0 57.0 hay una fuente de agua viva, que manó para que esta Señora

182.0 1358.0 1226.0 59.0 bebiera cuando iba huyendo á Egipto con su Santísimo Hijo, y

182.0 1404.0 1232.0 53.0 su Esposo San José. Despues pasamos al Portal de Belén, donde

182.0 1448.0 1235.0 61.0 nació Cristo Nuestro Redentor, haciéndonos pagar dos escudos

185.0 1495.0 1229.0 57.0 por cada uno. En seguida fuimos al Valle de Josafat, cuya llanu-

182.0 1540.0 1233.0 58.0 ra es tan grande y espaciosa, que sus confines se pierden de vista

181.0 1585.0 1231.0 60.0 en el horizonte, por el cual anduvimos algunos dias: luego pa-

182.0 1629.0 1232.0 52.0 samos á la gran ciudad de Jerusalen, llevándonos los conducto-

184.0 1672.0 1231.0 61.0 res á la callejuela y corral donde se hospedan los cristianos que

182.0 1718.0 1232.0 58.0 concurren á esta poblacion: de allí nos dirigimos al convento de

182.0 1768.0 1232.0 52.0 religiosos Franciscos, y suplicamos al padre guardian hiciese

185.0 1808.0 1229.0 58.0 por que viésemos el Santo Sepulcro; en efecto, habló á los moros

184.0 1851.0 1228.0 63.0 que se hallaban de guardia, y despues de haber pagado siete

185.0 1898.0 1227.0 60.0 piezas de oro por cada uno, nos dejaron entrar: en seguida fuimos

184.0 1944.0 1230.0 57.0 conducidos al Monte-Calvario, donde permanecen los agujeros de

187.0 1986.0 1223.0 61.0 las cruces de Cristo y de los ladrones. Pasamos al monte Olivete,

184.0 2032.0 1231.0 58.0 donde el traidor Judas dió paz su á Maestro; al huerto de Jetse-

185.0 2079.0 1230.0 65.0 maní ó de las Olivas, en cuyo sitio no ha vuelto á nacer yerba
