1570 2239
692.0 49.0 166.0 64.0 — 17—

143.0 110.0 1249.0 67.0 Judá y Benjamin; luego que nos vieron los judíos salieron á

144.0 164.0 1245.0 66.0 nosotros preguntándonos quiénes éramos y á qué íbamos. Contes-

145.0 212.0 1245.0 60.0 tó García Ramirez á la pregunta, y no creyéndonos nos manda-

144.0 257.0 1243.0 56.0 ron llevar ante el procurador general de la tríbu de Benjamin,

145.0 305.0 1245.0 60.0 por no haber en aquella nacion más rey, gobernador, corregi-

145.0 345.0 1245.0 65.0 dor ni otro jefe que un procurador en cada tríbu: este nos man-

148.0 391.0 1242.0 63.0 dó poner presos por si podia averiguar si entre nosotros iba al-

148.0 435.0 1240.0 67.0 guna persona real de las tierras de España. Un mes nos tuvo pre-

149.0 481.0 1239.0 60.0 sos, en cuyo tiempo nos recibió varias declaraciones, y viéndo-

148.0 527.0 1244.0 63.0 las' todas contestes, mandó ponernos en libertad, pero que sin

146.0 578.0 1248.0 55.0 detenernos siguiéramos nuestra marcha hasta salir de su terri-

149.0 619.0 143.0 58.0 torio.

206.0 656.0 1189.0 70.0 En uno de los pueblos del tránsito presenciamos una cosa ra-

149.0 712.0 1246.0 61.0 ra para nosotros, y fué un entierro en que iban en procesion va-

150.0 753.0 1244.0 62.0 rias gentes de ambos sexos, vestidos de cilicios y con los piés

150.0 799.0 1249.0 63.0 descalzos; al llegar á un sitio en que había una gran porcion de

151.0 844.0 1249.0 62.0 ceniza, se arrojaron en ella revolcándose como las bestias en el

154.0 890.0 1244.0 67.0 cenagal, y en seguida se volvieron á la casa que ocupaba el di-

156.0 934.0 1244.0 62.0 funto, donde, segun nos dijeron, lloran la pérdida de su parien-

156.0 978.0 1244.0 63.0 te ó amigo con grandes muestras de pesadumbre todo el resto

155.0 1028.0 1247.0 59.0 de aquel dia y noche siguiente; durante cuyo tiempo no toman

156.0 1072.0 1246.0 56.0 más alimento que una escudilla de lentejas cocidas: esta clase

156.0 1115.0 1248.0 65.0 de gente no creen en la venida de Jesucristo; y sólo se disponen

158.0 1166.0 652.0 59.0 para la aparicion del Ante-Cristo.

220.0 1202.0 1187.0 66.0 Los únicos jueces que gobiernan aquellas tribus son los pro-

157.0 1251.0 1247.0 61.0 curadores electos por el pueblo; éstos están sujetos al Preste

159.0 1298.0 1246.0 57.0 Juan, á quien le contribuyen anualmente con el tributo de cien

161.0 1345.0 1102.0 64.0 dromedarios cargados de trigo y diez mil doblas de oro.

621 1427 321 69 CAPITULO VII.

164 1475 1230 97 Como el infante don Pedro y demás de su acompañamieno pasa-

216 1546 1191 73 ron á la ciudad de Luca, donde habitan los giganes, y desde

209 1587 1034 84 allí á la ciudad de Albes, residencia del Preste Juan.

225.0 1650.0 1182.0 74.0 Salimos de Cananea, y luego nos encaminamos á la ciudad

161.0 1701.0 1248.0 69.0 de Luca, en cuyo camino gastamos quince dias; este viaje fué

165.0 1748.0 1243.0 69.0 para nosotros el más peligroso que hicimos en  nuestra expedi-

164.0 1793.0 1244.0 64.0 cion, por el motivo de estar habitadas todas aquellas tierras por

165.0 1838.0 1240.0 68.0 gigantes que tienen de estatura trece codos; son muy feroces y

164.0 1886.0 1244.0 63.0 sin piedad; por lo regular están acostumbrados á comer carne

164.0 1931.0 1246.0 60.0 humana, y no se libra de la muerte el desgraciado que cae en

164.0 1974.0 1248.0 62.0 sus manos sanguinaria. Por estos paises caminamos con todo

164.0 2018.0 1245.0 61.0 cuidado y reserva, lo que no nos hubiera servido de nada si la

166.0 2064.0 1248.0 70.0 suerte no nos hubiese favorecido, como lo hizo, pues en todo el

206.0 2130.0 328.0 56.0 D. Pedro de Portugal.

1280.0 2128.0 26.0 64.0 3
