1522 2252
664.0 48.0 122.0 58.0 —23—

83.0 121.0 1229.0 62.0 mi mando; si así como son de grandes fueran belicosos y guer-

83.0 163.0 1233.0 62.0 reros, pudieran conquistar el mundo; pero son tan pacíficos, que

83.0 207.0 1233.0 65.0 solo se ocupan en labranza de tierra; sus antecesores fueron los

85.0 253.0 703.0 62.0 que formaron la torre de Babilonia.

145.0 294.0 1177.0 66.0 Cuando tenemos que salir á campaña no usamos otro estan-

86.0 340.0 1239.0 66.0 darte ni bandera que la Santa Cruz. Todos los años vamos á visi-

90.0 385.0 1234.0 65.0 tar el cuerpo del profeta David; y para pasar los desiertos arena-

88.0 429.0 1237.0 68.0 les de Babilonia, vamos en castillos de madera puestos sobre ele-

90.0 476.0 1237.0 66.0 fantes, para librarnos de las muchas serpientes, dragones y otros

91.0 527.0 1240.0 59.0 animales que hay con siete cabezas, los cuales son muy voraces.

155.0 566.0 1176.0 67.0 Cuatro meses en el año vivimos con nuestras mujeres, y pa-

96.0 618.0 1235.0 57.0 sados, nos separamos hasta otro año: esto se entiende los que so-

95.0 656.0 1235.0 63.0 mos sacerdotes, pues los seglares viven siempre juntos: en las

96.0 696.0 1239.0 68.0 festividades de la Natividad de Nuestro Señor Jesucristo, Pascua

96.0 743.0 1239.0 66.0 de Resurreccion, Ascension y Natividad de Nuestra Señora, pre-

98.0 789.0 1243.0 66.0 dicamos al pueblo en público, exhortándole al cumplimiento de

100.0 836.0 1245.0 63.0 la divina Ley, y animándole á que resista las tentaciones del

101.0 882.0 1240.0 66.0 comun enemigo. Administramos y guardamos muy recta justi-

101.0 930.0 1044.0 64.0 cia, castigando á los malos y premiando á los buenos.

171.0 972.0 1172.0 67.0 En esta forma, caro y amado hermano, gobierno estas pro-

107.0 1018.0 1239.0 67.0 vincias y en la misma creo dirigís las vuestras: así lo cree del

106.0 1073.0 1081.0 54.0 celo cristiano con que os juzga poseido vuestro hermano

669.0 1110.0 588.0 69.0 El Preste Juan de las Indias.

597.0 1207.0 277.0 72.0 CAPITULO X.

118.0 1289.0 1233.0 70.0 De como el infante D. Pedro se despidió del Preste Juan y se

356.0 1379.0 760.0 20.0 vino á España con su acompañamiento.

182.0 1416.0 1174.0 64.0 Cuando el infante se hubo entregado de la carta y demás que

121.0 1462.0 1233.0 64.0 le habia dado el Preste Juan, á quien besó la mano, nos despe-

121.0 1507.0 1235.0 66.0 dimos de los arzobispos y obispos de palacio con muchas lágri-

123.0 1556.0 1235.0 57.0 mas y tiernos afectos, que á no haber sido por dejar al infante,

122.0 1601.0 1242.0 61.0 algunos de nosotros nos hubiéramos quedado por aquel país. Al

125.0 1645.0 1235.0 61.0 fin salimos de la córte guiados por los criados que nos proporcio-

127.0 1689.0 1237.0 63.0 naron, dando principio á nuestra jornada el dia primero de Abril

127.0 1735.0 1237.0 64.0 Seguimos juntos hasta los confines de aquellas provincias, donde

130.0 1780.0 1235.0 56.0 nos separamos de los criados, ellos para volverse á la córte y nos

130.0 1825.0 1238.0 62.0 otros para seguir nuestro camino. Llegamos á la ciudad de Capa-

132.0 1875.0 1233.0 52.0 docia, que pertenece á Turquía, en donde fuimos bien recibidos,

133.0 1915.0 1233.0 64.0 descansando tres dias. De allí salimos para el mar Rojo, por don-

136.0 1960.0 1232.0 65.0 de pasaron los hijos de Israel cuando venian de Egipto, que fue-

136.0 2005.0 1238.0 68.0 ron seiscientos mil hombres, sin las mujeres y niños. Desde aquel

140.0 2050.0 1231.0 70.0 punto tomamos el camino que habiamos llevado cuando fuimos
