1559 2248
758.0 28.0 97.0 70.0 — 18 —

198.0 111.0 1229.0 58.0 camino no encontramos más que á cuatro de ellos en distintos

196.0 154.0 1231.0 60.0 sitios, de modo que nunca vimos dos juntos; y como nosotros

194.0 203.0 1231.0 59.0 éramos catorce, no se atrevió ninguno á embestirnos, pues de lo

194.0 246.0 1235.0 59.0 contrario hubiéramos perecido miserablemente en esta tierra: en

193.0 292.0 1233.0 56.0 fin, salimos de ella con el susto que se deja conocer, y al cabo

189.0 333.0 1235.0 64.0 de algunas jornadas llegamos con toda felicidad á la ciudad de

188.0 378.0 685.0 60.0 Albes, donde habita el Preste Juan.

223.0 424.0 1196.0 64.0 Esta ciudad, la más populosa y respetable, la más rica y forta-

184.0 470.0 1236.0 63.0 lecida que hay en aquella parte del mundo, tiene de circunferen-

183.0 517.0 1236.0 61.0 cia más de doce leguas: en su muralla ó cerca tiene ciento cin-

182.0 562.0 1233.0 61.0 cuenta castillos ó torreones bien fortificados; en cada uno hay

182.0 606.0 1232.0 58.0 más de mil hombres de guarnicion, todos con la barba larga,

183.0 650.0 1233.0 65.0 mostrando en ello luto en señal de haber perdido la Tierra de Pro-

182.0 700.0 1235.0 60.0 mision, en la que se hallan unas piedras tan particulares, que

183.0 744.0 1232.0 62.0 tomándolas en la mano y dándolas un golpe, se dividen en mu-

181.0 791.0 1234.0 59.0 chas piezas todas triangulares, y por pequeña que sea cada una

179.0 834.0 1235.0 62.0 de ellas, se vuelve á dividir en otras más menudas que apenas

178.0 880.0 1232.0 62.0 se perciben con la vista; pero no por ser tan diminutivas pier-

176.0 925.0 1235.0 62.0 den la figura triangular. Tienen virtud para curar muchas en-

174.0 975.0 1236.0 55.0 fermedades, en particular para las mordeduras de animales ve-

173.0 1015.0 1232.0 61.0 nenosos. Es tanto el numeroso gentío que habita la ciudad de Albes,

173.0 1066.0 1238.0 56.0 que por ninguna de sus muchas y anchas calles apenas se puede

173.0 1112.0 1236.0 55.0 transitar desembarazadamente. Entramos en aquella ciudad al

171.0 1151.0 1238.0 61.0 rayar el alba, y habiendo preguntado por el palacio del Preste

169.0 1197.0 1238.0 63.0 Juan, nos dijeron que para llegar á su palacio se necesitaba ocu-

168.0 1243.0 1238.0 60.0 par medio dia sin dejar de andar, y que como no llevásemos

167.0 1295.0 1239.0 53.0 quien nos guiase, acaso no llegaríamos en todo el dia. Con este

166.0 1332.0 1240.0 64.0 motivo ajustamos un hombre que nos condujese, y sin pérdida de

168.0 1380.0 1237.0 53.0 tiempo empezamos á caminar por la ciudad, en la que vimos co-

164.0 1419.0 1240.0 63.0 sas tan admirables y edificios tan magníficos, que es imposible

163.0 1467.0 1239.0 50.0 explicarlo: baste decir, que cuanto hasta entónces habíamos vis-

166.0 1509.0 1236.0 59.0 to fué nada en comparacion de lo que en esta ciudad admira-

162.0 1553.0 1242.0 60.0 mos. Las once y media serian cuando descubrimos á larga distan-

162.0 1599.0 1240.0 55.0 cia un suntuoso palacio con ocho torres tan hermosas y brillan-

163.0 1647.0 1238.0 66.0 tes, que no se podian mirar sin recibir impresion la vista por el

158.0 1695.0 1239.0 58.0 mucho reflejo que despedian. Le preguntamos al guia qué pala-

159.0 1743.0 1240.0 61.0 cio era aquel, y nos contestó que el del Preste Juan. Llegamos á

159.0 1787.0 1240.0 61.0 él y observamos que delante de sus puertas habia una guardia

158.0 1832.0 1239.0 62.0 de seiscientos hombres de caballería é infantería, Iujosamente

161.0 1877.0 1230.0 65.0 vestidos y bien armados, de los cuales se adelantó un capitan y

158.0 1924.0 1238.0 62.0 nos preguntó quiénes éramos y qué se nos ofrecia. El intérprete

156.0 1973.0 1235.0 58.0 respondió que éramos españoles, vasallos del rey de Leon, y pre-

158.0 2013.0 1234.0 63.0 tendíamos besar la mano al Preste Juan; á lo que contestó el ca-

158.0 2059.0 1234.0 76.0 pitan nos aguardásemos en aquel sitio hasta que él pasara la no-
