1538 2245
694.0 65.0 134.0 79.0 — 4—

148.0 142.0 1230.0 68.0 siéndonos admirable ver que tan famosa ciudad estuviera cons-

152.0 203.0 1225.0 56.0 truida con la mayor hermosura y uniformidad sobre islotes en

143.0 248.0 1232.0 60.0 medio del mar, por cuyas calles pasa el agua, y en las cuales se

140.0 294.0 1235.0 57.0 advertian, varias góndolas que servian para transitar de unos

140.0 336.0 1234.0 56.0 edificios á otros. Esta ciudad está en los dominios de Italia, á

139.0 390.0 1235.0 52.0 quien perteneció en otro tiempo; luego despues se hizo indepen-

135.0 430.0 1237.0 61.0 diente con gobierno republicano. En el dia pertenece otra vez á

138.0 473.0 413.0 62.0 los Estados de Italia.

199.0 521.0 1168.0 55.0 A los nueve dias nos volvimos á embarcar en un navío ho-

143.0 566.0 1222.0 65.0 landés que salió para Chipre, á donde llegamossin contratiempo

134.0 614.0 1230.0 60.0 alguno que sea de contar, despues de veinte y siete dias de na-

139.0 659.0 1225.0 61.0 vegacion. Nos dirigimos á la ciudad de Necaim, córte de este

128.0 703.0 1231.0 61.0 reino, con el objeto de tomar el pase de aquel soberano ; y pues-

127.0 754.0 1235.0 56.0 tos que estuvimos á su presencia, quiso enterarse de nuestra

124.0 791.0 1234.0 63.0 procedencia y del objeto del viaje que hacíamos ; á lo cual res-

124.0 836.0 1234.0 63.0 pondió nuestro intérprete que éramos vasallos del rey de Castilla

129.0 881.0 1226.0 66.0 y de Leon, en España, y que el objeto que nos conducía por

120.0 927.0 1233.0 64.0 aquel los países, no era otro que el de ver mundo : mucho se ale-

129.0 972.0 1153.0 65.0 gró de esto el rey y nos dió pase para poder seguir adelante.

183.0 1021.0 1169.0 55.0 Habiéndonos despedido, emprendimos el camino para Turquía

117.0 1061.0 1233.0 65.0 dirigiéndonos hácia Damasco, en donde entonces residia el prin-

116.0 1107.0 1232.0 65.0 cipal soberano, señor de la media luna ó de medio mundo, al cual

118.0 1154.0 1230.0 60.0 nos presentamos con el respeto y modestia debida, haciéndole

114.0 1198.0 1231.0 60.0 presente quiénes éramos y que ibamos peregrinando ; enterado

116.0 1244.0 1228.0 60.0 de ello mandó pagásemos el tributo impuesto á todos los que

114.0 1289.0 1230.0 60.0 pasan por sus dominios, reducido á dos escudos de oro por cada

112.0 1333.0 1228.0 61.0 uno de nosotros, cuya cantidad fué satisfecha al momento y se

111.0 1378.0 1226.0 61.0 nos dió el salvo conducto para poder transitar sus provincias,

108.0 1423.0 1232.0 61.0 acompañados de exeas ó genízaros, con los que pasamos á la

108.0 1469.0 1230.0 61.0 gran ciudad de Troya, que fué la mas populosa del mundo, y su

106.0 1514.0 1231.0 53.0 fortaleza tan inexpugnable, que sería temeridad de un ejército

103.0 1557.0 1232.0 63.0 numeroso quererla reducir por la fuerza de las armas en el espa-

99.0 1601.0 1234.0 59.0 cio de diez años de sitio. Despues de haber entrado en tan dila-

98.0 1646.0 1232.0 63.0 tada poblacion, fuimos conducidos por nuestros guías á una po-

97.0 1694.0 1233.0 60.0 sada, á cuya dueña nos entregaron por su cuenta : allí permane-

96.0 1741.0 1234.0 53.0 cimos dos dias comiendo entre otros manjares carne de drome-

93.0 1782.0 1235.0 55.0 dario, que es la que allí se consume en vez de la vaca y del car-

92.0 1828.0 1231.0 59.0 nero, hasta que avisamos á los conductores queriamos marchar:

91.0 1874.0 1232.0 51.0 éstos de nuevo se volvieron á encargar de nosotros, y salimos de

89.0 1913.0 1229.0 60.0 la ciudad con direccion á la Grecia por un desierto tan áspero,

89.0 1961.0 1230.0 57.0 yermo y solitario, que en catorce jornadas que hicimos no des-

83.0 1999.0 918.0 61.0 cubrimos el menor indicio de poblacion alguna.

149.0 2045.0 1161.0 66.0 Al dia quince de nuestra marcha hallamos un monasterio,

79.0 2085.0 1230.0 78.0 cuya comunidad era de unos buenos ermitaños; el portero nos
