<?xml version="1.0" encoding="UTF-8"?>
<alto xmlns:xsi="http://www.w3.org/2001/XMLSchema-instance"
      xmlns="http://www.loc.gov/standards/alto/ns-v4#"
      xsi:schemaLocation="http://www.loc.gov/standards/alto/ns-v4# http://www.loc.gov/standards/alto/v4/alto-4-2.xsd">
  <Description>
    <MeasurementUnit>pixel</MeasurementUnit>
    <sourceImageInformation>
      <fileName>Varios_431_24.jpg</fileName>
      
    </sourceImageInformation>
  </Description>
  
  <Tags>
    <OtherTag ID="BT221" LABEL="CustomZone:impresorNum" DESCRIPTION="block type CustomZone:impresorNum"/><OtherTag ID="BT222" LABEL="CustomZone:numero_pliego" DESCRIPTION="block type CustomZone:numero_pliego"/><OtherTag ID="BT223" LABEL="CustomZone:title" DESCRIPTION="block type CustomZone:title"/><OtherTag ID="BT224" LABEL="GraphicZone:illustration" DESCRIPTION="block type GraphicZone:illustration"/><OtherTag ID="BT225" LABEL="GraphicZone:ornamentation" DESCRIPTION="block type GraphicZone:ornamentation"/><OtherTag ID="BT226" LABEL="MainZone" DESCRIPTION="block type MainZone"/><OtherTag ID="BT227" LABEL="MainZone:columns" DESCRIPTION="block type MainZone:columns"/><OtherTag ID="BT228" LABEL="MarginTextZone:colophon" DESCRIPTION="block type MarginTextZone:colophon"/><OtherTag ID="BT229" LABEL="MarginTextZone:note" DESCRIPTION="block type MarginTextZone:note"/><OtherTag ID="BT230" LABEL="MusicZone" DESCRIPTION="block type MusicZone"/><OtherTag ID="BT231" LABEL="NumberingZone:page" DESCRIPTION="block type NumberingZone:page"/><OtherTag ID="BT232" LABEL="QuireMarksZone:catchwords" DESCRIPTION="block type QuireMarksZone:catchwords"/><OtherTag ID="BT233" LABEL="QuireMarksZone:signature" DESCRIPTION="block type QuireMarksZone:signature"/><OtherTag ID="BT234" LABEL="RunningTitleZone" DESCRIPTION="block type RunningTitleZone"/>
    <OtherTag ID="LT81" LABEL="CustomLine:propriedad" DESCRIPTION="line type CustomLine:propriedad"/><OtherTag ID="LT82" LABEL="CustomLine:trailer" DESCRIPTION="line type CustomLine:trailer"/><OtherTag ID="LT83" LABEL="DefaultLine" DESCRIPTION="line type DefaultLine"/><OtherTag ID="LT84" LABEL="HeadingLine" DESCRIPTION="line type HeadingLine"/>
  </Tags>
  
  <Layout>
    <Page WIDTH="1604"
          HEIGHT="2258"
          PHYSICAL_IMG_NR="123"
          ID="eSc_dummypage_">
      <PrintSpace HPOS="0"
                  VPOS="0"
                  WIDTH="1604"
                  HEIGHT="2258">
        
        <TextBlock HPOS="156.0"
                   VPOS="135.0"
                   WIDTH="1410.0"
                   HEIGHT="1006.0"
                   ID="block_3"
                   TAGREFS="BT226">
          <Shape><Polygon POINTS="207 135 1525 143 1532 293 1566 1141 166 1139 156 249"/></Shape>
          
          
          <TextLine ID="line_0"
                    TAGREFS="LT83"
                    BASELINE="738 113 897 113" 
                    HPOS="737.0"
                    VPOS="45.0"
                    WIDTH="159.0"
                    HEIGHT="86.0">
            <Shape><Polygon POINTS="737 112 737 131 896 122 896 112 896 63 788 45 786 45 737 50 737 112"/></Shape>
	    <String CONTENT="— 24—"
                    HPOS="737.0"
                    VPOS="45.0"
                    WIDTH="159.0"
                    HEIGHT="86.0"></String>
          </TextLine>

          
          
          <TextLine ID="line_1"
                    TAGREFS="LT83"
                    BASELINE="200 170 1445 166" 
                    HPOS="199.0"
                    VPOS="115.0"
                    WIDTH="1246.0"
                    HEIGHT="74.0">
            <Shape><Polygon POINTS="200 170 200 188 252 181 277 188 278 188 279 188 281 188 284 188 321 181 342 188 345 188 346 188 347 189 455 189 455 188 456 188 461 186 475 181 593 185 652 186 653 186 655 186 660 184 671 180 689 184 700 186 701 188 888 188 888 186 889 186 904 183 913 180 948 181 1022 186 1024 186 1079 181 1103 179 1179 180 1427 185 1428 185 1429 185 1445 178 1445 166 1443 129 1337 115 1283 115 1282 115 1281 115 1245 125 1217 117 1216 117 1214 117 1168 127 1164 127 1114 127 1100 127 1084 119 1083 119 1081 119 1080 119 1054 126 1040 120 1039 120 1037 120 1036 120 1019 126 1012 130 924 130 916 126 884 116 883 116 882 116 881 116 853 126 813 126 773 126 771 126 756 119 755 119 754 119 753 119 730 126 725 127 719 126 691 116 690 116 689 116 465 117 464 117 446 125 434 130 199 125 200 170"/></Shape>
	    <String CONTENT="hácia allí, por saber ya los pasos, costumbres y ceremonias de"
                    HPOS="199.0"
                    VPOS="115.0"
                    WIDTH="1246.0"
                    HEIGHT="74.0"></String>
          </TextLine>

          
          
          <TextLine ID="line_2"
                    TAGREFS="LT83"
                    BASELINE="200 214 1443 210" 
                    HPOS="199.0"
                    VPOS="175.0"
                    WIDTH="1244.0"
                    HEIGHT="57.0">
            <Shape><Polygon POINTS="200 214 200 232 1442 224 1443 210 1439 175 199 179 200 214"/></Shape>
	    <String CONTENT="aquellos habitantes; pues aunque algunos de nuestra comitiva fue-"
                    HPOS="199.0"
                    VPOS="175.0"
                    WIDTH="1244.0"
                    HEIGHT="57.0"></String>
          </TextLine>

          
          
          <TextLine ID="line_3"
                    TAGREFS="LT83"
                    BASELINE="203 260 1447 255" 
                    HPOS="202.0"
                    VPOS="219.0"
                    WIDTH="1245.0"
                    HEIGHT="59.0">
            <Shape><Polygon POINTS="203 260 203 273 800 278 801 278 833 270 837 270 840 270 859 277 860 277 862 278 1006 278 1006 277 1078 270 1079 270 1084 270 1411 275 1413 275 1445 268 1447 255 1444 223 524 219 523 219 202 227 203 260"/></Shape>
	    <String CONTENT="ron de sentir nos volviésemos por otras provincias, García Rami-"
                    HPOS="202.0"
                    VPOS="219.0"
                    WIDTH="1245.0"
                    HEIGHT="59.0"></String>
          </TextLine>

          
          
          <TextLine ID="line_4"
                    TAGREFS="LT83"
                    BASELINE="202 306 1447 301" 
                    HPOS="200.0"
                    VPOS="264.0"
                    WIDTH="1247.0"
                    HEIGHT="62.0">
            <Shape><Polygon POINTS="202 306 203 326 235 318 269 324 271 324 456 318 478 324 479 324 480 324 528 317 720 323 721 323 774 317 818 322 819 322 820 322 822 322 830 316 911 322 912 322 1020 316 1212 321 1213 321 1246 314 1444 321 1447 301 1443 264 1404 272 1252 265 1212 264 1211 264 1192 265 1133 273 1105 267 1098 265 977 265 976 265 975 265 967 268 952 273 933 268 921 265 919 265 918 265 917 265 909 268 899 273 859 269 824 265 823 265 801 269 778 274 657 270 519 267 518 267 517 267 515 267 508 272 502 277 303 277 299 274 288 269 287 269 286 269 200 274 202 306"/></Shape>
	    <String CONTENT="rez y otros con él dijeron que no convenia, porque ya nos cono-"
                    HPOS="200.0"
                    VPOS="264.0"
                    WIDTH="1247.0"
                    HEIGHT="62.0"></String>
          </TextLine>

          
          
          <TextLine ID="line_5"
                    TAGREFS="LT83"
                    BASELINE="199 351 1444 348" 
                    HPOS="198.0"
                    VPOS="308.0"
                    WIDTH="1246.0"
                    HEIGHT="59.0">
            <Shape><Polygon POINTS="199 351 199 363 1443 367 1444 348 1442 316 866 308 864 308 863 308 835 314 412 309 411 309 341 316 318 309 317 309 316 309 274 316 233 309 232 309 198 317 199 351"/></Shape>
	    <String CONTENT="cian en las tierras por donde habíamos pasado, y no nos dejarian"
                    HPOS="198.0"
                    VPOS="308.0"
                    WIDTH="1246.0"
                    HEIGHT="59.0"></String>
          </TextLine>

          
          
          <TextLine ID="line_6"
                    TAGREFS="LT83"
                    BASELINE="204 393 1443 393" 
                    HPOS="204.0"
                    VPOS="355.0"
                    WIDTH="1239.0"
                    HEIGHT="58.0">
            <Shape><Polygon POINTS="204 393 204 407 1442 413 1443 393 1443 363 1389 355 1388 355 1329 362 1316 356 1315 356 1314 356 1312 356 1295 362 1209 355 1208 355 1207 355 1189 362 1149 356 1148 356 1110 362 1005 355 1004 355 956 362 887 355 886 355 835 362 805 355 804 355 803 355 801 355 773 363 680 363 612 355 611 355 609 355 593 363 547 363 304 355 303 355 204 362 204 393"/></Shape>
	    <String CONTENT="volver libremente sin exponernos á nuevos peligros. Pareció muy"
                    HPOS="204.0"
                    VPOS="355.0"
                    WIDTH="1239.0"
                    HEIGHT="58.0"></String>
          </TextLine>

          
          
          <TextLine ID="line_7"
                    TAGREFS="LT83"
                    BASELINE="202 440 1444 437" 
                    HPOS="200.0"
                    VPOS="398.0"
                    WIDTH="1244.0"
                    HEIGHT="56.0">
            <Shape><Polygon POINTS="202 440 202 454 1443 454 1444 437 1442 406 1355 406 1354 405 1344 398 1342 398 1341 398 1340 398 1293 405 1291 405 1288 405 1263 398 1262 398 1261 398 1222 405 1217 405 200 401 202 440"/></Shape>
	    <String CONTENT="bien este dictámen al infante, y determinó que regresásemos"
                    HPOS="200.0"
                    VPOS="398.0"
                    WIDTH="1244.0"
                    HEIGHT="56.0"></String>
          </TextLine>

          
          
          <TextLine ID="line_8"
                    TAGREFS="LT83"
                    BASELINE="204 484 1448 484" 
                    HPOS="204.0"
                    VPOS="445.0"
                    WIDTH="1244.0"
                    HEIGHT="60.0">
            <Shape><Polygon POINTS="204 484 204 504 262 498 387 504 410 504 411 505 751 505 751 504 781 501 815 498 823 500 829 504 830 504 832 504 833 504 843 500 854 498 873 500 897 504 898 504 899 504 914 500 927 498 947 500 977 504 978 504 1184 499 1238 498 1252 498 1324 504 1325 504 1448 496 1448 484 1448 452 430 445 429 445 348 451 291 445 289 445 288 445 287 445 276 452 204 452 204 484"/></Shape>
	    <String CONTENT="por el camino que habiamos llevado, el que seguimos con tanta"
                    HPOS="204.0"
                    VPOS="445.0"
                    WIDTH="1244.0"
                    HEIGHT="60.0"></String>
          </TextLine>

          
          
          <TextLine ID="line_9"
                    TAGREFS="LT83"
                    BASELINE="202 530 1448 530" 
                    HPOS="202.0"
                    VPOS="489.0"
                    WIDTH="1246.0"
                    HEIGHT="57.0">
            <Shape><Polygon POINTS="202 530 202 546 1448 545 1448 530 1447 489 1384 495 1229 490 1196 489 1194 489 1193 489 1189 490 1174 496 978 496 970 491 965 489 963 489 962 489 942 491 912 496 653 496 635 492 598 489 597 489 355 495 323 495 317 495 259 489 258 489 202 495 202 530"/></Shape>
	    <String CONTENT="felicidad, que en ninguna de las provincias y reinos por donde"
                    HPOS="202.0"
                    VPOS="489.0"
                    WIDTH="1246.0"
                    HEIGHT="57.0"></String>
          </TextLine>

          
          
          <TextLine ID="line_10"
                    TAGREFS="LT83"
                    BASELINE="203 577 1449 574" 
                    HPOS="202.0"
                    VPOS="536.0"
                    WIDTH="1247.0"
                    HEIGHT="61.0">
            <Shape><Polygon POINTS="203 577 203 597 242 589 470 589 495 595 497 595 498 595 499 595 504 595 566 589 677 589 687 594 689 595 690 595 691 595 692 595 722 594 828 588 873 593 886 594 887 594 902 593 952 588 965 593 968 594 970 594 971 594 1448 589 1449 574 1447 536 263 536 262 536 202 543 203 577"/></Shape>
	    <String CONTENT="pasábamos nos pusieron el menor impedimento en la marcha; la"
                    HPOS="202.0"
                    VPOS="536.0"
                    WIDTH="1247.0"
                    HEIGHT="61.0"></String>
          </TextLine>

          
          
          <TextLine ID="line_11"
                    TAGREFS="LT83"
                    BASELINE="204 622 1447 622" 
                    HPOS="204.0"
                    VPOS="580.0"
                    WIDTH="1243.0"
                    HEIGHT="59.0">
            <Shape><Polygon POINTS="204 622 204 639 1447 636 1447 622 1447 589 1363 589 1346 580 1345 580 1344 580 1310 587 1286 580 1285 580 1283 580 1127 587 1081 580 1080 580 1079 580 1058 587 1031 580 1030 580 1029 580 891 588 849 580 715 580 714 580 712 580 690 588 675 580 673 580 587 580 586 580 502 588 448 580 446 580 340 588 301 580 299 580 204 588 204 622"/></Shape>
	    <String CONTENT="que continuamos sin suceso que de contar sea, embarcándonos en"
                    HPOS="204.0"
                    VPOS="580.0"
                    WIDTH="1243.0"
                    HEIGHT="59.0"></String>
          </TextLine>

          
          
          <TextLine ID="line_12"
                    TAGREFS="LT83"
                    BASELINE="204 667 1448 663" 
                    HPOS="203.0"
                    VPOS="627.0"
                    WIDTH="1245.0"
                    HEIGHT="54.0">
            <Shape><Polygon POINTS="204 667 204 681 1447 677 1448 663 1445 627 242 627 240 627 203 633 204 667"/></Shape>
	    <String CONTENT="Alejandría hasta llegar á las costas de España. A nuestra arriba-"
                    HPOS="203.0"
                    VPOS="627.0"
                    WIDTH="1245.0"
                    HEIGHT="54.0"></String>
          </TextLine>

          
          
          <TextLine ID="line_13"
                    TAGREFS="LT83"
                    BASELINE="203 712 1450 707" 
                    HPOS="202.0"
                    VPOS="672.0"
                    WIDTH="1248.0"
                    HEIGHT="60.0">
            <Shape><Polygon POINTS="203 712 203 726 277 732 278 732 279 732 281 732 289 726 292 725 710 725 715 725 780 731 781 731 1051 723 1061 723 1065 723 1137 730 1138 730 1449 721 1450 707 1448 673 218 672 217 672 215 672 202 677 203 712"/></Shape>
	    <String CONTENT="da pasó el infante á ver á su primo el rey D. Juan, de quien des-"
                    HPOS="202.0"
                    VPOS="672.0"
                    WIDTH="1248.0"
                    HEIGHT="60.0"></String>
          </TextLine>

          
          
          <TextLine ID="line_14"
                    TAGREFS="LT83"
                    BASELINE="207 757 1442 755" 
                    HPOS="205.0"
                    VPOS="718.0"
                    WIDTH="1237.0"
                    HEIGHT="59.0">
            <Shape><Polygon POINTS="207 757 207 777 237 771 746 776 748 776 828 770 1439 775 1442 755 1438 718 205 721 207 757"/></Shape>
	    <String CONTENT="pues de haberle entregado la carta del Preste Juan se despidió, y"
                    HPOS="205.0"
                    VPOS="718.0"
                    WIDTH="1237.0"
                    HEIGHT="59.0"></String>
          </TextLine>

          
          
          <TextLine ID="line_15"
                    TAGREFS="LT83"
                    BASELINE="205 802 1452 800" 
                    HPOS="204.0"
                    VPOS="761.0"
                    WIDTH="1248.0"
                    HEIGHT="61.0">
            <Shape><Polygon POINTS="205 802 205 822 262 815 301 821 302 821 303 821 321 815 372 821 374 821 375 821 376 821 397 815 493 821 510 821 512 821 535 820 633 815 660 819 672 821 673 821 800 819 976 814 987 816 1000 820 1001 820 1002 821 1427 821 1427 820 1428 820 1452 812 1452 800 1449 767 1236 762 1235 762 1143 767 1124 768 1104 768 960 761 958 761 957 761 935 768 917 761 916 761 914 761 913 761 888 767 829 761 828 761 602 770 596 770 581 762 579 762 493 762 491 762 441 770 366 762 365 762 320 770 276 762 274 762 204 771 205 802"/></Shape>
	    <String CONTENT="pasamos á Portugal á besar la mano á su padre, al que contó"
                    HPOS="204.0"
                    VPOS="761.0"
                    WIDTH="1248.0"
                    HEIGHT="61.0"></String>
          </TextLine>

          
          
          <TextLine ID="line_16"
                    TAGREFS="LT83"
                    BASELINE="204 845 1449 848" 
                    HPOS="204.0"
                    VPOS="806.0"
                    WIDTH="1245.0"
                    HEIGHT="58.0">
            <Shape><Polygon POINTS="204 845 204 864 1448 861 1449 848 1448 809 1287 809 1286 809 1285 809 1283 809 1268 815 1232 809 1221 807 1219 807 1167 809 1025 815 1004 810 994 807 992 807 991 807 976 810 951 815 933 810 924 807 923 807 812 806 689 806 687 806 665 811 653 814 647 811 636 806 635 806 579 806 578 806 577 806 576 806 567 811 563 814 530 811 450 806 449 806 204 812 204 845"/></Shape>
	    <String CONTENT="cuanto queda manifestado en tan dilatada y peligrosa jornada,"
                    HPOS="204.0"
                    VPOS="806.0"
                    WIDTH="1245.0"
                    HEIGHT="58.0"></String>
          </TextLine>

          
          
          <TextLine ID="line_17"
                    TAGREFS="LT83"
                    BASELINE="209 893 1026 893" 
                    HPOS="208.0"
                    VPOS="852.0"
                    WIDTH="816.0"
                    HEIGHT="62.0">
            <Shape><Polygon POINTS="208 891 208 914 1024 908 1024 891 1022 852 208 854 208 891"/></Shape>
	    <String CONTENT="gastando en ella tres años y cuatro meses."
                    HPOS="208.0"
                    VPOS="852.0"
                    WIDTH="816.0"
                    HEIGHT="62.0"></String>
          </TextLine>

          
          
          <TextLine ID="line_19"
                    TAGREFS="LT83"
                    BASELINE="274 938 1457 935" 
                    HPOS="273.0"
                    VPOS="895.0"
                    WIDTH="1184.0"
                    HEIGHT="57.0">
            <Shape><Polygon POINTS="274 938 274 952 1457 950 1457 935 1454 903 1370 895 1369 895 1368 895 1351 901 1330 901 1029 895 1027 895 958 900 932 901 912 900 866 895 864 895 843 899 825 903 807 899 789 896 788 896 766 899 739 903 273 898 274 938"/></Shape>
	    <String CONTENT="Muy complacido quedó el rey de que su hijo hubiese vuelto"
                    HPOS="273.0"
                    VPOS="895.0"
                    WIDTH="1184.0"
                    HEIGHT="57.0"></String>
          </TextLine>

          
          
          <TextLine ID="line_20"
                    TAGREFS="LT83"
                    BASELINE="205 983 1454 979" 
                    HPOS="204.0"
                    VPOS="940.0"
                    WIDTH="1250.0"
                    HEIGHT="63.0">
            <Shape><Polygon POINTS="205 983 205 1003 242 997 1452 999 1454 979 1450 947 1359 948 1346 947 1306 940 1305 940 1304 940 1302 940 1292 947 1291 948 1100 948 1095 948 1040 940 1039 940 952 949 941 949 940 949 924 942 923 942 724 942 722 942 721 942 690 949 509 943 508 943 407 950 377 943 376 943 375 943 374 943 355 950 293 944 292 944 204 952 205 983"/></Shape>
	    <String CONTENT="con felicidad: á todos los que le acompañamos mandó se nos die-"
                    HPOS="204.0"
                    VPOS="940.0"
                    WIDTH="1250.0"
                    HEIGHT="63.0"></String>
          </TextLine>

          
          
          <TextLine ID="line_21"
                    TAGREFS="LT83"
                    BASELINE="207 1028 1452 1026" 
                    HPOS="205.0"
                    VPOS="987.0"
                    WIDTH="1247.0"
                    HEIGHT="56.0">
            <Shape><Polygon POINTS="207 1028 207 1043 1450 1043 1452 1026 1449 996 987 987 986 987 908 994 842 987 840 987 839 987 818 996 763 988 761 988 673 996 658 988 657 988 263 988 262 988 205 997 207 1028"/></Shape>
	    <String CONTENT="sen rentas con que poder mantenernos por los dias de nuestra vi-"
                    HPOS="205.0"
                    VPOS="987.0"
                    WIDTH="1247.0"
                    HEIGHT="56.0"></String>
          </TextLine>

          
          
          <TextLine ID="line_22"
                    TAGREFS="LT83"
                    BASELINE="207 1071 1455 1073" 
                    HPOS="205.0"
                    VPOS="1032.0"
                    WIDTH="1250.0"
                    HEIGHT="60.0">
            <Shape><Polygon POINTS="207 1071 205 1085 232 1092 233 1092 234 1092 1454 1088 1455 1073 1453 1033 1155 1039 1045 1036 991 1033 990 1033 978 1036 951 1042 933 1036 930 1034 928 1034 927 1034 918 1036 897 1041 888 1036 882 1033 881 1033 799 1032 798 1032 796 1032 783 1037 773 1039 763 1037 750 1033 749 1033 622 1033 621 1033 620 1033 608 1038 599 1041 484 1038 235 1033 234 1033 233 1033 207 1039 207 1071"/></Shape>
	    <String CONTENT="da, con lo que nos retiramos cada uno á disfrutarlas en el seno de"
                    HPOS="205.0"
                    VPOS="1032.0"
                    WIDTH="1250.0"
                    HEIGHT="60.0"></String>
          </TextLine>

          
          
          <TextLine ID="line_23"
                    TAGREFS="LT83"
                    BASELINE="209 1117 557 1120" 
                    HPOS="208.0"
                    VPOS="1080.0"
                    WIDTH="349.0"
                    HEIGHT="52.0">
            <Shape><Polygon POINTS="209 1117 208 1131 554 1132 557 1120 556 1087 448 1081 446 1081 445 1081 426 1087 420 1088 416 1087 404 1081 402 1081 401 1081 400 1081 399 1081 390 1087 386 1088 331 1088 330 1087 311 1080 310 1080 308 1080 307 1080 306 1080 298 1087 297 1088 242 1088 240 1087 225 1080 224 1080 223 1080 222 1080 209 1086 209 1117"/></Shape>
	    <String CONTENT="nuestras familias."
                    HPOS="208.0"
                    VPOS="1080.0"
                    WIDTH="349.0"
                    HEIGHT="52.0"></String>
          </TextLine>

          
        </TextBlock>
        
        <TextBlock HPOS="760.0"
                   VPOS="1462.0"
                   WIDTH="127.0"
                   HEIGHT="96.0"
                   ID="block_0"
                   TAGREFS="BT226">
          <Shape><Polygon POINTS="887 1462 887 1558 760 1558 760 1462"/></Shape>
          
          
          <TextLine ID="eSc_line_1e590cf6"
                    TAGREFS="LT83"
                    BASELINE="786 1522 878 1523" 
                    HPOS="783.0"
                    VPOS="1463.0"
                    WIDTH="94.0"
                    HEIGHT="72.0">
            <Shape><Polygon POINTS="785 1520 783 1529 873 1535 877 1522 873 1463 785 1465 785 1520"/></Shape>
	    <String CONTENT="FIN."
                    HPOS="783.0"
                    VPOS="1463.0"
                    WIDTH="94.0"
                    HEIGHT="72.0"></String>
          </TextLine>

          
        </TextBlock>
        

        
      </PrintSpace>
    </Page>
  </Layout>
</alto>
