1551 2247
689.0 111.0 141.0 57.0 — 13 —

126.0 178.0 1236.0 60.0 nifiestan tanta fealdad, y son muy buenas y compasivas.

192.0 225.0 1174.0 60.0 Pedimos licencia para ver al rey, y habiéndola concedido nos

124.0 270.0 1242.0 59.0 presentamos á él: luego que nos tuvo delante, nos preguntó con

126.0 315.0 1241.0 58.0 la mayor severidad quiénes éramos y á dónde íbamos por aque-

127.0 359.0 1241.0 56.0 llas provincias: García Ramirez contestó al tenor de su interro-

128.0 409.0 1240.0 59.0 gatorio lo mismo que habia dicho en las partes anteriores por

126.0 453.0 1243.0 52.0 donde pasamos: lo que no quiso creer, mandando tuviésemos la

124.0 494.0 1245.0 64.0 ciudad por cárcel, con graves penas que nos impuso si las que-

127.0 540.0 1244.0 57.0 brantábamos. Quince dias nos tuvo detenidos, hasta que satis-

127.0 589.0 1246.0 56.0 fecho en algun modo de ser cierto lo que se le tenia manifestado

127.0 629.0 1245.0 58.0 mandó pagásemos veinte escudos de oro de tributo, y que dentro

126.0 675.0 1245.0 60.0 de veinte y cuatro horas saliésemos de allí para nuestro destino.

187.0 721.0 1186.0 61.0 Al momento seguimos el camino de la Arabia, y para poder

128.0 763.0 1246.0 64.0 cruzar los grandes arenales que ay en aquellas regiones remo-

132.0 810.0 1244.0 60.0 tas, alquilamos cuatro dromedarios, sin los cuales era imposible

129.0 857.0 1248.0 55.0 caminar, porque los contínuos aires y fuertes huracanes que se

129.0 898.0 1248.0 58.0 levantan, trasportan de un lado á otro en ménos de un cuarto

131.0 946.0 1247.0 57.0 de hora los disformes montes de arena que se forman; por ma-

131.0 989.0 1247.0 63.0 nera que muchas veces sucede que los que caminan á pié por no

133.0 1036.0 1245.0 63.0 poderlo hacer de otro modo, se ven expuestos á perecer, porque

133.0 1084.0 1246.0 51.0 en un momento les cubre la arena sin poderse defender y mueren

134.0 1127.0 1244.0 55.0 sofocados, de cuyos cuerpos se saca la carne momia por algunos

133.0 1170.0 1243.0 62.0 naturales que se dedican á ello, aunque con el peligro de perecer.

189.0 1217.0 1189.0 58.0 Cuatro dias tardamos en pasar aquellos arenales, que á no

136.0 1260.0 1243.0 60.0 haber tomado la precaucion de llevar los dromedarios, sin duda

137.0 1309.0 1240.0 57.0 hubiéramos quedado sepultados en  las arenas, por los recios

142.0 1353.0 1236.0 56.0 vientos que corrian en aquellos dias; en fin, con la ayuda de

137.0 1400.0 1237.0 56.0 Dios, á cuya providencia nos entregamos de todo corazon, supli-

136.0 1441.0 1240.0 63.0 cándole nos librase del peligro, pudimos salir de lance tan apu-

137.0 1488.0 1242.0 61.0 rado, y arribamos á la grande y hermosa ciudad capital de la

138.0 1532.0 1241.0 60.0 Arabia, donde hallamos un buen acogimiento; y pagando un

138.0 1577.0 1240.0 55.0 corto tributo que se nos exigió, nos marchamos para la de Za-

142.0 1625.0 1010.0 57.0 gaur, en cuyo campo murió Saul y todo su ejército.

209.0 1669.0 1172.0 56.0 A nuestra llegada visitamos al gobernador y despues de ha-

144.0 1710.0 1237.0 60.0 bernos exigido diez piezas de oro por cada uno, nos dejó marchar

144.0 1756.0 1238.0 59.0 para el monte Sinaí, en el que habia un convento de religiosos

143.0 1801.0 1240.0 59.0 Franciscos, con cuarenta individuos entre sacerdotes y legos: en

143.0 1843.0 1240.0 59.0 él fuimos bien recibidos del guardian, por las muestras de cariño

144.0 1891.0 1239.0 62.0 que manifestó haciéndonos sus huéspedes y teniéndonos en aquel

146.0 1941.0 736.0 60.0 sagrado recinto sobre unos dos meses.

211.0 1973.0 1173.0 68.0 En esta tierra no se conoce el ganado vacuno, pero para cul-

147.0 2024.0 1239.0 65.0 tivar los campos y demás tierras salen los legos del convento por

146.0 2072.0 1240.0 63.0 aquellos montes y cogen unicornios, búfalos, dromedarios, mar-

147.0 2115.0 1237.0 69.0 files y daines cuando son cachorrillos; los traen al convento,
