1569 2239
751.0 46.0 151.0 63.0 — 16—

199.0 114.0 1235.0 67.0 las artes y dirigen sus pueblos sin que hombre alguno se entro-

197.0 162.0 1237.0 56.0 meta en nada. Entramos en esta ciudad, y pasamos á dar obe-

195.0 212.0 1243.0 59.0 diencia á la reina, la cual, así que nos vió, nos preguntó por el

199.0 253.0 1238.0 62.0 país de nuestra procedencia y á dónde caminábamos; á lo que

199.0 301.0 1239.0 55.0 respondió García Ramirez éramos vasallos del rey de Leon, y pa-

197.0 344.0 1240.0 57.0 sábamos á besar la mano al Preste Juan: á lo que replicó la rei-

199.0 395.0 1235.0 52.0 na, que si no sabíamos que en su tierra no podia penetrar hom-

200.0 439.0 1237.0 48.0 bre alguno sino en ciertos tiempos, y que el que entraba tenia

200.0 483.0 1235.0 58.0 pena de muerte; García Ruiz le dijo que nosotros ignorábamos

199.0 524.0 1238.0 55.0 aquellas leyes, pues á haberlas sabido nunca hubiéramos inten-

199.0 568.0 1238.0 58.0 tado quebrantarlas. Una de las camaristas de la reina nos infor-

200.0 616.0 1240.0 56.0 mó de todas sus costumbres, diciéndonos: sabed que entre nos-

199.0 659.0 1239.0 59.0 otras no hay hombres sino en los tres meses de Marzo,Abril y,

201.0 706.0 1239.0 57.0 Mayo: en este tiempo, y no en otro, se juntan los hombres con

204.0 752.0 1236.0 60.0 nosotras para que no se acabe la generacion: pasado este tiempo

205.0 798.0 1238.0 57.0 nos separamos sin que por ningun motivo pueda quedar ningun

205.0 840.0 1238.0 56.0 hombre entre nosotras, ni ninguna mujer irse con ellos; y si al-

207.0 885.0 1233.0 60.0 guno ó alguna falta á esta ley, luego al momento se le da igno-

205.0 932.0 1240.0 59.0 miniosa muerte.Al tiempo de retirarse los hombres, dejan cada

205.0 976.0 1240.0 60.0 uno su nombre por escrito, como tambien el pueblo y sitio don-

205.0 1027.0 1239.0 55.0 de van á residir, recibiendo igualmente un papel de sus mujeres

205.0 1068.0 1242.0 56.0 para que se reconozcan y no haya confusion al tiempo de jun-

207.0 1113.0 1236.0 57.0 tarse. Luego que nacen las criaturas les ponemos en las espaldas

205.0 1165.0 1238.0 50.0 cinco cruces con un hierro encendido; si es varon, lo criamos tres

206.0 1202.0 1238.0 61.0 años y con los que vienen al año siguiente se lle lleva su padre

207.0 1252.0 1237.0 56.0 para que lo crie y enseñe á trabajar; si es hembra, le cortamos el

206.0 1293.0 1242.0 60.0 pecho lizquierdo para que pueda manejar el arco y flecha, y ésta

205.0 1343.0 1242.0 53.0 se queda entre nosotras, guardando los ritos y ceremonias ya ex-

207.0 1385.0 1238.0 55.0 presadas. Sin el auxilio de nadie defendemos nuestro territorio,

207.0 1430.0 1235.0 57.0 teniendo arregladas nuestras tropas; peleamos con arco y flecha,

206.0 1480.0 1242.0 52.0 sin hacernos falta para esto la ayuda de los hombres; y puesto

207.0 1520.0 1240.0 57.0 que os he informado de todo, ya os podeis retirar, y agradeced

206.0 1568.0 1241.0 57.0 que atendiendo á vuestra ignorancia no manda la reina mi se-

212.0 1609.0 779.0 57.0 ñora que seros castigue severamente.

230.0 1658.0 1220.0 56.0 García Ramirez, con mucha cortesía y humildad, respondió,

209.0 1700.0 1239.0 60.0 que luego al punto saldríamos de aquel paaís, estando reconocidos

210.0 1743.0 1239.0 61.0 al favor que se dignaba dispensarnos; esperando de la mucha

215.0 1791.0 1233.0 57.0 bondad y munificencia de su majestad nos facilitara algunos

211.0 1838.0 1234.0 55.0 recursos, porque ya no teníamos para poder costear el viaje y

214.0 1888.0 1235.0 52.0 pasar adelante. La reina mandó se nos diese la suma de mil do-

215.0 1924.0 1234.0 60.0 blones des oro, y con ellos salimos de aquella tierra para la Ju-

212.0 1971.0 1237.0 59.0 dea. Anduvimos por esta provincia ocho dias, al cabo de los

211.0 2021.0 1239.0 52.0 cuales llegamos á la ciudad de Cananea, la mayor que hay en

217.0 2059.0 1223.0 73.0 toda la Judea, en la que están los descendientes de las tríbus de
