1539 2245
668.0 57.0 123.0 90.0 —5—

114.0 149.0 1225.0 75.0 ecibió con la mayor afabilidad, brindándonos á entrar en el

104.0 208.0 1236.0 62.0 templo á hacer oracion, como en efecto, por condescendencia, lo

104.0 255.0 1236.0 59.0 ejecutamos con aquella reverencia debida al religioso santuario:

103.0 300.0 1238.0 59.0 mas ¿cuál seria nuestra admiracion y sorpresa al observar alre-

103.0 345.0 1237.0 61.0 dedor de las paredes, puestos en forma natural, una porcion de

103.0 391.0 1242.0 58.0 esqueletos que manifestaban ser de grandes personajes! Por lo

103.0 432.0 1242.0 58.0 que suplicamos al ermitaño que nos acompañaba hiciese el favor

104.0 480.0 1241.0 55.0 de explicarnos la causa de permanecer allí semejantes cadáveres;

104.0 527.0 1244.0 54.0 á lo que nos contestó eran todos los reyes y príncipes que habian

108.0 569.0 1237.0 59.0 fallecido en aquel reino, que sólo allí era donde se depositaban,

106.0 613.0 1243.0 61.0 como panteon destinado al efecto. Nos instó para que entrásemos

106.0 659.0 1242.0 59.0 á descansar en el monasterio, lo que aceptamos con gusto, per-

107.0 703.0 1244.0 55.0 maneciendo allí dos dias, en los que nos obsequiaron y asistieron

109.0 750.0 1244.0 60.0 muy bien, sin permitir que á nuestra despedida se les hiciese la

114.0 795.0 583.0 54.0 menor expresion de gratitud.

590.0 886.0 309.0 65.0 CAPITULO II.

114.0 980.0 1242.0 87.0 Como el infante pasó á Noruega, á Babilonia y despues á la

602.0 1043.0 275.0 55.0 tierra Santa.

182.0 1143.0 1172.0 61.0 Muy complacidos nos despedimos de aquellos humildes ermi-

114.0 1193.0 1241.0 62.0 taños, quienes nos desearon un feliz viaje; é informados no distar

113.0 1238.0 1237.0 62.0 mas que seis millas de allí una poblacion, nos dirigimos á ella,

114.0 1284.0 1244.0 66.0 donde tomamos cuatro dromedarios y lo demás necesario para el

114.0 1330.0 1050.0 59.0 camino de Noruega, á donde pensaba pasar el infante.

187.0 1369.0 1167.0 66.0 Los dromedarios llevaban una especie de aguaderas anchas,

113.0 1419.0 1242.0 58.0 capaces de ir colocados en ellas á derecha é izquierda las catorce

114.0 1464.0 1242.0 58.0 personas de nuestra comitiva: en medio de las cargas se colocó

117.0 1515.0 1241.0 52.0 tambien la provision de víveres de boca para el viaje, y una gran

116.0 1554.0 1240.0 58.0 porcion de dátiles para manutencion de los dromedarios, cuyos

116.0 1598.0 1242.0 57.0 animales caminan sobre veinte y cinco leguas diarias, siendo su

118.0 1645.0 1235.0 57.0 rapidez tal cuando marchan, que es conveniente llevar los

118.0 1692.0 1241.0 59.0 oidos tapados con algodon para evitar el zumbido que hace el

118.0 1734.0 1242.0 54.0 aire con su velocidad: tambien es necesario ir bien sujetados á

121.0 1779.0 1235.0 58.0 las aguaderas para evitar una caida; pues al que, por desgracia,

122.0 1825.0 1063.0 59.0 llega á suceder esto, por milagro se libra de la muerte.

182.0 1865.0 1177.0 64.0 Ocho dias caminamos en esta conformidad, al cabo de los cuales

122.0 1914.0 1237.0 61.0 llegamos al reino de Noruega, cuyo terreno fértil abunda de

122.0 1963.0 1238.0 57.0 hermosos y frondosos árboles, que producen variedad de frutas

123.0 2005.0 1238.0 62.0 silvestres: es clima bastante sombrío y extremadamente frio á

122.0 2056.0 1239.0 54.0 causa de su situacion al Norte, y de no haber mas que seis horas

123.0 2096.0 1236.0 81.0 de dia y diez y ocho de noche: las cosechas son duplicadas al año,
