1551 2247
739.0 103.0 152.0 56.0 — 12 —

188.0 186.0 1231.0 46.0 en esta misma forma, en cuyo tiempo le instruyó Garcia Rami-

188.0 220.0 1226.0 59.0 rez de la grandeza del rey de Leon (á quién él llamaba su hijo),

187.0 270.0 1231.0 54.0 de los ritos, costumbres y demás pertenecientes á sus Estados, de

187.0 309.0 1231.0 60.0 lo que manifestó la mayor complacencia. En seguida y en nom-

187.0 357.0 1232.0 52.0 bre de todos, le pidió licencia para partirnos de allí, la cual con-

186.0 399.0 1232.0 61.0 cedió con mil doblas de oro y muchos ofrecimientos y amistades

187.0 445.0 838.0 58.0 para nuestro soberano, y nos despedimos.

228.0 496.0 1186.0 54.0 Nos dirigimos luego á la ciudad de Seta, y de ésta á la de

188.0 536.0 1231.0 56.0 Trasis, catorce leguas distante de Sodoma y Gomorra, cuyas dos

188.0 582.0 1233.0 58.0 poblaciones están convertidas en lagos de agua negra cubierta de

187.0 625.0 1234.0 56.0 carbones. Estas ciudades fueron algun dia de las mas importan-

188.0 674.0 1231.0 55.0 tes y ricas de aquella comarca; pero pervertidos en extremo sus

187.0 716.0 1234.0 55.0 habitantes, un fuego enviado del cielo los devoró y redujo á ce-

188.0 762.0 1234.0 59.0 nizas. Tanta era la fertilidad de aquella tierra, que no obstante

186.0 811.0 1235.0 55.0 el desastre sufrido, da aun señales de lo que fué: eñ cuyas inme-

188.0 858.0 1234.0 49.0 diaciones se ven hermosos y frondosos árboles, y las frutas son las

191.0 897.0 1231.0 59.0 mas vistosas de lla tierra, pero por dentro se las advierte como

189.0 942.0 1233.0 55.0 una especie de carbon ceniciento, de modo que ningun animal las

193.0 988.0 1229.0 59.0 puede comer á causa de ser tan amargas como la hiel: hay tam-

191.0 1033.0 1231.0 58.0 bien muchedumbre de animales muy hermosos, mas de ningu-

192.0 1082.0 1227.0 56.0 na manera se puede hacer uso de sus carnes, por tener un sabor

194.0 1125.0 1228.0 53.0 fétido y sumamente desagradable. A la media legua de estos la-

194.0 1169.0 1229.0 58.0 gos está la mujer de Loth convertida en estátua de sal, en casti-

196.0 1214.0 1227.0 60.0 go de no haber  obedecido al ángel, que al salir de la ciudad le

191.0 1259.0 1232.0 52.0 mandó marchar sin volver la cabeza atrás. Es del tamaño de una

193.0 1311.0 1230.0 49.0 mujer regular, y cuando crece la luna se hincha la estátua mas

192.0 1350.0 1231.0 59.0 de un palmo, y se disminuye cuando mengua: su postura es

192.0 1393.0 1232.0 61.0 vuelta la cabeza solamente, mirando á la parte que se le habia

196.0 1446.0 1230.0 53.0 vedado, en que hoy están los lagos, que ántes fueron las dos po-

194.0 1484.0 1229.0 58.0 blaciones referidas. Nos admiramos todos al ver aquel prodigio,

192.0 1529.0 1234.0 60.0 discurriendo cómo en tantos años que habian trascurrido permane-

192.0 1581.0 1234.0 53.0 cia como al principio, sin que los huracanes, agua del cielo y la

192.0 1620.0 1232.0 57.0 mala intemperie de aquellos climas hubiese podido borrar ni aun

196.0 1671.0 703.0 51.0 la mas mínima parte de la estátua.

669.0 1763.0 272.0 52.0 CAPIULO V.

194.0 1808.0 1227.0 80.0 Como el infante D. Pedro y su compañía pasaron á la Arabia,

298.0 1868.0 1031.0 69.0 luego á Zagaur, monte Cálboe y despues al de Sinaí.

248.0 1924.0 1173.0 63.0 Tomamos al siguiente dia el camino de la ciudad de Sabá, en

191.0 1977.0 1236.0 55.0 la que existia un barrio ocupado por una generacion, cuyos

189.0 2016.0 1237.0 56.0 hombres tenian la cara á semejanza de mperros, dándoles por los

188.0 2059.0 1235.0 64.0 demás habitantes el nombre de rusticanos, los cuales son muy

189.0 2105.0 1237.0 74.0 feroces y de malas propiedades; las mujeres de esta raza no ma-
