1554 2262
677.0 98.0 105.0 69.0 —21—

113.0 168.0 1239.0 63.0 besan á él: hecha esta ceremonia reciben su bendicion, se vuel-

115.0 222.0 1239.0 56.0 ven á formar la procesion y le conducen al palacio, desde cuyo

114.0 265.0 1238.0 59.0 momento da principio su autoridad, gobernando sus dominios.

183.0 309.0 1176.0 60.0 Viendo el infante el múcho tiempo que hacia que estábamos

114.0 354.0 1245.0 70.0 detenidos en aquella ciudad, pidió licencia para pasar á otra par-

118.0 404.0 1243.0 64.0 te, y el Preste le aconsejó no siguiera su camino hácia cierta di-

115.0 449.0 1249.0 66.0 reccion que le indicó, porque llegaria á una provincia habitada

119.0 496.0 1245.0 60.0 por gentes tan idiotas, que tienen la perversa costumbre de co-

118.0 537.0 1247.0 61.0 merse los hijos á sus padres cuando éstos llegan á una edad

118.0 580.0 1244.0 62.0 avanzada, y cuando hablan, su voz se parece al ladrido de los

120.0 629.0 1242.0 59.0 perros. El infante le dijo que aunque no entrara en aquellas tier-

120.0 673.0 1244.0 62.0 ras, queria por curiosidad verlas desde lejos, á lo cual no se opu-

124.0 722.0 1243.0 58.0 so el Preste por darle gusto, mandando prevenirle para el viaje

123.0 766.0 1243.0 58.0 seis dromedarios: dos para comer con ellos, y los otros para car-

126.0 811.0 1244.0 61.0 ga y montar á caballo en ellos, dándole tambien mil escudos de

123.0 858.0 1249.0 58.0 oro y dos hombres para que nos guiasen y sirviesen en aquella

124.0 901.0 1247.0 59.0 jornada. Partimos de aquella ciudad tomando el camino del de-

128.0 950.0 1246.0 56.0 sierto del Paraiso, por el que anduvimos trescientas veinte leguas

128.0 994.0 1248.0 59.0 sin encontrar poblacion alguna. Luego que llegamos á la vista

128.0 1039.0 1248.0 61.0 de unas altísimas montañas, vimos al pié de ellas algunas po-

132.0 1083.0 1245.0 60.0 blaciones circumbaladas por cuatro rios que se denominan el Ti-

133.0 1127.0 1246.0 63.0 gris, Eufrates, Guion y Fison, los cuales salen del Paraiso Terre-

133.0 1174.0 1247.0 61.0 nal, segun nos manifestaron los dos guias; las riberas están po-

135.0 1221.0 1248.0 60.0 bladas de frondosos árboles, pero de distintas especies, segun la

134.0 1265.0 1249.0 59.0 calidad del terreno de cada uno; así es que en las márgenes ó cer-

133.0 1309.0 1251.0 63.0 canías del Tigris sólo se advertian olivos; las del Eufrates esta-

138.0 1357.0 1246.0 56.0 ban cubiertas de cipreses; las del Guion de palmeras y arraya-

140.0 1406.0 1244.0 54.0 nes, y las del Fison de cedros, sobre cuyos árboles se divisan in-

139.0 1446.0 1249.0 56.0 numerables papagayos y otras aves hermosísimas. Pasamos más

140.0 1494.0 1249.0 54.0 adelante hasta llegar á la orilla del rio Tigris, que era el más

144.0 1541.0 1245.0 54.0 cercano, y los guias nos manifestaron dos árboles de los que

144.0 1583.0 1246.0 54.0 echan las peras ó fruta de la cruz que vimos en la mesa del Pres-

149.0 1629.0 1244.0 49.0 te Juan; los cuales no echan más de cuarenta, no descubriéndo-

147.0 1671.0 1242.0 60.0 se otros que aquellos dos en todos aquellos contornos, ni han en-

147.0 1716.0 1246.0 57.0 contrado modo de hacerlos reproducir; causa porque los tienen

148.0 1760.0 1242.0 58.0 en mucha estima, dedicando su fruto sólo para el Preste Juan.

153.0 1803.0 1245.0 63.0 Quisimos pasar adelante, mas los guias no lo consintieron por

153.0 1848.0 1245.0 59.0 no exponernos á algun peligro, y determinó el infante nos vol-

155.0 1895.0 1244.0 57.0 viésemos á la córte del Preste Juan, como en efecto lo hicimos,

155.0 1937.0 1245.0 63.0 permaneciendo treinta dias más, al cabo de los cuales nos con-

154.0 1984.0 1250.0 61.0 cedió la licencia y beneplácito para que pudiésemos regresar á

157.0 2028.0 1247.0 61.0 España, dándonos muchas bendiciones, y mandando entregar

157.0 2069.0 1248.0 66.0 al infante veinte mil piezas de oro, cuatro dromedarios y seis

158.0 2114.0 1247.0 76.0 camellos, con cuyo auxilio tuvimos lo suficiente para volvernos
