<?xml version="1.0" encoding="UTF-8"?>
<alto xmlns:xsi="http://www.w3.org/2001/XMLSchema-instance"
      xmlns="http://www.loc.gov/standards/alto/ns-v4#"
      xsi:schemaLocation="http://www.loc.gov/standards/alto/ns-v4# http://www.loc.gov/standards/alto/v4/alto-4-2.xsd">
  <Description>
    <MeasurementUnit>pixel</MeasurementUnit>
    <sourceImageInformation>
      <fileName>Varios_431_22.jpg</fileName>
      
    </sourceImageInformation>
  </Description>
  
  <Tags>
    <OtherTag ID="BT221" LABEL="CustomZone:impresorNum" DESCRIPTION="block type CustomZone:impresorNum"/><OtherTag ID="BT222" LABEL="CustomZone:numero_pliego" DESCRIPTION="block type CustomZone:numero_pliego"/><OtherTag ID="BT223" LABEL="CustomZone:title" DESCRIPTION="block type CustomZone:title"/><OtherTag ID="BT224" LABEL="GraphicZone:illustration" DESCRIPTION="block type GraphicZone:illustration"/><OtherTag ID="BT225" LABEL="GraphicZone:ornamentation" DESCRIPTION="block type GraphicZone:ornamentation"/><OtherTag ID="BT226" LABEL="MainZone" DESCRIPTION="block type MainZone"/><OtherTag ID="BT227" LABEL="MainZone:columns" DESCRIPTION="block type MainZone:columns"/><OtherTag ID="BT228" LABEL="MarginTextZone:colophon" DESCRIPTION="block type MarginTextZone:colophon"/><OtherTag ID="BT229" LABEL="MarginTextZone:note" DESCRIPTION="block type MarginTextZone:note"/><OtherTag ID="BT230" LABEL="MusicZone" DESCRIPTION="block type MusicZone"/><OtherTag ID="BT231" LABEL="NumberingZone:page" DESCRIPTION="block type NumberingZone:page"/><OtherTag ID="BT232" LABEL="QuireMarksZone:catchwords" DESCRIPTION="block type QuireMarksZone:catchwords"/><OtherTag ID="BT233" LABEL="QuireMarksZone:signature" DESCRIPTION="block type QuireMarksZone:signature"/><OtherTag ID="BT234" LABEL="RunningTitleZone" DESCRIPTION="block type RunningTitleZone"/>
    <OtherTag ID="LT81" LABEL="CustomLine:propriedad" DESCRIPTION="line type CustomLine:propriedad"/><OtherTag ID="LT82" LABEL="CustomLine:trailer" DESCRIPTION="line type CustomLine:trailer"/><OtherTag ID="LT83" LABEL="DefaultLine" DESCRIPTION="line type DefaultLine"/><OtherTag ID="LT84" LABEL="HeadingLine" DESCRIPTION="line type HeadingLine"/>
  </Tags>
  
  <Layout>
    <Page WIDTH="1521"
          HEIGHT="2252"
          PHYSICAL_IMG_NR="121"
          ID="eSc_dummypage_">
      <PrintSpace HPOS="0"
                  VPOS="0"
                  WIDTH="1521"
                  HEIGHT="2252">
        
        <TextBlock HPOS="682.0"
                   VPOS="65.0"
                   WIDTH="240.0"
                   HEIGHT="115.0"
                   ID="block_1"
                   TAGREFS="BT231">
          <Shape><Polygon POINTS="922 65 922 180 682 180 682 65"/></Shape>
          
          
          <TextLine ID="line_0"
                    TAGREFS="LT83"
                    BASELINE="734 158 879 157" 
                    HPOS="749.0"
                    VPOS="115.0"
                    WIDTH="137.0"
                    HEIGHT="53.0">
            <Shape><Polygon POINTS="751 168 886 166 886 152 882 117 852 122 826 120 784 115 783 115 749 122 751 153"/></Shape>
	    <String CONTENT="—22—"
                    HPOS="749.0"
                    VPOS="115.0"
                    WIDTH="137.0"
                    HEIGHT="53.0"></String>
          </TextLine>

          
        </TextBlock>
        
        <TextBlock HPOS="146.0"
                   VPOS="180.0"
                   WIDTH="1305.0"
                   HEIGHT="91.0"
                   ID="block_2"
                   TAGREFS="BT226">
          <Shape><Polygon POINTS="1451 180 1439 271 148 271 146 180"/></Shape>
          
          
          <TextLine ID="line_1"
                    TAGREFS="LT83"
                    BASELINE="186 225 1415 221" 
                    HPOS="185.0"
                    VPOS="180.0"
                    WIDTH="1230.0"
                    HEIGHT="63.0">
            <Shape><Polygon POINTS="1405 180 1379 187 1295 180 1286 180 1278 180 1263 186 1181 181 1180 181 1144 187 1111 181 1104 180 1099 180 1090 180 1086 181 1070 187 1035 182 1020 180 1019 180 1017 180 1010 182 987 188 966 182 956 180 955 180 953 180 937 182 908 190 752 190 723 185 688 180 687 180 686 180 676 185 673 186 659 185 607 181 605 181 604 181 589 186 578 190 544 186 491 181 490 181 384 188 350 190 345 188 329 182 327 182 326 182 302 187 290 181 289 181 199 181 197 181 196 181 195 181 185 186 186 225 186 243 302 242 304 242 317 236 359 242 361 242 363 242 364 242 383 236 540 241 564 241 565 241 570 241 597 235 817 238 1002 241 1003 241 1037 236 1057 233 1081 236 1121 240 1122 241 1264 241 1264 240 1265 240 1266 240 1275 233 1276 233 1290 233 1390 240 1392 240 1393 240 1415 232 1415 221 1410 180 1405 180"/></Shape>
	    <String CONTENT="á España: asimismo le dió una carta para el rey de Leon."
                    HPOS="185.0"
                    VPOS="180.0"
                    WIDTH="1230.0"
                    HEIGHT="63.0"></String>
          </TextLine>

          
        </TextBlock>
        
        <TextBlock HPOS="171.0"
                   VPOS="287.0"
                   WIDTH="1265.0"
                   HEIGHT="281.0"
                   ID="eSc_textblock_4f17c1d4"
                   TAGREFS="BT223">
          <Shape><Polygon POINTS="567 358 171 384 171 568 1436 568 1434 379 1021 365 925 287 634 289"/></Shape>
          
          
          <TextLine ID="line_7"
                    TAGREFS="LT84"
                    BASELINE="638 332 932 335" 
                    HPOS="637.0"
                    VPOS="270.0"
                    WIDTH="295.0"
                    HEIGHT="104.0">
            <Shape><Polygon POINTS="638 332 637 371 709 372 711 372 712 372 713 372 714 370 726 362 757 369 758 369 812 364 828 369 843 374 845 374 846 374 847 374 865 367 875 365 930 366 932 335 932 280 923 275 922 275 921 275 920 275 877 281 857 271 856 271 784 270 783 270 782 270 752 280 732 271 731 271 729 271 728 271 703 280 702 280 654 273 653 273 652 273 638 278 638 332"/></Shape>
	    <String CONTENT="CAPITULO IX"
                    HPOS="637.0"
                    VPOS="270.0"
                    WIDTH="295.0"
                    HEIGHT="104.0"></String>
          </TextLine>

          
          
          <TextLine ID="line_9"
                    TAGREFS="LT84"
                    BASELINE="177 415 401 410 1410 410" 
                    HPOS="176.0"
                    VPOS="360.0"
                    WIDTH="1234.0"
                    HEIGHT="69.0">
            <Shape><Polygon POINTS="177 415 177 429 250 422 796 425 1365 427 1367 427 1409 420 1410 410 1408 360 1320 369 933 364 721 361 719 361 718 361 701 366 688 370 605 370 592 366 560 361 559 361 529 367 520 369 510 367 475 362 474 362 363 369 356 369 354 369 311 361 310 361 309 361 307 361 296 369 176 370 177 415"/></Shape>
	    <String CONTENT="Carta del Preste Juan de las Indias para el rey D. Juan el se-"
                    HPOS="176.0"
                    VPOS="360.0"
                    WIDTH="1234.0"
                    HEIGHT="69.0"></String>
          </TextLine>

          
          
          <TextLine ID="line_10"
                    TAGREFS="LT84"
                    BASELINE="214 459 1410 455" 
                    HPOS="212.0"
                    VPOS="411.0"
                    WIDTH="1198.0"
                    HEIGHT="64.0">
            <Shape><Polygon POINTS="1388 411 1387 411 1385 411 1369 419 1365 421 1215 421 1204 419 1152 411 1151 411 1150 411 1127 419 1124 420 1107 419 1034 412 1032 412 888 420 842 421 812 420 714 412 713 412 712 412 691 420 686 421 659 420 570 414 569 414 455 420 448 420 439 420 261 414 260 414 212 420 214 459 214 475 275 469 464 474 557 475 558 475 583 472 618 467 640 471 654 474 655 474 691 471 733 467 833 470 1008 474 1010 474 1111 467 1129 466 1135 466 1169 472 1170 474 1388 474 1388 472 1389 472 1410 464 1410 455 1409 419 1389 411 1388 411"/></Shape>
	    <String CONTENT="gundo de Castilla, en la que se le dá cuenta de los ritos y ce-"
                    HPOS="212.0"
                    VPOS="411.0"
                    WIDTH="1198.0"
                    HEIGHT="64.0"></String>
          </TextLine>

          
          
          <TextLine ID="line_11"
                    TAGREFS="LT84"
                    BASELINE="212 504 1409 501" 
                    HPOS="211.0"
                    VPOS="464.0"
                    WIDTH="1198.0"
                    HEIGHT="57.0">
            <Shape><Polygon POINTS="1400 464 1388 464 1375 464 1363 464 1350 464 1338 464 1325 464 1313 464 1300 464 1288 464 1275 464 1263 464 1250 464 1238 464 1225 464 1213 464 1200 464 1188 464 1175 464 1162 464 1150 464 1137 464 1125 464 1112 464 1100 464 1087 464 1075 464 1062 464 1050 464 1037 464 1025 464 1012 464 1000 464 987 464 975 464 962 464 950 464 937 464 925 464 912 464 900 464 887 464 875 464 862 464 850 464 837 464 824 464 812 464 799 464 787 464 774 464 762 464 749 464 746 464 654 466 635 466 632 466 614 464 612 464 599 464 587 464 574 464 562 464 544 466 543 466 528 464 524 464 512 464 499 464 486 464 474 464 461 464 449 464 436 464 424 464 411 464 399 464 386 464 374 464 361 464 349 464 336 464 324 464 311 464 299 464 286 464 274 464 261 464 249 464 246 464 211 467 212 504 212 512 282 520 284 520 354 514 359 514 374 521 375 521 376 521 429 514 435 514 455 514 618 521 619 521 748 515 816 512 826 516 838 520 839 520 841 520 842 520 852 516 860 512 943 516 1031 520 1032 520 1060 516 1084 514 1097 516 1110 520 1111 520 1112 520 1114 520 1122 517 1132 514 1155 517 1175 520 1176 520 1408 517 1409 501 1407 464 1400 464"/></Shape>
	    <String CONTENT="remonias, de su reino, y costumbres de los habitantes que le"
                    HPOS="211.0"
                    VPOS="464.0"
                    WIDTH="1198.0"
                    HEIGHT="57.0"></String>
          </TextLine>

          
          
          <TextLine ID="line_12"
                    TAGREFS="LT84"
                    BASELINE="211 549 389 545" 
                    HPOS="210.0"
                    VPOS="509.0"
                    WIDTH="179.0"
                    HEIGHT="57.0">
            <Shape><Polygon POINTS="211 549 211 566 389 561 389 545 386 509 210 509 211 549"/></Shape>
	    <String CONTENT="pueblan."
                    HPOS="210.0"
                    VPOS="509.0"
                    WIDTH="179.0"
                    HEIGHT="57.0"></String>
          </TextLine>

          
        </TextBlock>
        
        <TextBlock HPOS="59.0"
                   VPOS="596.0"
                   WIDTH="1432.0"
                   HEIGHT="1656.0"
                   ID="block_0"
                   TAGREFS="BT226">
          <Shape><Polygon POINTS="1410 596 1491 2252 59 2252 123 603"/></Shape>
          
          
          <TextLine ID="line_18"
                    TAGREFS="LT83"
                    BASELINE="229 625 1399 620" 
                    HPOS="227.0"
                    VPOS="583.0"
                    WIDTH="1172.0"
                    HEIGHT="62.0">
            <Shape><Polygon POINTS="229 625 229 639 513 645 514 645 515 645 533 639 538 638 557 639 620 644 622 644 623 644 644 639 650 638 667 639 733 644 734 644 784 639 796 638 1398 638 1399 620 1395 586 1096 590 1052 588 956 583 955 583 953 583 952 583 943 589 941 590 937 589 925 584 923 584 922 584 890 589 882 590 878 589 863 583 862 583 861 583 831 590 826 590 821 590 791 584 789 584 788 584 787 584 778 590 774 593 677 593 674 590 664 584 663 584 662 584 660 584 620 591 614 591 605 591 535 584 534 584 533 584 518 590 399 585 398 585 396 585 371 591 336 585 335 585 334 585 332 585 322 591 252 585 251 585 250 585 227 593 229 625"/></Shape>
	    <String CONTENT="Poderoso y cristianísimo rey D. Juan, salud en Nuestro Se-"
                    HPOS="227.0"
                    VPOS="583.0"
                    WIDTH="1172.0"
                    HEIGHT="62.0"></String>
          </TextLine>

          
          
          <TextLine ID="line_19"
                    TAGREFS="LT83"
                    BASELINE="163 674 1395 668" 
                    HPOS="162.0"
                    VPOS="628.0"
                    WIDTH="1233.0"
                    HEIGHT="65.0">
            <Shape><Polygon POINTS="163 674 163 693 418 684 438 690 439 690 440 690 485 684 654 689 655 689 657 689 672 683 958 688 960 688 961 688 976 681 1020 688 1021 688 1091 681 1119 688 1120 688 1121 688 1210 681 1393 686 1395 668 1393 638 1273 638 1271 636 1240 628 1239 628 1238 628 1180 636 1177 636 1176 636 1150 628 1149 628 1147 628 1109 635 1071 630 1070 630 1030 636 1016 638 1006 636 981 630 980 630 931 635 900 639 689 639 683 635 676 631 674 631 673 631 672 631 662 635 647 640 583 635 570 634 569 634 568 634 565 634 552 639 543 634 537 631 535 631 534 631 480 634 416 638 162 634 163 674"/></Shape>
	    <String CONTENT="ñor Jesucristo. Os hago saber que nuestra ley es la de gracia,"
                    HPOS="162.0"
                    VPOS="628.0"
                    WIDTH="1233.0"
                    HEIGHT="65.0"></String>
          </TextLine>

          
          
          <TextLine ID="line_20"
                    TAGREFS="LT83"
                    BASELINE="162 716 1399 713" 
                    HPOS="161.0"
                    VPOS="675.0"
                    WIDTH="1238.0"
                    HEIGHT="58.0">
            <Shape><Polygon POINTS="162 716 162 733 1398 731 1399 713 1397 684 1269 684 1253 675 1251 675 1250 675 1249 675 1229 684 1164 684 1116 675 1115 675 1050 683 927 676 926 676 892 684 867 676 866 676 865 676 727 684 589 676 588 676 587 676 569 685 543 678 542 678 302 678 301 678 161 686 162 716"/></Shape>
	    <String CONTENT="creyendo fiel y verdaderamente en Dios Padre, Hijo y Espíritu"
                    HPOS="161.0"
                    VPOS="675.0"
                    WIDTH="1238.0"
                    HEIGHT="58.0"></String>
          </TextLine>

          
          
          <TextLine ID="line_21"
                    TAGREFS="LT83"
                    BASELINE="157 764 1254 758" 
                    HPOS="156.0"
                    VPOS="719.0"
                    WIDTH="1098.0"
                    HEIGHT="64.0">
            <Shape><Polygon POINTS="157 764 157 783 245 775 265 781 266 781 267 781 269 781 300 775 361 780 374 781 375 781 385 780 433 774 634 778 749 779 751 779 752 779 758 775 764 773 851 775 980 778 981 778 1006 773 1015 771 1036 773 1111 776 1112 776 1253 769 1254 758 1250 726 1120 726 1112 725 1080 719 1079 719 1077 719 1076 719 1067 725 1065 726 1035 725 950 721 948 721 947 721 933 725 923 728 908 725 882 720 881 720 880 720 870 725 863 729 771 729 751 725 736 721 734 721 733 721 721 725 704 729 694 725 688 721 687 721 595 721 594 721 565 724 510 730 464 724 450 723 449 723 440 724 411 730 282 724 276 724 275 724 274 724 259 731 244 725 242 725 241 725 211 731 156 724 157 764"/></Shape>
	    <String CONTENT="Santo, tres personas distintas y un solo Dios vendadero."
                    HPOS="156.0"
                    VPOS="719.0"
                    WIDTH="1098.0"
                    HEIGHT="64.0"></String>
          </TextLine>

          
          
          <TextLine ID="line_22"
                    TAGREFS="LT83"
                    BASELINE="162 801 1395 804" 
                    HPOS="161.0"
                    VPOS="765.0"
                    WIDTH="1234.0"
                    HEIGHT="61.0">
            <Shape><Polygon POINTS="162 801 161 818 486 824 488 824 514 818 523 816 534 818 574 824 575 824 577 824 597 818 603 816 613 818 643 823 644 823 737 818 768 816 774 818 798 825 799 825 801 826 973 826 973 825 1074 818 1077 818 1394 818 1395 804 1395 776 1367 766 1365 766 1236 766 1235 766 1198 775 1180 766 1179 766 1177 766 1176 766 1154 775 1140 766 1139 766 1137 766 1102 766 1101 766 1100 766 1099 766 1085 775 1059 766 1057 766 1056 766 1010 773 995 766 993 766 992 766 991 766 970 775 968 776 887 776 883 775 848 766 847 766 809 775 807 775 803 775 766 766 764 766 711 774 654 765 653 765 595 774 594 775 529 775 528 774 504 765 503 765 501 765 404 774 396 774 381 774 240 768 239 768 162 773 162 801"/></Shape>
	    <String CONTENT="Y por cuanto apeteceis saber las particularidades de mis"
                    HPOS="161.0"
                    VPOS="765.0"
                    WIDTH="1234.0"
                    HEIGHT="61.0"></String>
          </TextLine>

          
          
          <TextLine ID="line_23"
                    TAGREFS="LT83"
                    BASELINE="155 850 1392 847" 
                    HPOS="153.0"
                    VPOS="810.0"
                    WIDTH="1239.0"
                    HEIGHT="60.0">
            <Shape><Polygon POINTS="155 850 155 868 349 863 421 868 450 870 451 870 468 868 509 863 565 868 567 868 568 868 569 868 579 862 628 868 637 869 638 869 639 869 640 868 655 862 716 862 731 868 733 869 734 869 736 869 737 869 741 868 766 862 821 868 829 869 831 869 865 868 1070 862 1097 868 1099 868 1100 868 1164 862 1389 868 1392 847 1388 818 1229 818 1225 818 1191 810 1190 810 1145 818 1144 818 1126 810 1125 810 1041 810 1040 810 1039 810 1013 818 998 810 997 810 996 810 995 810 963 819 960 819 925 819 655 811 654 811 574 820 563 820 539 820 356 813 355 813 354 813 353 813 340 820 339 821 236 821 236 820 182 813 181 813 180 813 153 820 155 850"/></Shape>
	    <String CONTENT="extensos dominios, os manifiesto que tengo bajo mi autori-"
                    HPOS="153.0"
                    VPOS="810.0"
                    WIDTH="1239.0"
                    HEIGHT="60.0"></String>
          </TextLine>

          
          
          <TextLine ID="line_24"
                    TAGREFS="LT83"
                    BASELINE="155 898 1392 892" 
                    HPOS="153.0"
                    VPOS="855.0"
                    WIDTH="1239.0"
                    HEIGHT="63.0">
            <Shape><Polygon POINTS="155 898 155 912 353 918 354 918 383 912 384 912 398 918 399 918 400 918 401 918 416 912 420 910 438 912 501 917 503 917 535 912 542 910 545 912 563 917 564 917 565 917 628 910 649 909 669 910 717 915 718 915 741 910 748 909 776 910 862 915 863 915 996 914 997 914 1008 909 1015 908 1030 909 1065 914 1066 914 1392 908 1392 892 1389 864 1203 855 1201 855 1141 864 1135 864 1110 864 907 857 906 857 905 857 880 864 873 865 863 864 827 858 826 858 824 858 811 864 807 865 794 864 748 858 747 858 673 864 642 867 622 864 582 859 580 859 557 864 547 867 538 864 519 859 518 859 517 859 490 864 478 867 455 864 406 859 405 859 404 859 383 864 368 868 329 864 281 860 280 860 153 864 155 898"/></Shape>
	    <String CONTENT="dad 64 reyes; me obedecen 12 arzobispos, 30 obispos y 4 patriar-"
                    HPOS="153.0"
                    VPOS="855.0"
                    WIDTH="1239.0"
                    HEIGHT="63.0"></String>
          </TextLine>

          
          
          <TextLine ID="line_25"
                    TAGREFS="LT83"
                    BASELINE="153 943 1389 939" 
                    HPOS="152.0"
                    VPOS="902.0"
                    WIDTH="1237.0"
                    HEIGHT="57.0">
            <Shape><Polygon POINTS="153 943 153 959 1389 955 1389 939 1385 904 814 909 807 907 791 902 789 902 788 902 751 908 738 909 731 908 711 902 709 902 634 902 633 902 600 908 594 909 570 909 471 904 470 904 469 904 458 909 454 910 448 909 419 903 418 903 416 903 415 903 404 909 403 910 401 909 389 904 388 904 386 904 338 910 330 910 329 910 317 903 316 903 315 903 200 903 199 903 152 910 153 943"/></Shape>
	    <String CONTENT="cas. El dominio de mis tierras se extiende á diez mil leguas"
                    HPOS="152.0"
                    VPOS="902.0"
                    WIDTH="1237.0"
                    HEIGHT="57.0"></String>
          </TextLine>

          
          
          <TextLine ID="line_26"
                    TAGREFS="LT83"
                    BASELINE="150 985 1383 983" 
                    HPOS="148.0"
                    VPOS="952.0"
                    WIDTH="1235.0"
                    HEIGHT="53.0">
            <Shape><Polygon POINTS="150 985 150 1000 589 1005 590 1005 592 1005 602 1003 613 999 756 1003 818 1004 819 1004 832 1003 877 998 907 1003 915 1004 916 1004 917 1004 918 1004 920 1003 930 998 1056 998 1104 1004 1110 1004 1111 1004 1112 1004 1114 1004 1132 998 1144 1004 1145 1004 1146 1004 1147 1005 1220 1005 1220 1004 1226 1004 1311 998 1380 1004 1383 983 1380 953 148 952 150 985"/></Shape>
	    <String CONTENT="cuadradas, en las que tengo dos provincias muy importantes,"
                    HPOS="148.0"
                    VPOS="952.0"
                    WIDTH="1235.0"
                    HEIGHT="53.0"></String>
          </TextLine>

          
          
          <TextLine ID="line_27"
                    TAGREFS="LT83"
                    BASELINE="148 1032 1387 1028" 
                    HPOS="147.0"
                    VPOS="990.0"
                    WIDTH="1240.0"
                    HEIGHT="63.0">
            <Shape><Polygon POINTS="148 1032 148 1053 186 1053 186 1052 187 1052 189 1052 201 1044 376 1044 404 1052 405 1052 406 1052 409 1052 455 1044 470 1052 471 1052 473 1053 530 1053 530 1052 532 1052 533 1052 564 1043 594 1050 595 1050 597 1052 706 1052 706 1050 707 1050 723 1043 898 1050 903 1050 905 1050 907 1050 980 1042 1003 1049 1005 1049 1006 1049 1060 1042 1101 1049 1102 1049 1177 1042 1384 1049 1387 1028 1384 999 1345 990 1344 990 1271 998 1269 998 1268 998 1248 990 1246 990 1245 990 1244 990 1216 998 1210 1000 1175 1000 1171 998 1162 992 1161 992 1160 992 1159 992 1066 997 1025 999 1019 997 1002 990 1001 990 1000 990 938 997 907 999 896 997 888 994 887 994 886 994 885 994 878 997 865 1002 673 1002 660 995 654 992 653 992 598 992 597 992 595 992 584 994 557 1002 280 993 257 993 256 993 252 993 199 1002 147 993 148 1032"/></Shape>
	    <String CONTENT="llamadas India mayor é India menor, en las que se crian mucha"
                    HPOS="147.0"
                    VPOS="990.0"
                    WIDTH="1240.0"
                    HEIGHT="63.0"></String>
          </TextLine>

          
          
          <TextLine ID="line_28"
                    TAGREFS="LT83"
                    BASELINE="151 1075 1384 1072" 
                    HPOS="150.0"
                    VPOS="1035.0"
                    WIDTH="1234.0"
                    HEIGHT="60.0">
            <Shape><Polygon POINTS="151 1075 151 1089 310 1089 334 1095 335 1095 336 1095 371 1089 907 1094 908 1094 976 1088 991 1087 998 1088 1024 1093 1025 1093 1070 1088 1082 1087 1101 1088 1180 1093 1181 1093 1383 1087 1384 1072 1382 1044 1160 1035 1159 1035 1110 1043 1060 1035 1059 1035 1016 1043 991 1035 990 1035 988 1035 987 1035 970 1044 920 1038 918 1038 763 1044 748 1037 747 1037 746 1037 744 1037 727 1044 693 1038 692 1038 691 1038 677 1045 602 1045 562 1037 560 1037 529 1043 510 1038 509 1038 508 1038 506 1038 491 1045 458 1038 456 1038 390 1045 364 1038 363 1038 217 1038 216 1038 150 1047 151 1075"/></Shape>
	    <String CONTENT="variedad de animales y aves de tan grandes fuerzas, que sin"
                    HPOS="150.0"
                    VPOS="1035.0"
                    WIDTH="1234.0"
                    HEIGHT="60.0"></String>
          </TextLine>

          
          
          <TextLine ID="line_29"
                    TAGREFS="LT83"
                    BASELINE="145 1120 1382 1118" 
                    HPOS="143.0"
                    VPOS="1080.0"
                    WIDTH="1239.0"
                    HEIGHT="59.0">
            <Shape><Polygon POINTS="145 1120 145 1139 764 1132 1379 1137 1382 1118 1378 1082 1341 1089 1245 1089 1219 1082 1209 1080 1208 1080 1189 1083 1145 1088 1130 1083 1122 1080 1121 1080 1120 1080 1101 1083 1069 1088 1030 1084 1000 1080 998 1080 997 1080 990 1084 982 1088 967 1084 953 1080 952 1080 951 1080 950 1080 948 1080 943 1084 936 1089 799 1089 787 1085 768 1080 767 1080 766 1080 652 1087 589 1089 584 1087 574 1082 573 1082 572 1082 570 1082 554 1087 550 1088 547 1087 530 1082 529 1082 401 1082 400 1082 341 1088 331 1089 330 1088 316 1082 315 1082 220 1082 219 1082 143 1089 145 1120"/></Shape>
	    <String CONTENT="perder el vuelo arrebatan del suelo las reses y se las llevan al"
                    HPOS="143.0"
                    VPOS="1080.0"
                    WIDTH="1239.0"
                    HEIGHT="59.0"></String>
          </TextLine>

          
          
          <TextLine ID="line_30"
                    TAGREFS="LT83"
                    BASELINE="145 1166 1380 1162" 
                    HPOS="143.0"
                    VPOS="1126.0"
                    WIDTH="1237.0"
                    HEIGHT="61.0">
            <Shape><Polygon POINTS="145 1166 145 1183 259 1187 260 1187 261 1187 262 1187 267 1183 276 1179 327 1179 376 1183 411 1187 413 1187 414 1187 424 1183 438 1178 638 1178 684 1183 702 1186 703 1186 719 1183 761 1178 777 1183 783 1186 784 1186 786 1187 963 1187 963 1186 1005 1183 1127 1177 1162 1183 1164 1184 1380 1184 1380 1162 1378 1133 1283 1133 1269 1126 1268 1126 1266 1126 1265 1126 1248 1133 1137 1133 1110 1126 1109 1126 1107 1126 1106 1126 1092 1133 1007 1133 971 1126 970 1126 968 1126 948 1133 908 1127 907 1127 862 1133 831 1127 829 1127 723 1133 684 1127 683 1127 615 1133 525 1128 524 1128 523 1128 500 1134 468 1128 466 1128 286 1134 275 1128 274 1128 272 1128 177 1128 176 1128 175 1128 143 1136 145 1166"/></Shape>
	    <String CONTENT="nido para que coman sus hijuelos. Con los dromedarios, elefan-"
                    HPOS="143.0"
                    VPOS="1126.0"
                    WIDTH="1237.0"
                    HEIGHT="61.0"></String>
          </TextLine>

          
          
          <TextLine ID="line_31"
                    TAGREFS="LT83"
                    BASELINE="145 1211 1379 1208" 
                    HPOS="143.0"
                    VPOS="1173.0"
                    WIDTH="1236.0"
                    HEIGHT="61.0">
            <Shape><Polygon POINTS="145 1211 145 1229 170 1224 181 1229 187 1233 189 1233 190 1234 257 1234 257 1233 276 1231 307 1224 335 1231 349 1233 350 1233 364 1231 388 1224 409 1231 419 1233 420 1233 421 1233 423 1233 424 1233 428 1231 439 1224 544 1224 569 1231 578 1233 579 1233 580 1233 582 1233 589 1231 610 1224 622 1231 627 1233 628 1233 629 1234 679 1234 679 1233 693 1231 727 1224 746 1231 751 1233 752 1233 753 1233 754 1233 756 1233 758 1231 767 1226 804 1232 812 1232 813 1232 834 1232 998 1223 1015 1232 1016 1232 1017 1232 1019 1233 1134 1233 1134 1232 1135 1232 1136 1232 1165 1224 1377 1232 1379 1208 1377 1181 1330 1173 1329 1173 1296 1179 1295 1179 1271 1173 1270 1173 1269 1173 1239 1179 1236 1179 1215 1179 967 1173 966 1173 965 1173 948 1178 943 1179 940 1178 922 1173 921 1173 920 1173 918 1173 900 1178 893 1179 887 1178 871 1173 870 1173 868 1173 837 1178 824 1179 806 1178 762 1173 761 1173 724 1177 696 1181 143 1176 145 1211"/></Shape>
	    <String CONTENT="tes, camellos y unicornios, se labran los campos y hacen las la-"
                    HPOS="143.0"
                    VPOS="1173.0"
                    WIDTH="1236.0"
                    HEIGHT="61.0"></String>
          </TextLine>

          
          
          <TextLine ID="line_32"
                    TAGREFS="LT83"
                    BASELINE="142 1256 1101 1254" 
                    HPOS="141.0"
                    VPOS="1218.0"
                    WIDTH="960.0"
                    HEIGHT="56.0">
            <Shape><Polygon POINTS="142 1256 142 1274 202 1267 237 1273 239 1274 336 1274 336 1273 338 1273 339 1273 349 1267 420 1273 421 1273 423 1273 448 1267 455 1273 456 1273 458 1273 459 1273 570 1267 1099 1272 1101 1254 1099 1228 1050 1221 1049 1221 1005 1227 995 1228 992 1227 978 1218 977 1218 976 1218 948 1218 947 1218 946 1218 945 1218 931 1227 927 1229 890 1229 883 1226 861 1218 860 1218 858 1218 819 1226 806 1229 726 1229 719 1226 714 1222 713 1222 712 1222 711 1222 674 1224 633 1228 625 1224 613 1218 612 1218 610 1218 609 1218 585 1224 569 1228 564 1224 558 1219 557 1219 555 1219 554 1219 553 1219 535 1224 528 1226 522 1224 505 1218 504 1218 434 1218 433 1218 431 1218 419 1223 413 1226 406 1223 395 1218 394 1218 393 1218 359 1223 335 1226 141 1222 142 1256"/></Shape>
	    <String CONTENT="bores que necesitamos."
                    HPOS="141.0"
                    VPOS="1218.0"
                    WIDTH="960.0"
                    HEIGHT="56.0"></String>
          </TextLine>

          
          
          <TextLine ID="line_33"
                    TAGREFS="LT83"
                    BASELINE="146 1296 1378 1299" 
                    HPOS="145.0"
                    VPOS="1259.0"
                    WIDTH="1233.0"
                    HEIGHT="60.0">
            <Shape><Polygon POINTS="146 1296 145 1307 219 1317 220 1317 465 1311 558 1318 559 1318 589 1312 610 1318 612 1318 613 1319 754 1319 754 1318 756 1318 786 1311 824 1318 826 1318 827 1318 850 1311 922 1311 967 1319 968 1319 998 1313 1037 1319 1039 1319 1040 1319 1071 1312 1102 1318 1104 1318 1105 1318 1125 1312 1377 1312 1378 1299 1377 1272 1330 1262 1329 1262 1221 1268 1200 1262 1199 1262 1029 1262 1027 1262 1026 1262 1006 1269 966 1261 965 1261 930 1268 905 1261 903 1261 902 1261 901 1261 875 1269 873 1269 789 1262 788 1262 747 1269 744 1269 732 1263 731 1263 729 1263 618 1269 600 1269 598 1269 579 1263 578 1263 577 1263 575 1263 563 1269 560 1269 559 1269 533 1259 532 1259 530 1259 460 1268 459 1268 458 1268 416 1262 415 1262 265 1268 246 1268 242 1268 205 1259 204 1259 202 1259 184 1268 181 1268 146 1268 146 1296"/></Shape>
	    <String CONTENT="Tengo en mis Estados un territorio cuyos habitantes no tie-"
                    HPOS="145.0"
                    VPOS="1259.0"
                    WIDTH="1233.0"
                    HEIGHT="60.0"></String>
          </TextLine>

          
          
          <TextLine ID="line_34"
                    TAGREFS="LT83"
                    BASELINE="136 1346 1378 1343" 
                    HPOS="135.0"
                    VPOS="1306.0"
                    WIDTH="1243.0"
                    HEIGHT="58.0">
            <Shape><Polygon POINTS="136 1346 136 1358 438 1358 439 1358 451 1364 453 1364 454 1364 493 1358 498 1358 503 1358 559 1364 560 1364 708 1358 763 1357 784 1359 826 1363 827 1363 885 1359 918 1357 942 1359 978 1363 980 1363 1030 1359 1064 1357 1079 1359 1099 1363 1100 1363 1378 1359 1378 1343 1374 1313 1276 1313 1274 1313 1253 1306 1251 1306 1250 1306 1096 1313 1084 1313 1081 1313 1056 1306 1055 1306 1054 1306 922 1313 918 1313 897 1306 896 1306 895 1306 834 1312 767 1306 766 1306 637 1307 635 1307 619 1314 618 1314 603 1314 470 1307 469 1307 424 1314 423 1314 421 1314 398 1307 396 1307 395 1307 394 1307 363 1314 361 1314 325 1307 324 1307 322 1307 321 1307 310 1314 309 1314 306 1314 176 1308 175 1308 135 1314 136 1346"/></Shape>
	    <String CONTENT="nen mas de un ojo en medio de la frente; cuando muere alguno"
                    HPOS="135.0"
                    VPOS="1306.0"
                    WIDTH="1243.0"
                    HEIGHT="58.0"></String>
          </TextLine>

          
          
          <TextLine ID="line_35"
                    TAGREFS="LT83"
                    BASELINE="135 1389 1377 1389" 
                    HPOS="135.0"
                    VPOS="1353.0"
                    WIDTH="1242.0"
                    HEIGHT="54.0">
            <Shape><Polygon POINTS="135 1389 135 1406 1375 1407 1377 1389 1375 1353 1293 1359 1223 1353 1215 1353 1214 1353 1205 1353 1136 1361 1031 1361 1021 1354 1020 1353 1019 1353 1017 1353 1016 1353 1003 1354 968 1359 951 1354 945 1353 943 1353 942 1353 923 1354 881 1359 850 1356 832 1353 831 1353 829 1353 823 1356 814 1359 807 1356 802 1353 801 1353 799 1353 135 1358 135 1389"/></Shape>
	    <String CONTENT="se le comen entre sus parientes, á los cuales llaman gomeos; ha-"
                    HPOS="135.0"
                    VPOS="1353.0"
                    WIDTH="1242.0"
                    HEIGHT="54.0"></String>
          </TextLine>

          
          
          <TextLine ID="line_36"
                    TAGREFS="LT83"
                    BASELINE="133 1435 1375 1435" 
                    HPOS="133.0"
                    VPOS="1398.0"
                    WIDTH="1242.0"
                    HEIGHT="55.0">
            <Shape><Polygon POINTS="133 1435 133 1450 1374 1453 1375 1435 1374 1398 1325 1404 1279 1398 1275 1398 1274 1398 1273 1398 1271 1398 1250 1404 1233 1398 1231 1398 1230 1398 1229 1398 1228 1398 1226 1398 1205 1404 1184 1398 1181 1398 1180 1398 1060 1398 1059 1398 1057 1398 1054 1399 1040 1404 977 1399 955 1398 953 1398 942 1399 915 1404 890 1399 878 1398 877 1398 861 1401 831 1404 779 1401 746 1398 744 1398 743 1398 737 1401 729 1406 607 1406 599 1402 592 1398 590 1398 589 1398 588 1398 580 1402 573 1406 486 1406 481 1402 475 1398 474 1398 473 1398 471 1398 470 1398 456 1402 446 1404 423 1402 379 1398 378 1398 133 1403 133 1435"/></Shape>
	    <String CONTENT="bitan entre dos sierras tan ásperas, que ni pueden llegar hasta"
                    HPOS="133.0"
                    VPOS="1398.0"
                    WIDTH="1242.0"
                    HEIGHT="55.0"></String>
          </TextLine>

          
          
          <TextLine ID="line_37"
                    TAGREFS="LT83"
                    BASELINE="128 1480 1373 1477" 
                    HPOS="127.0"
                    VPOS="1442.0"
                    WIDTH="1246.0"
                    HEIGHT="56.0">
            <Shape><Polygon POINTS="128 1480 128 1498 1373 1495 1373 1477 1370 1450 926 1442 925 1442 923 1442 896 1448 853 1442 852 1442 802 1450 801 1450 747 1442 746 1442 744 1442 722 1451 719 1452 682 1452 679 1451 669 1443 668 1443 667 1443 665 1443 632 1450 548 1443 547 1443 545 1443 517 1451 514 1451 512 1451 479 1443 478 1443 330 1451 324 1451 309 1443 307 1443 306 1443 245 1450 231 1443 230 1443 229 1443 227 1443 214 1451 127 1451 128 1480"/></Shape>
	    <String CONTENT="nosotros ni nosotros á ellos por la profundidad del valle en que"
                    HPOS="127.0"
                    VPOS="1442.0"
                    WIDTH="1246.0"
                    HEIGHT="56.0"></String>
          </TextLine>

          
          
          <TextLine ID="line_38"
                    TAGREFS="LT83"
                    BASELINE="130 1525 1370 1521" 
                    HPOS="128.0"
                    VPOS="1485.0"
                    WIDTH="1242.0"
                    HEIGHT="58.0">
            <Shape><Polygon POINTS="130 1525 130 1543 1369 1536 1370 1521 1368 1495 1288 1487 1286 1487 1253 1493 1231 1485 1230 1485 1190 1485 1189 1485 1109 1495 965 1495 917 1486 916 1486 915 1486 892 1495 856 1487 855 1487 792 1495 776 1486 774 1486 698 1486 697 1486 696 1486 669 1495 657 1488 655 1488 543 1486 542 1486 540 1486 501 1496 500 1496 486 1490 485 1490 484 1490 444 1496 443 1496 440 1496 399 1487 398 1487 396 1487 379 1496 379 1497 330 1497 327 1496 215 1487 214 1487 212 1487 211 1487 197 1496 157 1487 156 1487 155 1487 128 1496 130 1525"/></Shape>
	    <String CONTENT="se crian: siendo en tanto número los que hay, que si Dios no hu-"
                    HPOS="128.0"
                    VPOS="1485.0"
                    WIDTH="1242.0"
                    HEIGHT="58.0"></String>
          </TextLine>

          
          
          <TextLine ID="line_39"
                    TAGREFS="LT83"
                    BASELINE="127 1570 1365 1570" 
                    HPOS="127.0"
                    VPOS="1532.0"
                    WIDTH="1238.0"
                    HEIGHT="58.0">
            <Shape><Polygon POINTS="127 1570 127 1585 317 1590 319 1590 360 1586 396 1583 440 1587 484 1590 485 1590 562 1587 662 1583 679 1587 689 1590 691 1590 692 1590 727 1587 794 1583 823 1588 836 1590 837 1590 857 1588 910 1583 928 1588 933 1590 935 1590 936 1590 945 1588 977 1583 1021 1588 1031 1590 1032 1590 1034 1590 1036 1588 1055 1583 1089 1590 1095 1590 1096 1590 1121 1590 1283 1583 1364 1590 1365 1570 1365 1542 1290 1532 1289 1532 1179 1541 1171 1541 1166 1541 1109 1532 1107 1532 1069 1541 1064 1541 1055 1541 983 1532 982 1532 981 1532 953 1540 948 1541 941 1540 898 1532 897 1532 865 1540 856 1542 762 1542 757 1540 744 1532 743 1532 742 1532 668 1538 639 1542 584 1542 578 1538 570 1533 569 1533 568 1533 567 1533 539 1538 522 1541 483 1538 411 1532 314 1532 312 1532 311 1532 310 1532 302 1537 296 1541 286 1537 272 1532 271 1532 270 1532 245 1537 225 1541 127 1537 127 1570"/></Shape>
	    <String CONTENT="biera pemmitido que estuvieran encerrados allí por la naturaleza,"
                    HPOS="127.0"
                    VPOS="1532.0"
                    WIDTH="1238.0"
                    HEIGHT="58.0"></String>
          </TextLine>

          
          
          <TextLine ID="line_40"
                    TAGREFS="LT83"
                    BASELINE="127 1615 1367 1612" 
                    HPOS="126.0"
                    VPOS="1575.0"
                    WIDTH="1241.0"
                    HEIGHT="60.0">
            <Shape><Polygon POINTS="127 1615 127 1635 194 1628 525 1628 540 1635 542 1635 543 1635 544 1635 565 1635 727 1628 741 1633 743 1635 744 1635 746 1635 751 1633 781 1627 814 1633 816 1635 946 1635 946 1633 947 1633 970 1627 1032 1633 1037 1633 1039 1633 1046 1633 1140 1627 1365 1632 1367 1612 1364 1583 1246 1583 1246 1582 1228 1575 1226 1575 1109 1575 1107 1575 1106 1575 1086 1582 1085 1582 1072 1582 957 1575 956 1575 891 1581 878 1583 833 1583 829 1581 817 1575 816 1575 814 1575 659 1576 658 1576 657 1576 649 1581 643 1583 126 1580 127 1615"/></Shape>
	    <String CONTENT="podian cubrir mucha parte de la tierra; habiendo tradicion que"
                    HPOS="126.0"
                    VPOS="1575.0"
                    WIDTH="1241.0"
                    HEIGHT="60.0"></String>
          </TextLine>

          
          
          <TextLine ID="line_41"
                    TAGREFS="LT83"
                    BASELINE="126 1661 1239 1658" 
                    HPOS="125.0"
                    VPOS="1622.0"
                    WIDTH="1114.0"
                    HEIGHT="58.0">
            <Shape><Polygon POINTS="126 1661 126 1673 449 1680 450 1680 488 1673 490 1673 506 1673 764 1678 766 1678 796 1672 801 1672 819 1672 955 1678 956 1678 1056 1672 1061 1672 1064 1672 1104 1678 1105 1678 1106 1678 1120 1672 1238 1672 1239 1658 1236 1630 1183 1622 1181 1622 1141 1630 1136 1630 1132 1630 1110 1622 1109 1622 1107 1622 1106 1622 1105 1622 1094 1630 1092 1630 1087 1630 1046 1623 1045 1623 1015 1630 1011 1630 1006 1630 952 1622 951 1622 950 1622 922 1630 921 1630 920 1630 900 1622 898 1622 897 1622 896 1622 876 1630 875 1631 703 1631 702 1630 689 1622 688 1622 687 1622 686 1622 684 1622 683 1622 674 1630 660 1623 659 1623 658 1623 558 1630 534 1631 525 1630 491 1623 490 1623 440 1630 430 1631 428 1630 415 1623 414 1623 354 1623 353 1623 315 1630 309 1631 306 1630 289 1623 287 1623 177 1623 176 1623 125 1630 126 1661"/></Shape>
	    <String CONTENT="no saldrán de aquel sitio hasta que venga el Ante-Cristo."
                    HPOS="125.0"
                    VPOS="1622.0"
                    WIDTH="1114.0"
                    HEIGHT="58.0"></String>
          </TextLine>

          
          
          <TextLine ID="line_42"
                    TAGREFS="LT83"
                    BASELINE="189 1706 1364 1702" 
                    HPOS="187.0"
                    VPOS="1672.0"
                    WIDTH="1177.0"
                    HEIGHT="52.0">
            <Shape><Polygon POINTS="189 1706 189 1724 1364 1719 1364 1702 1362 1672 187 1672 189 1706"/></Shape>
	    <String CONTENT="Hay otra provincia con una clase de gentes que tienen los"
                    HPOS="187.0"
                    VPOS="1672.0"
                    WIDTH="1177.0"
                    HEIGHT="52.0"></String>
          </TextLine>

          
          
          <TextLine ID="line_43"
                    TAGREFS="LT83"
                    BASELINE="123 1750 1362 1747" 
                    HPOS="122.0"
                    VPOS="1711.0"
                    WIDTH="1240.0"
                    HEIGHT="63.0">
            <Shape><Polygon POINTS="123 1750 123 1772 158 1765 358 1765 373 1771 378 1772 379 1772 380 1772 439 1770 574 1765 584 1769 592 1772 593 1772 594 1774 679 1774 679 1772 736 1767 791 1764 801 1767 811 1771 812 1771 813 1771 893 1766 953 1764 1039 1766 1245 1771 1246 1771 1248 1771 1275 1764 1278 1764 1360 1764 1362 1747 1359 1720 1229 1711 1228 1711 1226 1711 1204 1720 1201 1721 1076 1721 1074 1720 1052 1711 1051 1711 975 1711 973 1711 907 1720 901 1720 896 1720 818 1711 817 1711 816 1711 796 1720 794 1721 739 1721 713 1720 632 1715 630 1715 602 1720 594 1721 590 1720 573 1712 572 1712 570 1712 569 1712 539 1720 538 1720 506 1712 505 1712 504 1712 503 1712 486 1720 484 1721 479 1720 454 1715 453 1715 373 1720 355 1721 353 1720 335 1712 334 1712 220 1712 219 1712 217 1712 196 1719 158 1712 157 1712 122 1720 123 1750"/></Shape>
	    <String CONTENT="piés redondos; son pacíficos, y se ocupan nada mas que en labrar"
                    HPOS="122.0"
                    VPOS="1711.0"
                    WIDTH="1240.0"
                    HEIGHT="63.0"></String>
          </TextLine>

          
          
          <TextLine ID="line_44"
                    TAGREFS="LT83"
                    BASELINE="123 1796 1360 1792" 
                    HPOS="122.0"
                    VPOS="1757.0"
                    WIDTH="1238.0"
                    HEIGHT="60.0">
            <Shape><Polygon POINTS="123 1796 123 1811 346 1811 360 1817 361 1817 363 1817 483 1811 533 1817 534 1817 535 1817 567 1810 654 1816 655 1817 878 1817 878 1816 912 1810 937 1816 938 1816 940 1816 972 1810 1060 1815 1061 1815 1062 1815 1080 1809 1129 1815 1130 1816 1268 1816 1268 1815 1269 1815 1288 1809 1318 1815 1319 1815 1360 1806 1360 1792 1358 1764 1303 1757 1301 1757 1230 1764 1213 1765 1210 1764 1196 1757 1195 1757 1194 1757 1125 1764 1114 1765 1110 1765 1087 1757 1086 1757 1085 1757 1025 1765 1020 1765 1017 1765 995 1757 993 1757 992 1757 769 1766 752 1766 749 1766 716 1759 714 1759 713 1759 698 1766 697 1767 633 1767 632 1766 535 1759 534 1759 533 1759 506 1767 505 1767 503 1767 468 1761 466 1761 388 1767 349 1760 348 1760 346 1760 326 1767 290 1761 289 1761 287 1761 271 1767 200 1760 199 1760 122 1769 123 1796"/></Shape>
	    <String CONTENT="sus tierras. En otra isla tengo una generacion, cuyas gentes"
                    HPOS="122.0"
                    VPOS="1757.0"
                    WIDTH="1238.0"
                    HEIGHT="60.0"></String>
          </TextLine>

          
          
          <TextLine ID="line_47"
                    TAGREFS="LT83"
                    BASELINE="123 1839 1357 1839" 
                    HPOS="123.0"
                    VPOS="1805.0"
                    WIDTH="1234.0"
                    HEIGHT="54.0">
            <Shape><Polygon POINTS="123 1854 1355 1859 1357 1839 1355 1810 1155 1812 1140 1809 1127 1805 1126 1805 1125 1805 1124 1805 1112 1809 1100 1814 1034 1814 1021 1809 1012 1805 1011 1805 890 1805 888 1805 887 1805 880 1807 866 1812 846 1807 839 1806 838 1806 837 1806 789 1807 644 1812 624 1807 618 1805 617 1805 615 1805 614 1805 613 1805 610 1806 599 1814 495 1814 464 1806 455 1805 454 1805 446 1806 419 1812 403 1806 399 1805 398 1805 396 1805 395 1805 390 1806 368 1812 348 1806 344 1805 343 1805 341 1805 340 1805 336 1806 315 1811 204 1805 185 1805 184 1805 177 1805 135 1811 126 1805 123 1839 123 1854"/></Shape>
	    <String CONTENT="son de la alzada de una vara, con corta diferencia, pero son muy"
                    HPOS="123.0"
                    VPOS="1805.0"
                    WIDTH="1234.0"
                    HEIGHT="54.0"></String>
          </TextLine>

          
          
          <TextLine ID="line_48"
                    TAGREFS="LT83"
                    BASELINE="122 1880 1355 1885" 
                    HPOS="121.0"
                    VPOS="1845.0"
                    WIDTH="1234.0"
                    HEIGHT="61.0">
            <Shape><Polygon POINTS="122 1880 121 1894 165 1902 166 1902 167 1902 195 1896 286 1902 287 1902 374 1896 408 1902 409 1902 410 1902 425 1896 455 1904 456 1904 458 1904 615 1897 738 1905 739 1905 803 1899 882 1905 883 1905 1199 1900 1219 1906 1220 1906 1221 1906 1354 1899 1355 1885 1354 1856 1125 1849 1124 1849 1122 1849 1112 1854 1106 1857 1039 1854 981 1850 980 1850 978 1850 971 1852 963 1857 863 1857 846 1852 833 1849 832 1849 831 1849 829 1849 828 1849 824 1851 818 1856 746 1856 723 1851 701 1846 699 1846 698 1846 697 1846 691 1851 686 1854 667 1851 645 1847 644 1847 629 1850 608 1856 481 1856 466 1849 458 1846 456 1846 401 1845 400 1845 327 1849 216 1854 191 1847 182 1845 181 1845 180 1845 122 1846 122 1880"/></Shape>
	    <String CONTENT="belicosos. En otra provincia hay unos cerros muy elevados, en"
                    HPOS="121.0"
                    VPOS="1845.0"
                    WIDTH="1234.0"
                    HEIGHT="61.0"></String>
          </TextLine>

          
          
          <TextLine ID="line_49"
                    TAGREFS="LT83"
                    BASELINE="120 1925 1354 1930" 
                    HPOS="120.0"
                    VPOS="1890.0"
                    WIDTH="1234.0"
                    HEIGHT="61.0">
            <Shape><Polygon POINTS="120 1925 120 1946 368 1941 414 1947 429 1949 430 1949 450 1947 503 1942 595 1947 629 1949 630 1949 632 1949 638 1947 657 1942 768 1947 829 1950 831 1951 956 1951 956 1950 957 1950 958 1950 961 1947 968 1944 977 1947 982 1950 983 1950 985 1950 1353 1947 1354 1930 1354 1902 1328 1894 1326 1894 1325 1894 1226 1900 1156 1894 1155 1894 1099 1900 1090 1901 1081 1900 1031 1892 1030 1892 991 1899 985 1900 973 1899 913 1892 912 1892 831 1897 786 1900 778 1897 768 1892 767 1892 766 1892 764 1892 749 1896 736 1900 684 1896 640 1892 639 1892 638 1892 632 1895 624 1900 459 1900 413 1892 389 1890 388 1890 370 1892 334 1899 162 1899 120 1890 120 1925"/></Shape>
	    <String CONTENT="los que se cria gente que de cintura arriba son hombres y de"
                    HPOS="120.0"
                    VPOS="1890.0"
                    WIDTH="1234.0"
                    HEIGHT="61.0"></String>
          </TextLine>

          
          
          <TextLine ID="line_50"
                    TAGREFS="LT83"
                    BASELINE="118 1969 1353 1976" 
                    HPOS="117.0"
                    VPOS="1934.0"
                    WIDTH="1236.0"
                    HEIGHT="62.0">
            <Shape><Polygon POINTS="118 1969 117 1981 219 1989 220 1989 280 1984 325 1991 326 1991 688 1988 736 1994 737 1994 886 1988 902 1994 903 1994 905 1994 1119 1989 1260 1996 1261 1996 1352 1989 1353 1976 1350 1940 1250 1941 1249 1941 1248 1941 1238 1947 1159 1940 1146 1939 1145 1939 1144 1939 1140 1940 1116 1946 965 1946 950 1940 942 1937 941 1937 836 1937 834 1937 833 1937 823 1940 802 1945 781 1940 768 1937 767 1937 766 1937 761 1940 751 1945 718 1940 692 1936 691 1936 672 1940 658 1942 614 1940 529 1935 528 1935 498 1940 483 1944 375 1944 366 1940 349 1935 348 1935 346 1935 345 1935 331 1940 329 1941 326 1940 309 1935 307 1935 306 1935 225 1940 209 1941 201 1940 161 1934 160 1934 118 1940 118 1969"/></Shape>
	    <String CONTENT="cintura abajo son caballos, y lo mismo las mujeres: estos pelean"
                    HPOS="117.0"
                    VPOS="1934.0"
                    WIDTH="1236.0"
                    HEIGHT="62.0"></String>
          </TextLine>

          
          
          <TextLine ID="line_51"
                    TAGREFS="LT83"
                    BASELINE="116 2011 1352 2021" 
                    HPOS="116.0"
                    VPOS="1978.0"
                    WIDTH="1236.0"
                    HEIGHT="66.0">
            <Shape><Polygon POINTS="116 2011 116 2028 236 2028 247 2030 271 2035 272 2035 348 2031 393 2029 406 2031 425 2036 426 2036 428 2036 503 2033 544 2031 558 2034 580 2038 582 2038 633 2035 686 2031 712 2035 733 2039 734 2039 736 2039 744 2036 756 2033 870 2033 888 2038 898 2040 900 2040 901 2040 937 2038 1010 2034 1032 2039 1041 2041 1042 2041 1044 2041 1082 2040 1191 2035 1218 2041 1223 2043 1224 2043 1225 2044 1350 2044 1352 2021 1350 1995 1308 1986 1250 1986 1249 1986 1248 1986 1246 1986 1236 1993 1235 1994 1234 1993 1224 1986 1223 1986 1221 1986 1100 1985 1099 1985 1097 1985 1086 1991 1082 1993 1076 1990 1062 1986 1061 1986 1060 1986 1059 1986 1045 1990 1036 1993 1015 1990 972 1984 971 1984 918 1989 883 1991 862 1988 841 1984 839 1984 767 1986 723 1988 707 1985 679 1981 678 1981 677 1981 664 1985 649 1989 613 1984 589 1981 588 1981 564 1984 522 1988 495 1983 481 1980 480 1980 468 1983 435 1988 336 1988 325 1980 324 1979 322 1979 321 1979 320 1979 319 1979 317 1979 316 1980 304 1988 266 1988 235 1979 230 1978 229 1978 227 1978 216 1979 158 1985 116 1978 116 2011"/></Shape>
	    <String CONTENT="fuertemente con los sagitarios, de los que hago traer algunos"
                    HPOS="116.0"
                    VPOS="1978.0"
                    WIDTH="1236.0"
                    HEIGHT="66.0"></String>
          </TextLine>

          
          
          <TextLine ID="line_52"
                    TAGREFS="LT83"
                    BASELINE="115 2055 1350 2066" 
                    HPOS="113.0"
                    VPOS="2021.0"
                    WIDTH="1237.0"
                    HEIGHT="64.0">
            <Shape><Polygon POINTS="115 2055 113 2069 161 2078 162 2078 242 2071 244 2071 262 2079 264 2079 265 2079 371 2073 379 2073 383 2073 419 2080 420 2080 588 2075 608 2075 615 2075 664 2083 665 2083 706 2076 709 2076 716 2076 752 2083 753 2083 829 2078 846 2078 852 2079 878 2084 880 2085 1349 2085 1350 2066 1348 2034 1199 2036 1167 2033 1146 2030 1145 2030 1131 2033 1102 2038 1090 2033 1085 2030 1084 2030 1082 2030 1057 2033 1010 2036 998 2031 995 2030 993 2030 992 2030 982 2031 961 2036 851 2031 744 2026 743 2026 742 2026 731 2031 723 2034 718 2031 712 2026 711 2026 709 2026 708 2026 707 2026 694 2030 687 2034 554 2034 545 2030 527 2024 525 2024 524 2024 495 2030 485 2031 438 2030 334 2025 332 2025 306 2029 297 2030 295 2029 284 2024 282 2024 281 2024 280 2024 269 2029 266 2030 264 2029 247 2021 246 2021 245 2021 244 2021 214 2029 211 2030 166 2030 163 2029 153 2021 152 2021 151 2021 150 2021 115 2028 115 2055"/></Shape>
	    <String CONTENT="á mi córte por curiosidad especial; los demás nunca salen de sus"
                    HPOS="113.0"
                    VPOS="2021.0"
                    WIDTH="1237.0"
                    HEIGHT="64.0"></String>
          </TextLine>

          
          
          <TextLine ID="line_53"
                    TAGREFS="LT83"
                    BASELINE="113 2098 1346 2113" 
                    HPOS="112.0"
                    VPOS="2061.0"
                    WIDTH="1234.0"
                    HEIGHT="74.0">
            <Shape><Polygon POINTS="112 2113 317 2115 317 2116 335 2124 336 2124 338 2124 409 2118 410 2118 415 2118 729 2129 731 2129 782 2123 783 2123 1037 2133 1039 2133 1115 2126 1124 2126 1140 2126 1286 2135 1288 2135 1345 2129 1346 2113 1345 2086 1210 2075 1140 2075 1139 2075 1137 2075 1124 2081 1120 2083 1109 2081 1072 2075 1071 2075 1012 2079 976 2081 965 2078 952 2074 951 2074 950 2074 906 2076 862 2080 850 2076 833 2070 832 2070 777 2070 776 2070 774 2070 766 2074 758 2078 739 2074 717 2069 716 2069 694 2073 668 2078 501 2076 485 2069 480 2066 479 2066 478 2066 476 2066 471 2068 453 2075 376 2075 366 2068 365 2068 364 2068 363 2068 361 2068 335 2074 309 2065 305 2064 304 2064 302 2064 284 2064 150 2071 115 2061 113 2098 112 2113"/></Shape>
	    <String CONTENT="montes. Tengo una provincia habitada por gigantes de la altu-"
                    HPOS="112.0"
                    VPOS="2061.0"
                    WIDTH="1234.0"
                    HEIGHT="74.0"></String>
          </TextLine>

          
          
          <TextLine ID="line_54"
                    TAGREFS="LT83"
                    BASELINE="111 2140 1345 2161" 
                    HPOS="110.0"
                    VPOS="2108.0"
                    WIDTH="1235.0"
                    HEIGHT="73.0">
            <Shape><Polygon POINTS="111 2140 110 2161 1343 2181 1345 2161 1345 2126 1221 2124 1220 2124 1219 2124 1218 2124 1195 2131 1116 2124 1115 2124 1005 2128 991 2120 990 2120 988 2120 987 2120 986 2120 985 2120 970 2126 951 2120 947 2119 946 2119 945 2119 938 2120 906 2126 838 2118 821 2116 819 2116 818 2116 812 2118 788 2124 743 2116 738 2116 737 2116 732 2116 677 2123 572 2121 544 2114 533 2111 532 2111 530 2111 525 2114 514 2119 491 2113 490 2113 489 2113 488 2113 486 2113 485 2113 463 2119 438 2111 435 2111 434 2111 433 2111 419 2111 343 2116 324 2110 315 2108 314 2108 111 2108 111 2140"/></Shape>
	    <String CONTENT="ra de dos hombres los que no me pagan tributo, aunque están á"
                    HPOS="110.0"
                    VPOS="2108.0"
                    WIDTH="1235.0"
                    HEIGHT="73.0"></String>
          </TextLine>

          
        </TextBlock>
        

        
      </PrintSpace>
    </Page>
  </Layout>
</alto>
