1554 2236
505.0 121.0 439.0 88.0 HISTORIA

660.0 209.0 184.0 63.0 DEL INFANTE

226.0 293.0 1028.0 143.0 DON PEDRO DE PORTUGAL.

508.0 489.0 467.0 52.0 CAPITULO PRIMERO.

126.0 566.0 1237.0 78.0 Cómo el infante D. Pedro de Portugal se partió de la villa d

166.0 626.0 1190.0 64.0 Barcelós á tomar la bendicion de su padre, con designio de ve

170.0 698.0 1202.0 54.0 todas las partes del mundo; y de cómo dió principio á su jornada.

170.0 751.0 1204.0 81.0 El infante D. Pedro fué hijo del rey D. Pedro de Portugal, pri-

134.0 817.0 1242.0 60.0 mero de este nombre. Deseaba con ánsia recorrer el mundo y ver

135.0 863.0 1248.0 62.0 cuanto en él habia. Dominado únicamente por tan irresistible de-

139.0 910.0 1243.0 58.0 seo, determinó, pues, emprender este viaje, pero no quiso hacerlo

140.0 952.0 1241.0 59.0 sin recibir antes la bendicion paternal. Hizo prevenir lo necesario,

142.0 1004.0 1244.0 46.0 eligiendo doce de sus mejores criados que le acompañasen en tan

141.0 1040.0 1247.0 60.0 dilatada como arriesgada expedicion. Salió de la villa de Barce-

146.0 1089.0 1242.0 61.0 lós, donde residia, dirigiéndose á la córte, y habiéndose presen-

145.0 1132.0 1246.0 59.0 tado á su padre y manifestado el designio que le conducia, le

149.0 1180.0 1239.0 59.0 pidió su beneplácito y bendicion para emprender aquella jornada.

151.0 1224.0 1242.0 60.0 Mucho lo sintió el rey por ver se iba á exponer á un viaje tan

151.0 1268.0 1246.0 63.0 largo y peligroso; pero no pudo ménos de condescender á los rue-

155.0 1314.0 1244.0 59.0 gos é instancias que le hizo su hijo; y despues de haberle prodi-

157.0 1361.0 1241.0 58.0 gado los sábios y saludables consejos que le dictó su prudencia,

155.0 1407.0 1244.0 57.0 dispuso que le entregaran veinte mil doblas de oro y una porcion

157.0 1449.0 1203.0 61.0 de joyas de inestimable valor, despidiéndole con su bendicion.

227.0 1491.0 1181.0 61.0 Partió en seguida el infante para Valladolid á despedirse de

164.0 1545.0 1247.0 51.0 su primo el rey D. Juan Il de Castilla, quien apenas supo de su

167.0 1586.0 1241.0 57.0 llegada salió á recibirle; y enterado de la intencion que llevaba,

167.0 1629.0 1247.0 57.0 mandó darle cien mil escudos de oro y un faraute ó intérprete

167.0 1673.0 1250.0 63.0 de lenguas que le acompañase en su jornada, llamado García

171.0 1719.0 1246.0 67.0 Ramirez. despues de lo cual se despidieron afectuosamente, y el

172.0 1766.0 842.0 72.0 infante dió principio á su deseada empresa.

297.0 1833.0 1029.0 61.0 Aquí principia la relacion de Gomez de Santistéban.

246.0 1890.0 1177.0 73.0 Salimos de Valladolid todos juntos con direccion á Lisboa,

186.0 1951.0 1243.0 61.0 donde permanecimos cinco dias aguardando viento favorable para

191.0 1997.0 1238.0 56.0 dar á la vela con una fragata maltesa, donde debiamos embar-

191.0 2037.0 1243.0 64.0 carnos, cuyo viaje hacia á la ciudad de Venecia. En efecto dimos

193.0 2081.0 1240.0 81.0 la vela para aquel puerto, al que arribamos con toda felicidad,
