1565 2225
676.0 104.0 143.0 0.0 7

129.0 132.0 1236.0 58.0 alguna, viendo tambien el sauco donde se ahorcó aquel pérfido

128.0 176.0 1236.0 60.0 discípulo. Despues nos volvimos á la antigua ciudad de Jerusa-

132.0 222.0 1232.0 56.0 len, en la que vimos las casas de Anás y silla donde se sentaba;

131.0 264.0 1239.0 59.0 la de Pilatos y su pretorio, con la columna en que fué azotado el

132.0 311.0 1240.0 61.0 Señor, donde dimos doce ducados por todos: las ruinas del tem-

135.0 357.0 1240.0 57.0 plo de Salomon; la casa de San Joaquin, la mas conocida en la

133.0 401.0 1241.0 58.0 ciudad por tener los umbrales, puertas y cerraduras todo de pie-

134.0 446.0 1243.0 60.0 dra: la cueva donde San Pedro lloró su pecado, pagando aquí

135.0 493.0 1245.0 57.0 cuatro dineros cada uno: luego pasamos á ver el sepulcro de

139.0 535.0 1243.0 60.0 Adan, que está en el valle de Ebron: de allí fuimos á ver el tron-

139.0 580.0 1246.0 60.0 co donde se cortó la Cruz en que murió Cristo: el huerto de Jeri-

143.0 626.0 1242.0 58.0 có, que está media legua de la ciudad: el monte Tabor, donde

145.0 672.0 1240.0 59.0 fué trasfigurado el Señor y donde fué enterrado Moisés, igno-

145.0 716.0 636.0 56.0 rándose el sitio de su sepulcro.

212.0 762.0 1181.0 58.0 Pasamos tambien al desierto donde ayunó el Señor, en el cual

154.0 805.0 1236.0 63.0 vimos los sepulcros de Daniel, el de Jeremías y el de Zacarías,

156.0 854.0 1237.0 60.0 volviéndonos despues al convento á despedirnos del padre guar-

156.0 897.0 898.0 63.0 dian, para emprender el camino de Armenia.

613.0 985.0 340.0 65.0 CAPITULO III.

160.0 1081.0 1245.0 66.0 Como el infante D. Dedro llega á la Armenia, donde se presentó

365.0 1137.0 836.0 73.0 al rey, pasando despues á otras provincias.

234.0 1260.0 1174.0 57.0 Entramos por las sierras de Armenia, que son las mas esca-

170.0 1305.0 1244.0 58.0 brosas y ásperas, pero fértiles al mismo tiempo, que hay en el

171.0 1351.0 1244.0 51.0 mundo: y aunque vulgarmente se dice estar los campos llenos de

170.0 1394.0 1246.0 55.0 leche y miel, es la causa de ello el estar plagados de muchedum-

174.0 1440.0 1247.0 56.0 bre de animales, como son elefantes, camellos y otra infinidad

173.0 1487.0 1249.0 54.0 de distintas especies, los que no pudiendo sus hijos consumir la

174.0 1529.0 1250.0 60.0 leche de que abundan, la vierten por donde pasan regando la

179.0 1576.0 1246.0 53.0 tierra. Son tambien tantos los enjambres de abejas de que abun-

178.0 1620.0 1249.0 59.0 dan los montes, que pueblan y llenan los árboles y peñascos con

178.0 1665.0 1249.0 60.0 sus panales, derramando tan copiosamente la miel, que corre por

181.0 1712.0 1249.0 59.0 varias partes; por lo que con alguna razon fundada se dice que

183.0 1757.0 896.0 52.0 aquellos campos están llenos de leche y miel.

242.0 1801.0 1191.0 60.0 Ninguno de los animales que pueblan aquellas ásperas mon-

185.0 1847.0 1248.0 59.0 tañas bebe agua hasta que viene el unicornio, que por lo regu-

187.0 1892.0 1248.0 56.0 lar suele ser al medio dia, hora que por su instinto saben todos:

187.0 1935.0 1254.0 65.0 al llegar mete el cuerno ó asta que lleva en la frente, y separa

189.0 1980.0 1253.0 62.0 el veneno que los muchos animales ponzoñosos que hay, como

191.0 2025.0 1251.0 64.0 son dragones, serpientes, áspides, escorpiones y vívoras de terri-

194.0 2068.0 1251.0 72.0 ble magnitud echan al agua; por cuya razon ningun caminante
