1560 2248
688.0 114.0 151.0 58.0 — 19—

136.0 176.0 1234.0 66.0 ticia á los porteros de cámara, y éstos á su majestad; con lo que

133.0 231.0 1235.0 56.0 se fué, volviendo á corto rato diciendo que pasásemos adelante.

136.0 271.0 1234.0 59.0 Le seguimos hasta donde estaban los primeros camareros, y él se

137.0 319.0 1234.0 56.0 quedó allí: uno de aquellos mandarines nos condujo hasta la an-

137.0 368.0 1230.0 52.0 tesala, en la que estaban seis reyes de armas y más de cien ala-

138.0 407.0 1232.0 56.0 barderos: uno de los reyes dió aviso al portero de cámara de nues-

138.0 450.0 1233.0 64.0 tra pretension, y este la comunicó á su majestad, el cual mandó

138.0 502.0 1235.0 52.0 entrásemos; puestos en órden con la mayor ceremonia y cortesía

138.0 544.0 1237.0 59.0 que pudimos, entramos en el real salon, en el que debajo de un

138.0 589.0 1237.0 59.0 magnifico dosel estaba sentado el Preste Juan con su esposa al

139.0 634.0 1233.0 60.0 lado, y un hijo que tenia el título de emperador de las pro-

141.0 678.0 1232.0 60.0 vincias Galdras. Hincamos la rodilla en tierra varias veces, has-

141.0 725.0 1234.0 60.0 ta llegar á la inmediacion del trono, en cuya postura el in-

141.0 770.0 1234.0 59.0 fante don Pedro sacó las cartas que llevaba de su primo, y po-

141.0 815.0 1235.0 51.0 niéndoselas sobre la cabeza, las besó con sumision y puso en las

141.0 860.0 1231.0 57.0 manos del Preste Juan, quien las recibió con la mayor cortesía,

142.0 906.0 1234.0 54.0 mandando á uno de sus camaremos las leyese. Enterado el sobe-

143.0 950.0 1235.0 60.0 rano de que el portador era primo del rey de Leon, le mandó

144.0 996.0 1234.0 59.0 sentarse y siguieron hablando largo tiempo, hasta que llegó la

142.0 1039.0 1236.0 56.0 hora de comer. Puestas que fueron las mesas le hizo sentarse á

144.0 1086.0 1233.0 57.0 su lado, prefiriéndole á los reyes que comian con él. Mandó tam-

146.0 1133.0 1234.0 57.0 bien poner otra mesa, en la que sentados todos los demás de la

143.0 1176.0 1234.0 57.0 comitiva del infante, nos sirvieron la comida con magnificencia.

211.0 1223.0 1170.0 57.0 Observamos con extrañeza que todos los dias ponian en la

144.0 1266.0 1237.0 61.0 mesa del Preste Juan cuatro fuentes de plata: en una habia la

146.0 1312.0 1234.0 56.0 cabeza ó cráneo de un difunto en representacion de la muerte;

146.0 1358.0 1235.0 56.0 en otra una porcion de tierra para recordarle lo que somos y en

147.0 1406.0 1234.0 56.0 lo que hemos de venir á parar; la tercerra llena de carbon en-

146.0 1448.0 1235.0 54.0 cendido, para representarle las penas del infierno, y la cuarta es-

149.0 1491.0 1232.0 56.0 taba llena de una fruta á modo de peras muy especiales, que por

147.0 1538.0 1235.0 53.0 cualquiera parte que se cortaban se veian dos cruces, una en ca-

147.0 1583.0 1235.0 58.0 da pedazo, y aunque se cortaran en muchas piezas todas sacaban

149.0 1624.0 1232.0 64.0 la cruz de Cristo Señor nuestro. En esta forma comia todos los

148.0 1671.0 1235.0 56.0 dias, y luego con muchas oraciones daba señales de observar la

153.0 1719.0 767.0 54.0 verdadera religion como buen cristiano.

216.0 1759.0 1164.0 61.0 Tres meses estuvimos en aquella córte muy bien tratados y

149.0 1807.0 1232.0 58.0 asistidos de todo lo necesario, en cuyo tiempo vimos cosas muy

149.0 1850.0 1232.0 59.0 maravillosas. Los sacerdotes son casados en aquella tierra; pe-

149.0 1898.0 1236.0 56.0 ro cuando quedan viudos no pueden volver á casarse, debien-

149.0 1939.0 1238.0 61.0 do entónces permanecer en la iglesia sin salir de ella hasta que

151.0 1984.0 1236.0 64.0 se mueren. Si él fallece antes, tampoco se le permite segundo

151.0 2029.0 1237.0 66.0 matrimonio á la mujer, debiendo guardar castidad por toda su

153.0 2071.0 1237.0 67.0 vida, y la que quebranta este precepto tiene irremisible pena

152.0 2118.0 1238.0 71.0 de muerte; por cuyo delito vimos quitar la vida á dos de ellas.
