1574 2225
672.0 42.0 149.0 56.0 —15—

121.0 110.0 1242.0 64.0 y con mucha majestad nos preguntó de qué nacion éramos y á

118.0 159.0 1247.0 54.0 qué parte se dirigia nuestro camino. El intérprete le contestó

118.0 206.0 1247.0 57.0 que éramos pobres peregrinos vasallos del rey de Leon, en —Espa-

117.0 248.0 1246.0 57.0 ña, y pasábamos, si nos lo permitian, á besar la mano al Preste

117.0 291.0 1249.0 60.0 Juan. El califa respondió que no le engañáramos, porque si nos

118.0 343.0 1250.0 53.0 encontraba en alguna mentira nos haria quemar vivos. García

119.0 381.0 1248.0 57.0 Ramirez le aseguró de ser la verdad lo que decia: Pues bajo esa

121.0 430.0 1244.0 59.0 palabra, dijo, y por respeto á vuestro soberano, os doy salvo-

117.0 473.0 1248.0 58.0 conducto y ámplia licencia para que permanezcais en la ciu-

118.0 519.0 1245.0 58.0 dad, la paseis y marcheis cuando tuviéreis por conveniente.

123.0 566.0 1237.0 49.0 Todos le besamos la mano por la merced que nos dispensaba, y

118.0 611.0 1244.0 56.0 con su beneplácito nos retiramos. Tres dias paseamos la ciudad,

119.0 651.0 1247.0 62.0 en la que vimos por una gracia especial la gran mezquita, di-

121.0 702.0 1246.0 49.0 cha la Kaba, sostenida por 400 columnas de mármol é iluminada

123.0 745.0 1245.0 59.0 por 300 lámparas de plata que arden contínuamente, techada en

123.0 788.0 1243.0 59.0 parte con láminas de oro, con más de 160 puertas de maderas fi-

123.0 836.0 1246.0 50.0 nas y colgadas de esquisitas tapicerias, donde está el sepulero

126.0 880.0 1242.0 55.0 ó zancarron de Mahoma, el que se halla en una suntuosísima ca-

126.0 924.0 1243.0 61.0 pilla toda labrada de piedras preciosas: en medio de ella y en el

126.0 970.0 1243.0 58.0 aire se ve el zancarron de aquel profeta, el cual está engastado

126.0 1017.0 1245.0 55.0 de fino acero: en cada uno de los ángulos de la capilla, que son

127.0 1061.0 1242.0 56.0 ocho, hay una loseta de piedra imán, y como cada una llama

128.0 1105.0 1239.0 55.0 igualmente para atraerse el acero del engaste del zancarron, es

131.0 1150.0 1240.0 56.0 la causa de que se sostenga en el aire sin inclinarse á ningun

128.0 1196.0 1239.0 52.0 lado, lo que atribuyen á milagro aquellos miserables fanáticos.

192.0 1239.0 1176.0 60.0 Despues nos dirigimos á ver los jardines reales, en los que

129.0 1285.0 1242.0 58.0 se ven tantas y tan maravillosas invenciones, que excedian á

128.0 1330.0 1243.0 58.0 cuantas hasta allí habiamos contemplado en los reinos y provin-

131.0 1375.0 1240.0 60.0 cias por donde transitábamos. Pasados tres dias, pagamos el tri-

133.0 1420.0 1239.0 53.0 buto de doce escudos de oro por cada uno, y nos dirigimos hácia

133.0 1466.0 1240.0 51.0 la tierra de los pigmeos, cuya estatura es de tres cuartas; la ca-

133.0 1510.0 1240.0 54.0 beza bastante gruesa y abultada; las piernas muy cortas; anchos

132.0 1558.0 1242.0 52.0 de hombros y espaldas; la voz es más gruesa de lo que parece

132.0 1600.0 1241.0 61.0 permitir su naturaleza; alcanzan mucha fuerza, siendo los peo-

132.0 1655.0 1241.0 48.0 res y más crueles hombres que hay en el mundo: es tanto lo que

131.0 1692.0 1243.0 55.0 abundan en número por todas partes, que á no estar contenidos

133.0 1735.0 1241.0 63.0 por un caudaloso rio que los separa y que no pueden salvar por

133.0 1784.0 1240.0 51.0 falta de conocimientos en la navegacion é industria, me parece

132.0 1825.0 1242.0 62.0 inundarian la mayor parte de la tierra habitable. En este país no

132.0 1872.0 1242.0 60.0 quisimos entrar, temerosos de algun fracaso, pasándonos por un

134.0 1919.0 1238.0 55.0 lado hácia la ciudad de Sonterra, donde habitan las amazonas,

133.0 1961.0 1246.0 55.0 cuyas mujeres son cristianas y viven sin hombre alguno: están

136.0 2006.0 1238.0 58.0 sujetas al Preste Juan: eligen entre ellas reina que las dirija y

134.0 2049.0 1242.0 84.0 justicia que las gobierne: labran sus campos, ejercitan todas
