1565 2257
781.0 76.0 101.0 56.0 —8—

196.0 157.0 1229.0 54.0 se atreve á beberla, teniendo que llevarla en vasijas, como tuvi-

193.0 201.0 500.0 52.0 mos que hacer nosotros.

254.0 239.0 1169.0 56.0 Por medio de estas sierras áridas pasa un caudaloso rio, el

188.0 284.0 1235.0 58.0 cual circumbala dos altísimas montañas que se descubren desde

188.0 333.0 1234.0 58.0 mas de treinta leguas por la parte del mar, sobre cuyas encum-

186.0 377.0 1236.0 60.0 bradas cimas descansa el arca de Noé, la que tiene todos sus cos-

184.0 422.0 1234.0 59.0 tados poblados de yerbas, verdin y musgo, advirtiéndose tam-

185.0 468.0 1233.0 53.0 bien estar sus bordes blancos por el estiércol de la muchedumbre

180.0 514.0 1237.0 60.0 de aves que sobre ella paran, y á la que nadie puede llegar sin

179.0 559.0 1235.0 55.0 exponerse á un inminente peligro por lo inexpugnable del sitio.

245.0 606.0 1168.0 53.0 Despues pasamos á la ciudad de Armenia, que es una de las

178.0 648.0 1236.0 62.0 mas fuertes y populosas del mundo; á nuestra llegada fuimos

173.0 694.0 1239.0 64.0 presentados al rey, quien nos preguntó nuestra procedencia y á

171.0 743.0 1234.0 55.0 qué parte nos dirigiamos; á lo que satisfizo nuestro intérprete,

169.0 786.0 1235.0 57.0 diciendo éramos vasallos del rey de Castilla y Leon, en España,

176.0 831.0 1230.0 63.0 y entre nosotros iba un pariente suyo: que nuestro viaje se diri-

171.0 876.0 1235.0 61.0 gia á ver al Preste Juan de las Indias. Mucho se alegró el rey de

171.0 926.0 1232.0 59.0 ello, mandando se nos diese muy buen hospedaje en su palacio,

168.0 973.0 1232.0 56.0 en el que permanecimos veinte dias por órden suya, en cuyo

169.0 1015.0 1234.0 53.0 tiempo se informó de la grandeza de nuestro soberano y de la

164.0 1060.0 1235.0 52.0 abundancia de sus tierras. Pasado este tiempo le pedimos su be-

164.0 1104.0 1235.0 65.0 neplácito para proseguir el camino, y habiéndolo concedido, y des-

168.0 1154.0 1228.0 61.0 pues de prodigar muchos ofrecimientos á nuestro soberano el rey

164.0 1198.0 1232.0 57.0 de Castilla y Leon, entregó al infante quinientas piezas de oro

164.0 1240.0 1230.0 61.0 para ayuda del viaje, que emprendimos para Babilonia, en Egipto.

224.0 1286.0 1165.0 56.0 Habiendo llegado á aquella ciudad nos presentamos al rey, y

158.0 1330.0 1230.0 56.0 despues de haberle informado García Ramirez quiénes éramos y

158.0 1375.0 1233.0 58.0 á qué provincia nos encaminábamos, se complació en conocer-

155.0 1419.0 1236.0 59.0 nos, manifestando ser paisano nuestro, natural de Castilla, hijo

155.0 1464.0 1238.0 58.0 del maestro Martin Yañez, natural de la Barbada, y que él habia

155.0 1509.0 1236.0 53.0 nacido en Villanueva de la Serena; que con motivo de haber

152.0 1553.0 1239.0 56.0 muerto los moros á su padre, le cautivaron á él siendo niño; y el

151.0 1598.0 1234.0 57.0 rey de Granada lo presentó al de Fez, quien lo crió en su secta;

154.0 1642.0 1234.0 63.0 y sabiendo era hijo de honrados padres, apasionados los moros á

149.0 1688.0 1237.0 62.0 sus buenos procederes y disposiciones, le aclamaron por soldan. Es-

149.0 1732.0 1235.0 64.0 te es el motivo, queridos paisanos, prosiguió diciendo, de hallar-

145.0 1780.0 1235.0 55.0 me en esta posicion en que me veis, en la cual os ofrezco servir

145.0 1824.0 1234.0 61.0 todo el tiempo que gusteis permanecer aquí. seguros de que na-

141.0 1869.0 1234.0 59.0 da os hará falta. Condescendimos con su solicitud, permanecien-

141.0 1919.0 1233.0 55.0 do á su lado cerca deun mes, regalándonos y obsequiándonos

145.0 1961.0 623.0 59.0 muy bien y cumplidamente.

147.0 2001.0 1228.0 66.0 Una tarde que salimos á pasearnos por la ciudad, vimos en

140.0 2051.0 1233.0 61.0 una de las plazas más públicas el cruel suplicio á que estaba des-

139.0 2100.0 1230.0 67.0 tinado un infeliz moro, enterrado hasta el cuello con señales de
