1559 2245
681.0 113.0 129.0 51.0 —11—

121.0 182.0 1237.0 56.0 nos mandó levantar y retirar hasta el dia siguiente, que nos hi-

122.0 226.0 1237.0 59.0 zo llamar; puestos de nuevo en su presencia, haciendo los mis-

123.0 273.0 1241.0 60.0 mos acatamientos, nos dijo esperásemos un poco, pues queria

121.0 318.0 1243.0 53.0 fuéramos con él á hacer oracion á su mezquita. Mandó llamar á

122.0 367.0 1241.0 54.0 sus mayordomos, criados y acompañamiento, que se presentaron

119.0 407.0 1246.0 59.0 con la mayor prontitud en la anchurosa y espaciosa plaza delan-

123.0 453.0 1242.0 50.0 te del real palacio, cuyo séquito se componia de cuatrocientos

118.0 497.0 1247.0 60.0 caballos con sus ginetes armados; cuatrocientos de á pié igual-

119.0 546.0 1246.0 47.0 mente armados; á éstos seguian doscientos moros negros que eran

121.0 586.0 1244.0 60.0 los pajes; éstos traian hachas y armas; detrás venia un almudan

122.0 633.0 1243.0 59.0 ó arzobispo, con cien alfaquíes, especie de abades, los que iban

121.0 680.0 1242.0 48.0 entonando en voz alta varias oraciones; seguíanle doce moras

123.0 722.0 1241.0 58.0 hermosísimas, ricamente vestidas de brocados de oro y plata, con

123.0 765.0 1242.0 59.0 tanta pedrería, que deslumbraba la vista á cuantos las miraban:

122.0 810.0 1246.0 55.0 á éstas las seguian otras doce jóvenes doncellas, igualmente

122.0 863.0 1246.0 48.0 adornadas, tras de las que venia un hermoso carro trianfal, sobre

122.0 900.0 1242.0 59.0 el cual iba un magnífico trono de oro guarnecido de brillantes,

123.0 945.0 1248.0 57.0 cubierto con un pabellon de brocado de lo mismo, en el que iba

126.0 991.0 1244.0 59.0 sentado aquel grande y poderoso señor, el célebre Tamerlan; sa-

128.0 1037.0 1243.0 56.0 lian de la carroza cincuenta cordones gruesos de oro, tejidos con

124.0 1081.0 1245.0 58.0 el mayor primor, y á cada uno iba asido un negro que tiraba de

124.0 1126.0 1245.0 55.0 él. Antes que diese principio la marcha, mandó el soberano fué-

128.0 1172.0 1242.0 59.0 semos á la inmediacion suya, cuya honra queria hacernos porque

127.0 1216.0 1131.0 53.0 éramos vasallos de su hijo el rey de Leon, segun él decia.

194.0 1260.0 1176.0 54.0 En esta forma caminamos á la mezquita: luego que entramos

127.0 1304.0 1243.0 59.0 en ella mandó que nos mostrasen todas las alhajas que habia, las

127.0 1350.0 1243.0 60.0 cuales eran tantas y tan costosas, que es imposible calcular su

129.0 1395.0 1241.0 59.0 número, como asimismo el valor á que podian ascender. Acabado

128.0 1436.0 1241.0 65.0 que fué aquel acto religioso, en el que hizo el Tamerlan los rezos

133.0 1489.0 1235.0 56.0 y oraciones segun su costumbre, mandó guiar la carroza por los

129.0 1529.0 1239.0 59.0 sitios mas públicos de la ciudad, para que nosotros viéramos su

133.0 1580.0 1236.0 50.0 grandiosidad y magnificencia, pues tiene sobre dos leguas de

132.0 1617.0 1238.0 54.0 largo. En esta forma dimos la vuelta á palacio, donde siendo ya

134.0 1663.0 1235.0 53.0 la hora de comer, ordenó se nos sirviese la comida al estilo de

134.0 1706.0 1234.0 57.0 nuestro país. Ellos, segun sus ritos, comen medio tendidos sobre

132.0 1749.0 1236.0 60.0 alfombras, en las cuales para la servidumbre de palacio, vimos

132.0 1797.0 1237.0 56.0 que pusieron hermosos guardamasiles y tapetes, y encima una

133.0 1834.0 1235.0 63.0 porcion de platos de oro y plata, muy finamente tallados, llenos

136.0 1882.0 1232.0 53.0 unos con sabrosísimos manjares, y otros con ricas y esquisitas

134.0 1928.0 1234.0 58.0 frutas de que abunda aquel país.A nosotros nos presentaron al-

137.0 1973.0 1231.0 59.0 gunas frutas muy buenas, leche, miel, manteca y carnes de dro-

133.0 2018.0 1237.0 58.0 medario, elefante, marfil, camello y unicornio, que algunos la

134.0 2062.0 1237.0 59.0 comimos de mala gana y contra nuestra voluntad, solo porque no

136.0 2106.0 1234.0 67.0 creyeran haciamos desprecio. Veinte dias nos tuvo en su palacio
