1558 2245
250.0 124.0 1169.0 58.0 Salimos despues para la poblacion de Torna, cuyo gobernador

188.0 165.0 1232.0 61.0 nos mandó seguir nuestra marcha, sin que tuviésemos que abo-

188.0 210.0 1235.0 60.0 nar tributo alguno, de lo que nos mostramos muy reconocidos,

189.0 256.0 1234.0 63.0 y seguimos para la ciudad de Pasiban, por la que pasaba un fa-

187.0 303.0 1236.0 58.0 moso rio que sale del Paraiso terrenal: en esta poblacion paga-

185.0 349.0 1240.0 55.0 mos un corto tributo; pero quiso el infante nos detuviéramos en

187.0 395.0 1238.0 58.0 ella á causa de ser hermosa y sus habitantes muy afables con los

189.0 439.0 268.0 62.0 peregrinos.

626.0 508.0 334.0 78.0 CAPITULO IV.

185.0 573.0 1237.0 70.0 Cómo el infante D. Pedro con su acompañamiento pasó á la

229.0 628.0 1196.0 64.0 ciudad de Capadocia y se presentó al gran Morato, de quien

750.0 54.0 138.0 50.0 —10—

228.0 677.0 1199.0 80.0 fué mal recibido, y despues tomó el camino para visitar al

228.0 720.0 571.0 70.0 grande y supremo Tamerlan.

244.0 796.0 1183.0 62.0 Salimos de la ciudad de Pasiban para la de Capadocia, á don-

185.0 841.0 1244.0 55.0 de llegamos sin el menor contratiempo; habiéndonos presentado

188.0 889.0 1241.0 60.0 al gran Morato ó virey de aquel Estado, nos recibió tan desabri-

189.0 934.0 1238.0 52.0 damente,, que fué preciso al infante y su comitiva salir al ins-

190.0 981.0 1238.0 57.0 tante de allí, tomando el camino para la célebre Ninive, en cuya

189.0 1023.0 1236.0 59.0 puerta hallamos una reforzada guardia de moros que la defendia.

188.0 1068.0 1241.0 60.0 Entramos sin que nos impidieran el paso; y entre la multitud

190.0 1116.0 1239.0 58.0 de gente que transitaba en todas direcciones ; nos dirigimos á

192.0 1167.0 1240.0 51.0 un grupo de hombres que vimos reunidos á la puerta de un

192.0 1209.0 1238.0 58.0 grande edificio, y García Ramirez, nuestro intérprete, preguntó

190.0 1252.0 1240.0 60.0 cuál de ellos queria servirnos de guía, hasta presentarnos al gran

195.0 1298.0 1234.0 51.0 Tamerlan: uno de las más jóvenes contestó que él iria siempre

190.0 1340.0 1238.0 55.0 que le pagásemos por su trabajo cuatro escudos de oro, porque

190.0 1388.0 1239.0 58.0 distaba más de una legua desde aquel punto, y de consiguiente

190.0 1433.0 1242.0 51.0 habia que transitar por muchas calles y plazas: le damos los

189.0 1476.0 1240.0 59.0 cuatro escudos que pidió, y marchamos con él hasta llegar al

189.0 1520.0 1241.0 62.0 palacio : pedimos licencia para entrar, y nos dijeron los guardias

190.0 1567.0 1242.0 61.0 que sin saber antes quiénes éramos y á qué ibamos, no podíamos

190.0 1612.0 1242.0 58.0 pasar adelante. García Ramirez les informó de todo, y enterados

190.0 1656.0 1240.0 55.0 de ello entró uno de los guardias: á corto rato volvió con el re-

189.0 1701.0 1241.0 62.0 cado de poder pasar adelante; así lo hicimos, y despues de atra-

193.0 1751.0 1239.0 54.0 vesar muchas antesalas entramos en un gran salon, donde des-

189.0 1793.0 1244.0 59.0 cubrimos un magnífico y suntuoso dosel, bajo del cual, en un

192.0 1838.0 1237.0 60.0 tronco de ébano guarnecido de brocado, cubierto de pedrería, es-

192.0 1885.0 873.0 58.0 taba sentado aquel grande y poderoso señor.

255.0 1934.0 1174.0 52.0 Luego que estuvimos ante su presencia, hincamos todos la

190.0 1980.0 1238.0 54.0 rodilla á un tiempo, por no manifestar que entre nosotros iba su-

192.0 2018.0 1236.0 62.0 perior alguno. A pocos pasos repetimos el acatamiento hasta tres

194.0 2064.0 1228.0 67.0 veces: á la inmediacion suya nos postramos del todo en tierra, y
