1860 2629
302.0 162.0 263.0 59.0 ¿Turbas manu?

258.0 194.0 413.0 71.0 Un aratxí á cal Mussega.

265.0 245.0 513.0 66.0 Ab deu mes movent gran brega

263.0 286.0 377.0 57.0 Ferme pirá van volé...

221.0 335.0 676.0 74.0 (Per las enramadas del cap del avi! Es

179.0 381.0 715.0 74.0 pensan aquets matons de pega que un hom

179.0 427.0 713.0 61.0 es de mel y sucre com aquells polkos de

179.0 462.0 715.0 74.0 butxaca neta y casaca ab curriolas, que

182.0 510.0 706.0 74.0 ab una ventallada corren mes terra que

184.0 541.0 125.0 70.0 Noé!...)

256.0 573.0 388.0 88.0 Fico baix á la butxaca:

298.0 628.0 241.0 53.0 Qui s' atraca?

261.0 655.0 454.0 83.0 Y ab la trifulca y la gresca,

300.0 709.0 165.0 53.0 ¡Ja se ve!

256.0 742.0 507.0 70.0 Men va endinyá á set la pesca,

256.0 784.0 375.0 72.0 Pels tiroys de cabanré.

252.0 876.0 458.0 55.0 Un dematí al Obre-Panxas

296.0 917.0 276.0 60.0 (¡Quinas anxas!)

252.0 942.0 489.0 83.0 Diu un cuaja al meu derrera,

252.0 992.0 458.0 68.0 Que so un pinxo de pastera

250.0 1038.0 449.0 72.0 Mes talós que un carbassó!

214.0 1077.0 676.0 77.0 (Válgam els set calses de amargura, y

168.0 1130.0 709.0 70.0 els primés sagraments que dirán demá á la

168.0 1169.0 718.0 86.0 missa!!! De pensarhi tan sols tinch las

945.0 177.0 713.0 74.0 sanchs mes negras que 'l quitrá de la

949.0 216.0 147.0 62.0 platxa!)

1024.0 243.0 491.0 81.0 Li vento an bolet ab forma...

1070.0 304.0 252.0 50.0 ¡Quina morma!

1026.0 328.0 478.0 75.0 Y arrancant de la xarrasca...

1068.0 381.0 186.0 52.0 ¡Ay Senyó!

1026.0 418.0 454.0 61.0 Dexantlo ab la última basca

1024.0 464.0 351.0 63.0 Jo vaig tocá pirandó.

1022.0 514.0 544.0 90.0 Veig un chinel que 'm fá 'l tato!

1065.0 580.0 202.0 55.0 ¡Pira, bato!

1019.0 606.0 465.0 73.0 Y ab aquins clissos diquela!

1026.0 659.0 507.0 66.0 No armem bronca! Manu-jela!

1024.0 696.0 410.0 66.0 No 't resultés algun mal.

978.0 736.0 682.0 65.0 (Vaya una fatxa estupenda! Set mesos ha

936.0 779.0 717.0 73.0 que no ha jalat misto! Axís la viga de la

936.0 823.0 709.0 64.0 esquena li pogués serví per cadireta del

938.0 867.0 704.0 59.0 aragonés!... Pensá que haig de xepescá

938.0 900.0 715.0 83.0 per ell y no 'n tindría per una ronda de

943.0 939.0 147.0 86.0 peñí...!)

1017.0 968.0 507.0 85.0 Vaig á la cangrí si 'm cassa...

1061.0 1027.0 314.0 53.0 ¡Y axó es massa!...

1013.0 1055.0 496.0 77.0 T' embestexo si m' apuras...!

1052.0 1106.0 242.0 55.0 Mes... no val!

1015.0 1132.0 570.0 77.0 Sonsi á la muy!... Sols pels guras

1013.0 1180.0 423.0 73.0 Guilla el terne d' arrabal.

171.0 1340.0 1460.0 195.0 UNA PER LO POBLE BAIX

197.0 1586.0 331.0 52.0 Un refrán assegura

155.0 1616.0 364.0 70.0 que aquell que canta,

157.0 1662.0 395.0 70.0 si es espanyol, es prova

157.0 1704.0 294.0 61.0 que no te blanca:

160.0 1743.0 285.0 62.0 y ab cansons ara

155.0 1789.0 470.0 60.0 veig que tots se aficionan?...

282.0 1827.0 266.0 57.0 ¡senyal de gana!

190.0 1862.0 457.0 68.0 Com las cansons son pocas,

155.0 1906.0 252.0 59.0 jo m' imagino,

149.0 1947.0 498.0 70.0 que ab gust rebreu las moltas

153.0 1984.0 329.0 60.0 que aquí us dedico;

151.0 2028.0 285.0 55.0 perque ja tracto,

151.0 2068.0 447.0 68.0 sent pels pobres, de darlas

269.0 2109.0 255.0 59.0 bastant barato.

1072.0 1603.0 469.0 62.0 No espereu que aquí insulti,

1030.0 1645.0 294.0 52.0 com ara es moda,

1035.0 1686.0 327.0 53.0 per parcials agravis

1033.0 1721.0 287.0 55.0 may cap persona;

1033.0 1768.0 245.0 54.0 pero á vegadas

1028.0 1796.0 393.0 59.0 donaré á certas classes

1028.0 1840.0 277.0 57.0 bonas sumantas.

1065.0 1873.0 452.0 87.0 Con que, minyons y noyas,

1024.0 1919.0 320.0 57.0 ficant ma en bossa,

1026.0 1965.0 347.0 52.0 del paperet en cambi

1026.0 2008.0 283.0 51.0 deixen la mosca:

1026.0 2046.0 285.0 50.0 no sigueu lendis,

1024.0 2081.0 436.0 55.0 que no 's perdrá cap casa

1024.0 2122.0 452.0 75.0 pas per CINCH CENTIMS.

236.0 2278.0 1321.0 99.0 Barcelona.—Impresos de Cristina Segura, Vda. de A. Llorens, Palma Sta. Catalina, 6.
