1842 2600
157 249 404 55 pero tal incertidumbre

158 290 406 52 en duda su amor atiza,

158 326 431 55 y una cruel pesadumbre

158 369 382 51 su corazón martiriza.

160 405 433 63 Don Pedro con entereza

158 450 453 52 tuvo un día el ardimiento

157 481 524 60 de ofrecerle en casamiento

158 530 458 60 un joven de gran riqueza;

157 569 417 59 diciéndole que el callar

158 612 403 52 de su amante, suponía,

158 645 554 65 que muerto en la guerra habría.

160 694 358 49 Mas ella sin vacilar,

158 730 444 54 contestó: «Padre y señor,

157 772 415 57 si muerto á Diego creis

157 807 507 61 no hallo justo que aumenteis

158 852 432 55 mi dolor con más dolor;

158 897 418 53 tal vez en prisión cruel

158 936 399 50 sufre solo y desvalido,

158 970 467 65 por el amor que ha tenido

160 1012 355 59 á su querida Isabel!

160 1047 529 65 Tal vez ¡ay Dios! haya muerto

157 1092 523 63 por míl por mil... desdichada

161 1139 434 58 y quereis que preparada

157 1177 413 50 al importuno concierto

157 1216 387 55 de mis bodas esté yo?

156 1252 538 59 yo he de hacer tan fea acción?

157 1297 416 55 pensáis que mi corazón

156 1337 437 56 es de bronce, padre? nol

156 1376 468 59 Cinco años de plazo tiene,

154 1424 381 50 en memoria lo tened,

156 1460 453 50 si en cinco años no viene

156 1496 472 59 lo que más os guste haced.

156 1539 349 51 Entonces yo rogaré

154 1573 460 62 por el de Marcilla á Dios;

154 1620 412 55 por complaceros á vos

154 1669 357 39 entonces me casaré.

154 1698 477 58 Pretende Azagra mi mano,

154 1746 422 50 á Azagra me proponeis,

154 1779 423 58 que le aprecio ya sabeis

154 1822 438 50 como á noble castellano.

156 1851 546 64 Si ¡ay Dios! si la muerte airada

154 1899 462 61 me roba mi bien querido,

153 1941 408 50 triste de mí? resignada,

153 1978 427 61 lo aceptaré por marido.

156 2022 388 53 Mas si amante, señor,

156 2056 549 61 vuelve y su amor me consagra,

153 2104 442 49 tened piedad de mi amor

154 2134 575 70 y no me hableis más de Azagra.»

153 2195 472 54 Don Pedro vió su aflicción

154 2236 403 57 y se retiró al momento

153 2272 440 57 aguardando otra ocasión

153 2321 476 55 de poder lograr su intento.

156 2357 502 72 Entre tanto el pobre amante

962 255 338 44 por Asabel peleaba,

960 277 396 61 por Isabel alcanzaba

960 325 442 50 el renombre de valiente.

960 364 480 53 Ay! de qué te sirve Diego,

960 401 406 56 tu valor y tu honradez

959 443 464 49 si tu obra destruye luego

960 479 428 58 la ambición de la vejez?

960 530 476 44 Si el premio de tus arrojos

959 563 342 52 participas á Isabel,

960 599 473 62 que vale si un padre cruel

962 645 481 54 lo ha de ocultar á sus ojos?

960 683 411 49 Don Pedro continuaba

960 723 425 54 en su ambiciosa manía;

960 767 411 53 cuantas cartas escribía

963 806 347 49 Diego, las ocultaba,

963 852 374 50 y proponía de nuevo

963 884 415 50 á Isabel el casamiento.

962 931 351 51 La joven se resistió

962 966 420 50 su juramento alegando,

963 1008 471 50 mas iba el tiempo pasando

966 1047 396 56 y en fin el plazo llegó.

963 1084 447 58 D. Pedro que ya tomadas

963 1128 429 47 tiene sus medidas todas,

963 1165 413 57 hizo celebrar las bodas

962 1214 413 52 tanto tiempo deseadas.

962 1258 429 53 De alegre música al son

962 1300 357 52 Isabel llegó al altar,

960 1346 361 52 envuelto su corazón

960 1380 370 51 en el luto y el pesar;

963 1428 397 52 y contristada y llorosa

962 1461 426 51 dió su temblorosa mano

960 1510 439 48 á Azagra que muy ufano

960 1551 383 48 la recibió por esposa.

959 1575 459 58 Con tan plausible ocasión

959 1617 507 62 dió Azagra un baile suntuoso

959 1665 458 56 dó asistió lo más gracioso

965 1708 416 52 y más noble de Aragón.

959 1750 438 51 Pero llegado el momento

957 1792 399 45 de despedir á la gente,

957 1828 373 46 Isabel humildemente

960 1863 379 56 y casi falta de aliento

956 1902 378 52 le dice al marido así:

957 1944 464 58 «Ya mi mano os entregué,

956 1987 365 54 seros fiel os prometí,

957 2025 379 59 y hasta morir lo seré:

956 2056 458 64 mas os ruego que por hoy

956 2108 464 60 vuestros goces suspendais,

956 2150 490 49 Azagra, si es que me amais,

956 2184 498 65 porque muy postrada estoy:

954 2227 353 55 permitidme dedicar

954 2275 412 49 esta noche á la oración

956 2315 365 46 para que mi corazón

957 2348 434 77 venga Dios á confortar.»
