1860 2629
247.0 184.0 496.0 98.0 porque al dar las oraciones

245.0 267.0 491.0 68.0 embarcan y desembarcan:

245.0 304.0 478.0 75.0 allí se arman mil tertulias,

243.0 352.0 415.0 66.0 de pasiegas, catalanas,

247.0 396.0 373.0 66.0 vizcainas y gallegas,

245.0 442.0 459.0 57.0 portuguesas, valencianas,

241.0 484.0 432.0 65.0 andaluzas y manchegas,

241.0 527.0 438.0 62.0 aragonesas, murcianas,

239.0 571.0 443.0 62.0 estremeñas, madrileñas,

243.0 622.0 397.0 54.0 toledanas, castellanas,

243.0 652.0 500.0 68.0 y hasta navarras tambien,

245.0 703.0 474.0 59.0 y creo que hasta italianas;

245.0 749.0 498.0 61.0 porque los tiempos de atrás

239.0 793.0 462.0 57.0 han traido una ensalada,

236.0 825.0 516.0 71.0 se entiende de todas yerbas,

241.0 876.0 432.0 61.0 y las pobretas cuitadas,

234.0 920.0 489.0 59.0 á Madrid se han refugiado

239.0 963.0 500.0 57.0 hasta que salga otra ganga.

421.0 1009.0 335.0 62.0 Alerta jóvenes, etc.

278.0 1038.0 419.0 72.0 Un galleguito, señores,

232.0 1091.0 544.0 63.0 se encontró una grande ganga

232.0 1134.0 485.0 66.0 con una de estas que digo,

232.0 1183.0 478.0 63.0 que fué con ella á su casa,

236.0 1224.0 498.0 64.0 y haciéndole cuatro fiestas,

232.0 1266.0 445.0 57.0 mil cariños y monadas,

236.0 1312.0 514.0 66.0 y bebiendo algun traguillo,

232.0 1362.0 410.0 53.0 al pobrecillo del alma

234.0 1402.0 544.0 63.0 le ablandó mas que una cera;

234.0 1441.0 430.0 61.0 al cabo de esta jornada,

234.0 1487.0 481.0 59.0 en fin, se quedó dormido :

234.0 1535.0 386.0 55.0 ella que esto deseaba,

230.0 1573.0 386.0 59.0 al instante le rejista,

236.0 1625.0 446.0 53.0 todos los cuartos le saca,

236.0 1662.0 364.0 62.0 y pillando su ropica

232.0 1708.0 474.0 57.0 fuera de Madrid se larga:

232.0 1754.0 439.0 64.0 el gallego que despierta

234.0 1792.0 509.0 65.0 y solo en la cama se halla,

236.0 1840.0 454.0 63.0 y la cama era una estera

230.0 1873.0 478.0 70.0 con un pedazo de manta.

410.0 1921.0 344.0 66.0 Alerta jóvenes, etc.

276.0 1962.0 441.0 64.0 Viéndose el gallego solo

230.0 2011.0 471.0 57.0 todo el cuarto registraba,

239.0 2055.0 497.0 63.0 y echando mano al bolsillo,

234.0 2094.0 443.0 83.0 al ver que sin él estaba,

971.0 188.0 483.0 103.0 principió de esta manera;

973.0 262.0 468.0 64.0 válgame la Vírgen Santa,

973.0 317.0 500.0 51.0 de onza y media que tenia

976.0 357.0 539.0 65.0 no me ha dejado una blanca;

969.0 396.0 463.0 68.0 fué y le contó á la casera

973.0 444.0 395.0 53.0 todito la que le pasa,

973.0 481.0 343.0 64.0 y la casera le dijo:

973.0 517.0 542.0 74.0 ¿quién à mí el cuarto me paga?

976.0 567.0 508.0 70.0 y él dijo: allí hay una estera

965.0 615.0 473.0 57.0 con un pedazo de manta :

969.0 659.0 415.0 66.0 pues no es esto lo peor,

967.0 696.0 485.0 68.0 que á otro dia de mañana,

962.0 747.0 443.0 59.0 el pobre se siente malo,

967.0 790.0 460.0 62.0 nada de aquello le falta ,

965.0 839.0 412.0 57.0 porque todo lo tenia,

967.0 876.0 585.0 81.0 y á San Juan de Dios se marcha.

1151.0 917.0 336.0 68.0 Alerta jóvenes, etc.

1008.0 966.0 380.0 50.0 Falta decir otra cosa

962.0 999.0 498.0 67.0 que dentro de Madrid pasa

965.0 1053.0 456.0 53.0 con una gente que dicen,

960.0 1091.0 430.0 54.0 la partida de la manta:

962.0 1139.0 415.0 57.0 esta es gente sin oficio,

962.0 1187.0 463.0 57.0 esta come, viste y calza,

958.0 1218.0 406.0 61.0 solamente del registro

958.0 1259.0 434.0 68.0 de chaquetas y casacas:

967.0 1294.0 474.0 81.0 pillan al mas descuidado,

967.0 1353.0 452.0 66.0 y por detrás se la arman,

960.0 1397.0 397.0 62.0 sacándole del bolsillo

956.0 1430.0 423.0 68.0 el pañuelo y la navaja,

958.0 1481.0 419.0 65.0 el dinero, los relojes,

960.0 1509.0 522.0 77.0 y en fin, todo cuanto hallan.

962.0 1566.0 443.0 63.0 El otro dia á un arriero

962.0 1610.0 553.0 63.0 mientras que con otro hablaba

965.0 1656.0 375.0 59.0 le sacaron por detrás

962.0 1697.0 432.0 57.0 veinte duros de la faja:

965.0 1732.0 526.0 68.0 con que así, alerta, señores ,

965.0 1778.0 460.0 73.0 que esta crítica se canta

969.0 1824.0 408.0 68.0 para que todo viviente

965.0 1864.0 456.0 85.0 se guarde de esta canalla.

1184.0 1945.0 276.0 77.0 Alerta jóvenes,

1138.0 2002.0 219.0 53.0 alerta vaya,

1142.0 2030.0 292.0 77.0 guardarse todos

1142.0 2076.0 281.0 92.0 de esta canalla.

905.0 2162.0 101.0 131.0 FIN.

245.0 2300.0 1432.0 129.0 Madrid, 1849.—Imprenta de D. J. M. Marés, calle de Relatores, n. 17.
