1860 2629
1296 173 237 83 (Núm. 4.)

368 1051 1007 123 SATIRA BURLESCA

164 1156 1410 101 DE LA VIDA, MILAGROS, USOS Y COSTUMBRES DE CUATRO.

309 1226 1116 86 CLASES DE MUGERES QUE HAY EN MADRID.

188 1443 502 70 Atencion, oigan y escuchen

140 1481 458 70 una cosa de importancia,

140 1540 436 52 muy alegre y divertida

144 1583 463 55 para todas las madamas:

135 1612 457 68 distingo de estas del dia,

138 1667 484 54 que por no trabajar andan

135 1706 544 64 haciendo al blanco y al negro,

133 1750 457 64 al portugués, al de Italia,

129 1787 423 66 al francés, al genovés,

131 1835 500 55 al de Rusia y de Alemania,

135 1886 520 50 se entiende si tiene cuartos,

131 1927 586 79 que si no los hay, no hay nada.

379 1991 202 81 ESTRIVILLO.

348 2087 277 75 Alerta jóvenes,

296 2142 221 57 alerta vaya,

300 2184 285 61 guardarse todos

278 2223 303 64 de esta canella.

151 2258 487 70 Cuántas señoritas de estas

127 2302 416 83 nos echamos á la cara

862 1428 423 85 por las calles y pascos,

868 1498 456 48 tan gallardonas y ufanas,

864 1520 513 72 que nos parecen marquesas

864 1575 528 72 con el gran lujo que gastan;

866 1627 478 55 con sus botas á la inglesa,

862 1665 493 52 mil sortijas de oro y plata,

855 1702 535 57 andan saltando y brincando;

864 1746 524 68 y haciendo dos mil monadas;

870 1798 435 48 y si acaso algun curioso

859 1831 507 61 le da gana el preguntarlas,

855 1868 535 68 dónde son ó dónde vienen,

859 1921 511 61 responden muy descocadas:

857 1960 434 66 oiga usted, caballerito,

862 2008 475 53 yo soy una viuda honrada

855 2050 417 59 de un teniente coronel

857 2090 518 65 que murió en esta campaña;

855 2142 410 51 otra dice: yo soy hija

855 2179 509 57 de un brigadier de España;

855 2228 524 63 otra: yo soy prima hermana

855 2271 441 49 de un caballero sobrino

853 2320 511 81 del marqués de la Romana;
