1753 2480
233.0 82.0 562.0 70.0 Si el pueblo te se acabó

194.0 132.0 581.0 78.0 y no me hubieres hallado,

186.0 175.0 686.0 87.0 vuelve á andar lo que has andado

198.0 231.0 587.0 79.0 que allá enfrente vivo yo:

198.0 285.0 492.0 74.0 no me solicites, no,

194.0 324.0 628.0 89.0 no me hagas mas reclamos,

206.0 378.0 579.0 80.0 que yo de veras te amo,

204.0 429.0 517.0 81.0 y te digo como amigo,

208.0 479.0 604.0 70.0 el nombre que tengo digo:

208.0 529.0 542.0 84.0 Pedro Buscarlo me llamo.

957.0 64.0 599.0 78.0 Las maderas son de pino,

907.0 126.0 558.0 72.0 no lo tienes que dudar;

901.0 181.0 512.0 56.0 mi casa viene á parar

911.0 225.0 525.0 66.0 enfrente de mi vecino;

917.0 264.0 600.0 68.0 ven por el mismo camino

913.0 324.0 585.0 54.0 cuando me vengas á ver:

917.0 361.0 521.0 66.0 es cosa que puede ser,

930.0 415.0 574.0 70.0 yo te haré mil regocijos,

928.0 456.0 641.0 85.0 que soy padre de mis hijos,

921.0 510.0 445.0 74.0 marido de mi muger.

626.0 589.0 599.0 107.0 De Ronda quiero los peros,

570.0 665.0 507.0 64.0 de Málaga las patatas,

576.0 721.0 536.0 58.0 las narangitas del moro,

570.0 756.0 591.0 99.0 y de Vegé las muchachas.

268.0 870.0 620.0 107.0 De Estremadura el chorizo,

221.0 950.0 560.0 73.0 de Lisboa el salchichon,

219.0 996.0 537.0 72.0 de Andalucía el jamon,

225.0 1043.0 568.0 77.0 de Guardamar el panizo,

227.0 1089.0 546.0 84.0 de Abanilla los rollizos,

225.0 1140.0 630.0 85.0 de Castilla el buen carnero,

227.0 1188.0 593.0 85.0 de Ballecas el pan quiero,

229.0 1237.0 519.0 81.0 de la Majada el melon,

231.0 1291.0 571.0 77.0 de Gijona el buen turron,

227.0 1337.0 579.0 80.0 de Ronda quiero los peros.

283.0 1388.0 512.0 77.0 Las ropas de Gibraltar,

231.0 1430.0 449.0 78.0 el aceite de Sevilla,

235.0 1473.0 544.0 87.0 de Villena las criadillas,

241.0 1527.0 530.0 82.0 y las peras de Altamar;

237.0 1581.0 498.0 78.0 de las minas el metal,

237.0 1626.0 472.0 79.0 de América la plata,

235.0 1665.0 519.0 85.0 y la cruz de Carabaca;

239.0 1725.0 480.0 73.0 el arroz de la ribera,

248.0 1764.0 531.0 100.0 y las peras de Orihuela,

248.0 1818.0 481.0 116.0 de Malaga las patatas.

979.0 849.0 631.0 109.0 La uva de Elda y Monforte,

944.0 932.0 472.0 76.0 y del aire la paloma,

938.0 971.0 548.0 74.0 de Montagudo la poma,

944.0 1023.0 538.0 82.0 y los conejos del monte,

948.0 1076.0 610.0 79.0 y de la campana el toque,

946.0 1130.0 571.0 72.0 y las manzanas del Norte;

944.0 1178.0 536.0 72.0 de la tierra fina el oro,

944.0 1221.0 569.0 76.0 las almendras de Petrel,

950.0 1271.0 515.0 72.0 las camuesas de Belen,

944.0 1324.0 521.0 68.0 las narangitas del moro.

1000.0 1368.0 591.0 70.0 De la mar quiero el pagel,

948.0 1423.0 637.0 62.0 el buen atun y el lenguado,

950.0 1461.0 538.0 68.0 de Alicante el bacalado,

959.0 1508.0 508.0 73.0 de la colmena la miel,

955.0 1558.0 566.0 76.0 de Alcoy el paño y papel,

957.0 1607.0 605.0 71.0 los quesitos de la Mancha;

965.0 1657.0 461.0 72.0 para navegar fragata,

971.0 1705.0 436.0 76.0 para pasear carroza,

957.0 1750.0 552.0 68.0 del rosal quiero la rosa,

957.0 1795.0 583.0 112.0 y de Vegé las muchachas.

669.0 1893.0 608.0 82.0 A Dios, madre de mi vida,

622.0 1961.0 556.0 70.0 tronco de todas mis ramas ,

632.0 2004.0 523.0 81.0 ya se va el hijo querido

632.0 2048.0 502.0 124.0 nacido de tus entrañas.
