1860 2629
465.0 955.0 706.0 100.0 DECIMAS GLOSADAS.

539.0 1036.0 518.0 85.0 Me dirás si aquella rosa

482.0 1091.0 627.0 81.0 permanece en su constancia,

482.0 1147.0 579.0 64.0 si ha perdido su fragancia

482.0 1189.0 564.0 81.0 y si otro amante la goza.

151.0 1244.0 629.0 105.0 Si la ausencia habrá borrado

94.0 1307.0 627.0 92.0 aquel querer tan constante,

96.0 1362.0 555.0 72.0 si posesion de mi amante

96.0 1417.0 621.0 64.0 otro amante habra tomado:

100.0 1461.0 593.0 74.0 vivo en un sumo cuidado

103.0 1505.0 533.0 72.0 y con ansia tan penosa

98.0 1553.0 597.0 85.0 que el corazon no reposa;

107.0 1601.0 447.0 72.0 y asi quisiera saber

94.0 1658.0 460.0 59.0 si mudó de parecer

94.0 1704.0 539.0 66.0 me diras si aquella rosa.

146.0 1752.0 485.0 66.0 Soy el feliz jardinero

92.0 1796.0 572.0 77.0 que gocé de sus sabores,

98.0 1849.0 538.0 67.0 yo le cultivé sus flores

92.0 1899.0 636.0 63.0 con todo el mayor esmero;

94.0 1949.0 489.0 66.0 mas ahora considero.

100.0 1995.0 685.0 64.0 que en su querer hay mudanza

100.0 2046.0 619.0 70.0 pero mi amor no se cansa,

87.0 2094.0 610.0 66.0 que es tan fina mi pasion,

92.0 2142.0 456.0 66.0 por eso mi corazon

89.0 2195.0 619.0 90.0 permanece en su constancia.

864.0 1261.0 513.0 99.0 El amor me dice que

813.0 1327.0 524.0 77.0 su pasion ya me dejó,

815.0 1375.0 494.0 79.0 y el corazan dice no,

820.0 1430.0 550.0 66.0 que es verdadera su fe:

820.0 1481.0 489.0 65.0 por otra parte se vé,

811.0 1516.0 634.0 81.0 que si no hubiera mudanza

813.0 1566.0 625.0 77.0 me escribiera sin tardanza,

820.0 1614.0 526.0 75.0 y asi diré sin cuidado,

809.0 1660.0 603.0 75.0 esta flor ya se há secado

813.0 1717.0 599.0 72.0 ò ha perdido su fragancia.

842.0 1759.0 649.0 79.0 Donde estais tiempos pasados!

824.0 1807.0 669.0 83.0 por dónde andais , glorias mias,

815.0 1866.0 612.0 68.0 donde estais , mis alegrias,

813.0 1912.0 647.0 72.0 todo el tiempo lo ha borrado;

818.0 1965.0 651.0 61.0 pero no, que es mi cuidado

796.0 2000.0 524.0 76.0 solo sospecha dudosa,

815.0 2061.0 615.0 64.0 y no puede hacer tal cosa

811.0 2109.0 450.0 62.0 una tan fina muger ,

818.0 2155.0 484.0 68.0 y asi no quiero creer

804.0 2203.0 619.0 106.0 de que otro amante la goza.
