1753 2480
202.0 113.0 52.0 108.0 2

438.0 198.0 82.0 83.0 III.

169.0 221.0 531.0 134.0 ¡Guantas veces dulcemente

119.0 336.0 422.0 67.0 Con fantástica ilusion

121.0 392.0 517.0 83.0 De amor puro la mi mente

124.0 444.0 401.0 70.0 Mil recuerdos evocó!

119.0 504.0 577.0 70.0 Mas de aquel placer inmenso,

119.0 560.0 395.0 68.0 Cual gusano roedor,

124.0 609.0 533.0 73.0 Queda en pos dolor intenso

119.0 657.0 482.0 91.0 Que desgarra el corazon.

1186.0 186.0 75.0 99.0 IV.

903.0 231.0 477.0 130.0 Despreciado cruelmente

864.0 336.0 440.0 71.0 Nada resta á tu cantor!

862.0 396.0 516.0 83.0 Ni ilusiones en la mente.,.

866.0 438.0 488.0 84.0 Ni esperanza al corazon!!

866.0 496.0 597.0 74.0 Y él!—cual mil el oro pulcro

864.0 553.0 463.0 73.0 Solo amante ambicionó:

862.0 609.0 502.0 77.0 Paz eterna en el sepulcro,

872.0 667.0 523.0 87.0 O á tu lado inmenso amor!!

1372.0 721.0 203.0 120.0 J. A. C.

334.0 1091.0 958.0 155.0 2 LA PALABRA DE AMOR.

450.0 1481.0 44.0 83.0 I.

161.0 1539.0 537.0 101.0 Al oir de tus lábios divinos

121.0 1620.0 554.0 76.0 La palabra querida de amor,

119.0 1680.0 598.0 74.0 Siente el alma apacible sosiego

119.0 1725.0 569.0 81.0 Que mitiga del pecho el dolor,

115 1791 643 60 De mis párpados huye Morfeo...

121.0 1841.0 610.0 72.0 Mas si acaso los cierro una vez

113 1899 715 76 Ay!.. de un sueño penoso y terrible

124.0 1950.0 512.0 73.0 Angustiada mi alma se ve.

454.0 2052.0 56.0 97.0 II.

167.0 2139.0 564.0 90.0 Me figuro mirarte unas veces

121.0 2196.0 567.0 73.0 En poder de un adusto rival:

119.0 2258.0 573.0 87.0 Otras veces ingrata y variable

862 1485 587 81 Con desden mi pasion olvidar!

866.0 1535.0 723.0 93.0 Mas dispierto, y al ver que fue sueño,

866.0 1593.0 578.0 81.0 Cobra aliento mi fiel corazon,

862.0 1647.0 628.0 86.0 Esperando el momento, querida,

862.0 1709.0 624.0 89.0 En que tengas de mi compasion.

1186.0 1789.0 64.0 93.0 III.

907.0 1862.0 645.0 88.0 Cuando sueño perdidas las horas

868.0 1924.0 581.0 78.0 Que me ofreces de grato solaz

870.0 1977.0 672.0 91.0 Ya dispierto tu nombre pronuncio

868.0 2037.0 554.0 81.0 Y en mi pecho renace la paz.

864.0 2091.0 690.0 97.0 No me olvides!... ó mira mi tumba

862.0 2153.0 568.0 91.0 Cual se abre debajo mis piés;

862.0 2211.0 678.0 91.0 No me olvides! que en tí solo cifro

866.0 2267.0 614.0 95.0 Mi esperanza, mi amor y mi fé!
