1914 2736
207 287 509 75 Mucho siente la prision

157 348 488 66 aquel que ha sido leal,

161 401 509 59 que le paguen el cariño

155 446 570 89 con una grande impiedad.

200 524 463 84 Señora, con tu favor

161 599 461 69 pagame mi voluntad,

155 640 606 75 mira, que si es al contrario,

152 697 452 78 el mundo te culpará.

203 761 504 98 Me quejaré de tu cielo,

155 834 563 75 dandole dos mil querellas,

152 886 641 80 à los montes, y à los campos,

152 939 593 91 à los prados, y á las selvas.

205 1023 582 89 A las plantas, y á las aves,

152 1083 520 86 à los Signos, y Planetas,

157 1146 433 66 y todos te culparán,

155 1194 606 71 porque no tienes clemencia.

926 362 511 68 y quien pone su aficion

967 291 613 92 Mal haya quien quiere bien,

921 410 596 71 en quien no le corresponde

917 451 565 91 á un ardimiento de amor.

960 538 534 84 No me despido, Señora,

919 604 609 79 de tu hermosura, y belleza;

921 663 427 62 para morir, ó vivir

914 702 564 86 solo aguardo tu respuesta.

964 782 580 102 A Dios, dueño de mi vida,

912 845 563 78 à Dios, hechizo del alma,

914 902 580 76 à Dios, norte de mi amor,

910 955 643 80 à Dios, mar de mi esperanza.

955 1030 562 91 No te puedo escribir mas,

917 1096 634 89 porque se me abrasa el pecho

912 1158 536 57 en los ardientes volcanes

905 1199 536 80 del fuego de mis recelos,

536 1479 689 148 SATIRA

355 1611 1091 121 GRACIOSA, Y ENTRETENIDA.

159 1782 586 117 QUe trate yo à mi muger

244 1828 618 91 conforme á mi estado, y ser,

223 1892 536 80 y la quiera como á mi;

143 1928 445 96 bueno; eso si, si, si.

189 2015 645 107 Mas porque mucho la quiera;

139 2079 584 89 se muestre muy bachillera,

141 2138 541 75 y mande mas que no yo;

143 2195 484 78 palo; eso no, no, no.

182 2268 618 103 Que yo su esclavo me llame,

139 2332 524 105 y como á esposa la ame,

898 1805 504 71 pues para tal la escogí;

885 1858 684 84 que me place; aqueso si, si, si.

949 1922 495 107 Pero que salga galana,

894 1997 563 84 oy bien, y mejor mañana,

887 2056 563 73 con ropa que otro le dió;

891 2111 496 80 malo; eso no, no, no.

942 2181 565 105 Que se vaya á la comedia,

896 2248 534 84 y que yo pague por ella,

891 2300 489 73 y se siente junto á mi;

894 2355 454 121 bueno; eso si, si, si.

1446 2389 118 123 Pero
