1860 2629
449.0 1038.0 733.0 118.0 LOS NOMBRES

276.0 1185.0 1075.0 125.0 COSTUMBRES Y PROPIEDADES

475.0 1294.0 689.0 127.0 de las señoras mugeres.

100.0 1445.0 568.0 62.0 Toma asiento y la vihuela

39.0 1496.0 676.0 66.0 despues de estar bien templada,

41.0 1548.0 518.0 64.0 luego á cantar empieza,

46.0 1601.0 563.0 55.0 y empiezan ellas su parla.

48.0 1643.0 410.0 65.0 Dice la una: Jesus,

41.0 1693.0 540.0 75.0 que voz tan desentonada,

43.0 1752.0 509.0 59.0 parece que está oseando

41.0 1800.0 491.0 60.0 con su voz apastorada.

41.0 1849.0 551.0 65.0 El cuerpo cual lo menea,

43.0 1897.0 557.0 68.0 parece á don Zirrandajas;

43.0 1952.0 549.0 63.0 poquito presumo el canto

46.0 2002.0 563.0 61.0 por mi vida que se engaña

46.0 2052.0 552.0 70.0 porque él abre tanta boca

41.0 2105.0 533.0 70.0 como la puerta monaica;

46.0 2153.0 515.0 64.0 él canta á ojos cerrados,

46.0 2206.0 550.0 61.0 no se le entiende palabra,

48.0 2258.0 542.0 59.0 ya le ha dado carraspera

52.0 2311.0 544.0 63.0 y es de beber carraspada:

46.0 2357.0 552.0 66.0 el pobre se està ahogando

50.0 2409.0 581.0 99.0 porque aquella tos es mala.

818.0 1454.0 644.0 57.0 Traigamosle un par de huevos

815.0 1502.0 540.0 71.0 por sí aclara la garganta,

815.0 1553.0 498.0 70.0 ó démosle pan y queso,

820.0 1608.0 498.0 57.0 por ver si con eso calla:

818.0 1654.0 456.0 70.0 luego dejan esa tema,

820.0 1704.0 553.0 72.0 y unas con otras ensartan

818.0 1759.0 517.0 59.0 distintas conversaciones

818.0 1805.0 570.0 63.0 allá á su modo estremadas.

822.0 1857.0 463.0 59.0 Dice la una: ¿no sabes

815.0 1908.0 433.0 63.0 como se casa fulana

815.0 1960.0 586.0 62.0 con fulano? y plegue á Dios

818.0 2013.0 460.0 66.0 que si con ella se casa

818.0 2057.0 585.0 70.0 no me ponga en carcabuey,

818.0 2109.0 662.0 66.0 que es lugar que muchos pasan.

822.0 2160.0 461.0 74.0 Otra dice: mi vecina,

820.0 2210.0 574.0 70.0 quien no ve á la santularia

820.0 2269.0 561.0 59.0 papar santos en la Iglesia,

822.0 2313.0 599.0 66.0 y con industria y con maña

820.0 2363.0 601.0 75.0 le hace al marido que coma

824.0 2418.0 529.0 103.0 pimientos de cornicabra.
