1860 2629
1161 267 210 60 (Núm. 6.)

637 1234 429 130 RELACION

172 1345 1356 81 de los varios sucesos de don Manuel de Contreras y doña Teresa de

175 1400 1351 76 Rivera, enque se declara como don Manuel sacó á doña Teresa de

223 1445 1255 73 un convento de la ciudad de Salamanca, y caminando para

242 1494 1208 76 Córdoba fué muerto en Sierra-Morena por un hermano de

701 1548 282 71 doña Teresa.

565 1679 561 97 PRIMERA PARTE.

216 1751 442 67 En las ásperas montañas

173 1802 493 58 de Guadalupe, que vuelvan

173 1856 471 52 por el mundo sus noticias,

173 1891 450 63 cuya intrincada aspereza

172 1942 440 50 quiere competir al cielo

173 1983 452 57 sus marañadas guedejas:

173 2031 427 45 en este bronco desierto,

173 2068 462 57 entre sus robles y breñas,

172 2114 437 60 un pastor que ya dejaba

172 2155 441 67 en su aprisco las ovejas,

182 2203 341 59 y pasaba cuidadoso

172 2241 451 110 á una aldea de alli cerca,

867 1770 445 61 y para llegar mas presto

869 1819 453 56 va por escusadas sendas,

863 1865 506 60 cuando ya impensadamente

867 1903 485 62 le aturden y amedrentan

864 1948 426 60 unos ecos que con ayes

860 1987 519 69 dan de algun presagio señas;

862 2037 466 63 quedóse el pastor confuso,

862 2076 417 59 y llegándose mas cerca

863 2128 482 56 vió una hermosísima dama

859 2166 464 64 que dudaba en su belleza,

859 2209 450 63 si era Palas en el monte,

854 2250 456 92 ó bien la diosa Minerva.
