1860 2629
905 341 117 62 — 6 —

293 397 383 60 y con diabólica traza,

289 441 421 52 para mejor persuadirla,

292 484 457 59 tomó el traje y semejanza

289 531 552 54 (¡ lo que es la infernal envidia!)

287 576 503 53 de don Manuel de Contreras

287 610 493 72 que yace entre las cenizas,

287 658 426 63 aquel galan que Teresa

286 701 374 62 idolatraba algun dia.

287 744 450 62 Al fin el dragon horrible

287 797 414 58 para la cueva camina,

286 838 492 51 llevando en su seguimiento

286 883 491 53 sus secuaces que le asistan:

286 925 463 52 llegó á la gruta en efecto,

284 966 440 60 que doña Teresa habita,

284 1013 490 50 llamándola con su nombre,

284 1054 491 54 dice estas palabras mismas:

287 1101 443 58 ¡Oh desgraciada Teresa!

287 1143 513 59 ¡cuán grande es tu desdicha,

286 1191 488 49 pues naufragas en miserias

286 1229 422 59 en lo mejor de tu vida!

286 1267 517 70 Espejo en quien las virtudes

284 1321 431 49 unas con otras se miran;

284 1361 531 63 tú, tan ajada y tan deshecha,

286 1407 425 59 ¿cuándo tú tan abatida?

292 1450 448 60 y yo de mí ¡desgraciado!

283 1492 510 62 siempre adquiriendo noticias

283 1537 506 65 por no saber dónde estabas,

284 1583 421 55 hasta que la suerte mia

283 1628 422 56 quiso traerme á la vista

281 1667 497 62 de la prenda mas querida

281 1714 446 54 que mora en mi corazon

289 1758 451 53 y en el alma se avecinda.

281 1800 510 62 ¿Quién eres tú, le responde,

281 1846 500 51 que con tan tiernas caricias

280 1891 463 51 me tratas sin conocerme?

287 1930 522 63 —¿Pues qué no me conocias?

280 1984 520 49 yo soy don Manuel, mi bien,

279 2018 472 64 quien por tí tanto suspira,

277 2063 506 65 quien blasonando de amarte

279 2109 444 64 busca una joya perdida,

280 2160 476 55 y con la gloria de hallarla

279 2202 466 48 me prometo mil albricias;

277 2241 501 62 que como el sol de tu rostro

277 2282 457 60 es la luz que me ilumina,

277 2326 498 91 no hallarla fuera mi muerte

984 397 436 58 y hallándola tengo vida.

989 439 587 70 —No es posible seas quien dices,

986 486 421 64 y lo aseguro yo misma,

984 531 518 80 porque él en mis brazos tuvo

983 579 352 49 las últimas agonías;

981 622 379 61 en mis brazos espiró

981 666 458 52 por su desdicha y la mia,

981 708 412 55 mira si asegurar puedo

980 752 396 55 lo que mi fe acredita.

986 801 472 54 —Engañada estás, Teresa,

977 836 561 68 que aunque sin habla me veias,

978 883 564 56 no fuí muerto, fue un desmayo

977 931 447 51 por la sangre que vertia;

983 980 459 56 y porque mejor te conste,

976 1022 369 52 aquí las señales mira

976 1057 435 69 de las heridas que tengo

976 1102 400 62 curadas, sanas y fijas.

981 1145 506 62 —¿Cómo tan presto sanaste?

976 1190 467 68 bien la verdad averiguas.

977 1235 497 79 —Un pastor que compasivo

976 1279 349 55 acaso buscando iba

976 1324 384 59 unas ovejas, hallóme

976 1368 382 53 sin habla como veias:

976 1409 518 61 me tomó y llevó á un lugar

974 1456 538 61 que estaba de allí dos millas,

976 1498 498 58 volví en mí, y bien curado

976 1543 469 63 me ví en muy pocos dias.

974 1581 552 78 Fuí á mi pátria, y á mis padres

973 1632 404 53 de todo les dí noticias:

976 1678 474 48 vuelvo á buscarte tan fino

976 1714 530 73 y aun mas que el primer dia,

976 1762 466 65 y mis padres cuidadosos,

971 1812 389 50 con la casa prevenida

973 1850 511 75 como á su dueño te esperan,

977 1895 374 66 y así toda su familia.

971 1938 466 64 Aquí traigo muchas galas,

970 1984 450 60 las que quisieres aplica:

968 2036 383 48 esto solo te está bien,

968 2073 383 49 no dilates la partida.

974 2104 601 73 —¡Ay don Manuel, que es tarde!

971 2160 576 70 —¿Cuál es la causa, me digas?

970 2202 391 60 —El voto de castidad

967 2243 511 58 que á Dios hice con fe viva,

977 2291 554 72 y ya el cumplirlo me es fuerza;

967 2335 480 74 la consecuencia es precisa.
