1860 2629
831.0 287.0 128.0 72.0 — 7 —

204.0 334.0 576.0 61.0 Respondió el demonio entonces:

204.0 382.0 387.0 56.0 escucha, Teresa mia,

204.0 436.0 434.0 48.0 ¿no me diste voluntaria

203.0 470.0 473.0 55.0 palabra y mano tú misma

201.0 512.0 510.0 56.0 de casamiento?—Es verdad.

206.0 555.0 454.0 59.0 —Luego si tú con la mia

200.0 601.0 336.0 54.0 uniste tu voluntad

198.0 641.0 449.0 64.0 con dulces lazos uncida,

197.0 692.0 469.0 55.0 sábete de que ya estamos

195.0 730.0 437.0 61.0 (segun las leyes divinas)

197.0 779.0 476.0 59.0 para con Dios desposados,

201.0 825.0 456.0 61.0 y sin que lo contradigan

197.0 858.0 422.0 63.0 hay nulidad en el voto;

194.0 912.0 530.0 63.0 que una mujer por sí misma,

192.0 958.0 452.0 58.0 sin licencia de su esposo

195.0 996.0 411.0 64.0 tal caso no determina.

195.0 1036.0 472.0 72.0 Tú por muerto me tuviste,

189.0 1083.0 418.0 59.0 pero teniendo yo vida

191.0 1136.0 441.0 54.0 queda el voto irregular,

189.0 1169.0 534.0 62.0 bien la esperiencia lo afirma.

241.0 1215.0 511.0 65.0 —Esa es cuestion temeraria,

188.0 1257.0 463.0 63.0 que primero es (cosa fija)

188.0 1302.0 476.0 68.0 lo divino que lo humano,

187.0 1353.0 454.0 52.0 dicen las leyes antiguas:

184.0 1396.0 458.0 60.0 cumplir á Dios la palabra

185.0 1443.0 500.0 52.0 porque en todo predomina,

187.0 1485.0 514.0 63.0 y es primero este precepto;

188.0 1526.0 513.0 64.0 y así á cumplir no me obliga

182.0 1564.0 371.0 68.0 la palabra que te dí

182.0 1616.0 434.0 59.0 que en esto me certifica

179.0 1654.0 456.0 63.0 el faltar las bendiciones,

179.0 1708.0 544.0 62.0 que es el todo en que se cifran

178.0 1746.0 456.0 63.0 las leyes del matrimonio,

181.0 1792.0 432.0 49.0 y por esta causa misma

178.0 1830.0 494.0 64.0 tengo ya hecho el dictámen

175.0 1873.0 428.0 66.0 de pasar aquí mi vida,

172.0 1917.0 412.0 62.0 solo por servir á Dios.

181.0 1961.0 432.0 61.0 —Teresa, ya tú deliras:

172.0 2003.0 495.0 69.0 á Dios sirve, á Dios agrada

170.0 2053.0 475.0 67.0 la mujer que con medida

168.0 2095.0 393.0 65.0 á su marido le asiste

169.0 2141.0 413.0 57.0 en la maridable vida:

166.0 2179.0 437.0 67.0 si conmigo no te vienes

165.0 2227.0 391.0 60.0 será tu alma perdida;

165.0 2275.0 472.0 91.0 mira que injurias al Cielo,

902.0 338.0 534.0 68.0 y hasta al mismo Dios irritas,

895.0 391.0 409.0 57.0 á los ángeles y santos,

895.0 429.0 542.0 69.0 cuantos en la gloria habitan.

900.0 473.0 555.0 65.0 —¡Ay de mí! ya, don Manuel,

895.0 518.0 438.0 61.0 me confieso convencida;

895.0 563.0 561.0 70.0 vuelve despues, que yo en tanto

892.0 617.0 433.0 54.0 quiero un rato recogida

894.0 652.0 475.0 59.0 mirarlo bien, que despues

892.0 698.0 385.0 61.0 te daré la razon fija.

891.0 740.0 516.0 67.0 Con esto se entró en la cueva

891.0 788.0 422.0 51.0 llorando lágrimas vivas,

892.0 829.0 418.0 63.0 y tomando un crucifijo,

889.0 871.0 408.0 57.0 hincándose de rodillas

891.0 924.0 406.0 45.0 y con afectos del alma

886.0 963.0 388.0 56.0 estas palabras decia:

883.0 1007.0 452.0 54.0 « A vos celestial Pastor,

888.0 1054.0 472.0 56.0 vuelva esta oveja perdida

885.0 1096.0 470.0 56.0 buscando vuestro rebaño,

883.0 1140.0 490.0 54.0 pues sois autor de la vida.

882.0 1181.0 378.0 57.0 Amorosísimo Padre,

882.0 1228.0 346.0 61.0 esta pecadora hija

881.0 1276.0 470.0 56.0 á vuestra clemencia apela,

883.0 1321.0 383.0 51.0 y pues es tan infinita,

881.0 1364.0 416.0 55.0 Señor, tu misercordia,

878.0 1407.0 426.0 57.0 ampare esta desvalida.

878.0 1445.0 458.0 59.0 Pequé, Señor, contra vos,

876.0 1491.0 466.0 61.0 ciega, torpe, inadvertida:

876.0 1536.0 447.0 61.0 sois justiciero y piadoso,

876.0 1589.0 457.0 49.0 no querais quede perdida

875.0 1631.0 453.0 50.0 la sangre que por mí fue

872.0 1667.0 475.0 57.0 en vuestra Pasion vertida.

878.0 1708.0 469.0 57.0 Vuelve, Señor, á la vaina

869.0 1751.0 432.0 67.0 la espada de tu Justicia,

872.0 1799.0 554.0 69.0 y halle solo en vuestro amparo

867.0 1844.0 431.0 57.0 consuelo es tanta fatiga;

867.0 1892.0 509.0 62.0 dadme tu luz porque acierte

872.0 1939.0 405.0 56.0 y no camine perdida.»

866.0 1974.0 416.0 64.0 En esta oracion estaba,

864.0 2021.0 448.0 60.0 cuando vió de que venia

864.0 2066.0 413.0 57.0 hácia ella un caballero,

862.0 2107.0 434.0 60.0 que color blanco vestia,

860.0 2161.0 465.0 53.0 de un aspecto muy afable,

860.0 2195.0 406.0 49.0 diciendo con melodía:

859.0 2240.0 442.0 55.0 no tengas temor, Teresa,

860.0 2282.0 466.0 95.0 que yo soy el alma misma
