1753 2480
725 150 155 85 — 4 —

129 223 394 53 á las ancas me sentó,

128 260 428 63 y á Córdoba la opulenta

125 304 420 62 caminábamos, á donde

125 351 343 59 tenia su parentela,

122 398 485 56 con el intento en llegando,

121 438 415 62 al obispo darle cuenta

125 487 426 62 y lograr los esponsales;

121 538 500 50 pero nuestra suerte adversa

122 577 422 55 no quiso se nos lograse

121 617 477 51 una pretension tan buena.

121 669 444 51 A estas sierras llegamos

121 702 428 57 en el rigor de la siesta:

119 755 339 51 nos apeamos, y yo

118 792 419 53 cansada de la molestia

118 833 418 61 del camino, me quedé

119 876 491 62 vencida al sueño, y apenas

115 923 488 60 se suspenden mis sentidos,

115 964 552 66 me ha entrado con vehemencia

117 1014 453 51 entre angustias un sueño

114 1056 433 55 tan pesado, de manera,

118 1103 525 57 que en su inhumano concepto

117 1146 430 54 fue su tirana influencia,

114 1189 559 56 que á mi amante daban muerte

115 1233 476 55 traidores con inclemencia.

114 1273 513 64 Quiero dar voces, no puedo;

118 1319 482 56 quiero acudir, no me deja

113 1361 427 59 aqueste infame letargo,

117 1412 456 52 y entre congojas y penas,

110 1450 379 60 el corazon á pedazos

111 1492 353 63 queria salirse fuera

110 1538 442 60 del pecho, y la garganta

110 1583 399 59 anudada, que no deja

108 1624 425 63 los conductos de la voz

110 1672 412 57 que se saliese á fuera:

110 1716 359 50 cansada de batallar

114 1752 473 69 ya el fatal sueño me deja;

108 1802 407 60 desperté toda turbada,

113 1846 452 62 y luego que fuí despierta

106 1888 500 64 buscaba á un lado y á otro

106 1933 463 59 el imán de mis potencias;

106 1979 500 57 mas viendo que no lo hallo,

106 2019 446 58 el alma quedó suspensa

110 2066 444 53 y el corazon traspasado,

104 2112 543 56 la sangre helada en las venas.

104 2150 359 75 Oí decir ¡ay de mi!

818 231 492 55 muerto soy, sin resistencia

821 275 485 55 á vuestras traidoras manos;

822 312 388 62 adios, amada Teresa,

822 359 484 55 que ya de mi triste vida

822 400 404 58 llegó la hora postrera!

821 440 353 64 Acudí desesperada,

822 469 527 80 llegué mas que viva, muerta,

819 533 582 62 lo hallé envuelto entre su sangre

819 580 475 56 manchando la tosca arena,

824 622 446 55 y viendo yo tal desgracia

819 668 450 55 le dije con grande pena:

818 708 532 60 ¿quién fue el ingrato homicida

818 764 491 40 que con tan fiera insolencia

818 804 506 51 te ha puesto de esta suerte?

862 840 512 65 —Oye, mi desdicha es esta:

814 884 412 57 al sueño tú te venciste

818 934 466 53 y yo á esta fuente risueña

817 978 470 55 vine por un poco de agua,

815 1018 466 56 y estando sentado en ella

811 1060 467 50 divertido en sus raudales,

811 1107 488 50 me acometen con violencia

811 1151 528 55 tu hermano y cuatro alevosos,

811 1191 378 60 y con tirana soberbia

808 1235 479 55 de heridas me han llenado,

810 1285 518 54 que ya por muerto me dejan.

811 1325 445 55 Tú del riesgo te libraste,

806 1365 485 62 pues no hicieron diligencia

806 1414 511 47 de buscarte, que unas voces

803 1457 518 59 que oyen, á huir los empeña.

804 1501 448 55 No siento mi muerte, no,

803 1543 449 59 solo siento que te quedas

803 1589 354 49 en aquesta soledad,

804 1632 386 55 acosada de las fieras,

806 1678 461 55 y pues me falta el aliento,

802 1716 509 61 que ya la muerte me espera,

803 1764 440 53 te pido que me perdones

800 1813 427 51 porque perdonada seas,

804 1862 487 50 que si yo merezco el verme

800 1895 405 57 en la Divina presencia

799 1938 409 54 de Dios, pediré por tí;

802 1989 503 48 que por su santa clemencia

802 2028 468 59 te saque de esta afliccion,

800 2068 365 67 y de todo libre seas,

802 2124 501 46 ya que no puedo ampararte,

797 2157 421 77 solo Dios te favorezca.
