1860 2629
897.0 293.0 99.0 67.0 — 8 —

246.0 354.0 458.0 43.0 de don Manuel que por tí

246.0 391.0 450.0 51.0 goza en la Gloria dichas:

248.0 426.0 375.0 58.0 Dios oyó tu peticion,

249.0 473.0 462.0 54.0 y asímismo Dios me envía

246.0 517.0 418.0 58.0 para que te desengañe.

245.0 563.0 392.0 53.0 Este que te persuadia

242.0 603.0 468.0 61.0 en mi traje, es el demonio

242.0 648.0 443.0 57.0 que con infernal codicia

242.0 690.0 411.0 60.0 quiere llevarte consigo

241.0 733.0 425.0 64.0 á sus cabernas ó simas;

244.0 781.0 417.0 60.0 vé al convento, y en él

238.0 817.0 454.0 72.0 haz las diligencias dignas

238.0 863.0 515.0 71.0 de cristiana y luego al punto

236.0 911.0 382.0 58.0 á tu cueva te retiras,

236.0 958.0 414.0 54.0 defiéndete de los lobos

235.0 1004.0 400.0 49.0 de esa manada inicua,

239.0 1041.0 438.0 63.0 y con esto queda en paz,

233.0 1080.0 507.0 73.0 Dios te ayude, Dios te asista:

230.0 1130.0 464.0 63.0 Apenas se apartó el alma

230.0 1169.0 519.0 69.0 de este mundo á la otra vida,

229.0 1219.0 481.0 61.0 el demonio que está hecho

229.0 1266.0 387.0 54.0 un centinela de vista,

230.0 1302.0 522.0 72.0 volvió á entrar segunda vez,

223.0 1351.0 399.0 61.0 diciendo: Teresa mia,

223.0 1397.0 431.0 51.0 este es el fiero demonio

222.0 1440.0 432.0 59.0 que con maña discutiva

220.0 1489.0 453.0 53.0 en sus sombrías tinieblas

220.0 1523.0 431.0 67.0 quiere verte sumergida,

223.0 1568.0 392.0 63.0 y ser mi espíritu finje,

220.0 1615.0 503.0 67.0 que el mismo Dios le envía.

217.0 1656.0 424.0 64.0 Díjole Teresa entonces:

216.0 1697.0 491.0 67.0 luego tú, segun te esplicas,

214.0 1745.0 480.0 60.0 ¿dices no eres el demonio?

214.0 1786.0 468.0 93.0 Pues, híncate de rodillas

946.0 365.0 347.0 42.0 y pide misericordïa

939.0 397.0 473.0 60.0 á este Señor que nos mira.

938.0 436.0 502.0 66.0 Dice el demonio bramando:

936.0 486.0 389.0 57.0 eso no, no lo permita

938.0 530.0 423.0 58.0 mi altiva soberbia, que

938.0 578.0 445.0 52.0 yo me avasalle ni rinda.

940.0 613.0 525.0 69.0 —Pues vete, infernal dragon,

935.0 657.0 422.0 65.0 á las brasas prevenidas

932.0 712.0 482.0 50.0 que por tu soberbia tienes

932.0 752.0 472.0 60.0 en el infierno adquiridas.

930.0 790.0 434.0 64.0 Desapareció el demonio

930.0 833.0 481.0 62.0 bramando como una hidra,

927.0 879.0 440.0 65.0 dejando todo el desierto

927.0 931.0 436.0 51.0 estremecido en sus iras.

926.0 966.0 466.0 59.0 Quedó Teresa en asombro

926.0 1010.0 372.0 63.0 de lo que la sucedia,

927.0 1055.0 376.0 55.0 y armada de su valor

923.0 1107.0 448.0 57.0 para el convento camina,

924.0 1150.0 385.0 59.0 confesó generalmente

927.0 1190.0 412.0 61.0 y á la cueva se volvia.

921.0 1234.0 414.0 55.0 Diez dias no se pasaron

919.0 1283.0 444.0 53.0 cuando van á requerirla

920.0 1326.0 447.0 61.0 cuatro ó cinco religiosos,

924.0 1364.0 424.0 67.0 y la hallaron de rodillas

917.0 1409.0 469.0 64.0 difunta, y todo aquel sitio

914.0 1456.0 469.0 64.0 con fragancias trascendia.

916.0 1502.0 431.0 59.0 Al convento la llevaron

914.0 1548.0 431.0 49.0 con la decencia debida:

913.0 1586.0 416.0 62.0 sepultura le previenen,

913.0 1629.0 483.0 62.0 gloria á voces la prodigan.

911.0 1669.0 535.0 73.0 Y Juan de Mendoza, humilde,

910.0 1721.0 463.0 59.0 es razon que á todos pida

908.0 1761.0 506.0 71.0 perdonen sus muchas faltas

908.0 1811.0 506.0 83.0 que en estos romances cifra.

318.0 2266.0 1151.0 107.0 MADRID. — Despacho : Sucesores de Hernando, Arenal. 11.
