1753 2480
376.0 66.0 897.0 130.0 SAYNETE EN VERS

729.0 229.0 184.0 78.0 TITULAT

649.0 601.0 359.0 114.0 PERSONAS

1110.0 686.0 184.0 60.0 Saldoni

1116.0 731.0 240.0 95.0 Margarida

86.0 892.0 664.0 91.0 Figurará la escena una casa pobre.

43.0 963.0 713.0 76.0 Margarida. Encara al senyó Rectó

177.0 1016.0 482.0 64.0 Saldoni, li estém debent

179.0 1058.0 434.0 68.0 la paga del casament.

45.0 1093.0 699.0 89.0 Saldoni. Non passis ansia de aixó,

179.0 1151.0 401.0 66.0 mes me estimaria jo

183.0 1194.0 478.0 64.0 tenir per mí que per ell:

179.0 1231.0 585.0 75.0 com no vá el Rectó al burdell

183.0 1277.0 600.0 76.0 que 'ls vol guanyar descansat.

53.0 1328.0 627.0 73.0 Mvrg. Saldoni no es ben pensat

183.0 1372.0 540.0 62.0 lo que tú dius; si no pagas

190.0 1419.0 448.0 62.0 al Rectó lo que li deus

190.0 1459.0 479.0 70.0 nos tindrá per uns jueus

196.0 1506.0 550.0 64.0 y 'ns fará vendre las bragas.

57.0 1556.0 701.0 68.0 Sald. Donchs Margarida, jo 't dich

194.0 1599.0 475.0 66.0 que el Rectó no cobrará,

194.0 1645.0 543.0 60.0 surti el sol per hont voldrá;

194.0 1692.0 475.0 60.0 á mí me falta un abrich

196.0 1723.0 601.0 81.0 hi els primés dinés que guanyi

198.0 1783.0 440.0 52.0 una capa 'm compraré

200.0 1820.0 405.0 71.0 y al Rectó no li daré

200.0 1860.0 571.0 70.0 un xavo, més que s' escanyi.

68.0 1913.0 622.0 75.0 Marg. Ay Saldoni, yo tinch por

204.0 1955.0 529.0 72.0 que si el Rectó sens enfada

202.0 2004.0 476.0 60.0 ans jugará una passada;

204.0 2050.0 397.0 62.0 tal volta fora millor,

206.0 2093.0 459.0 60.0 que lo anésim á trobar,

206.0 2139.0 393.0 59.0 li podriam demanar

212.0 2176.0 484.0 70.0 que per cobrar s' esperés

210.0 2225.0 468.0 87.0 que ara no tenim dinés.

853.0 859.0 591.0 77.0 Sald. Ja veurás tú Margarida

979.0 901.0 548.0 66.0 del modo que el Rectó crida

983.0 952.0 418.0 58.0 si dinés no li portém,

990.0 987.0 477.0 77.0 y per mes que li diguém

988.0 1027.0 545.0 70.0 que á casa no hi há un diné

990.0 1082.0 537.0 62.0 no 's voldrá entendre de ré;

988.0 1122.0 496.0 70.0 dirá que som condemnats

990.0 1167.0 533.0 75.0 perque estém los dos casats

990.0 1219.0 448.0 60.0 sense pagarli los drets,

992.0 1256.0 519.0 72.0 y ens posará en tals aprets

992.0 1306.0 525.0 66.0 que es capás de publicarho

992.0 1343.0 552.0 76.0 ó al peu del altá predicarho.

864.0 1384.0 694.0 79.0 Marg. Y dochs ¿cóm ho hem de fer?

992.0 1440.0 436.0 62.0 sí no tením cap diner.

864.0 1471.0 762.0 85.0 Sald. Oh. es qu' encara que 'n tingués

1000.0 1531.0 533.0 58.0 pe 'l Rectó no hi haurá res.

870.0 1570.0 705.0 68.0 Marg. Donchs? ¿cóm se compon aixó?

870.0 1614.0 595.0 70.0 Sald. Anant á trobá al Rectó.

870.0 1663.0 550.0 70.0 Marg. Anémhi donchs aviat

1002.0 1696.0 562.0 75.0 que 'n sembla estará enfadat.

872.0 1748.0 533.0 74.0 Sald. Anémseni tot seguit

1004.0 1787.0 550.0 85.0 que ja 'n voldría habé eixit.

878.0 1853.0 701.0 73.0 Mutació de escena, habitació del Rec-

936.0 1897.0 633.0 87.0 tó, apareix sentat ab lo breviari á

936.0 1950.0 136.0 60.0 la má.

942.0 1986.0 647.0 101.0 RECTÓ, SALDONI y la MARGARIDA

882.0 2064.0 631.0 70.0 Rectó. ¡ Válgam Deu! lo Rectó es

1010.0 2114.0 437.0 64.0 de tot el poble 'l criat,

1012.0 2161.0 414.0 54.0 tot lo dia está ocupat

1017.0 2198.0 471.0 118.0 per fer 'l bé dels demés.
