1753 2480
456.0 47.0 434.0 124.0 Desde la porta, entran.

140.0 140.0 641.0 66.0 Sald. Deu lo guart senyó Rectó.

138.0 186.0 672.0 76.0 Rectó. Qué es lo que porteu de bó?

138.0 229.0 575.0 78.0 Sald. De bó no li portém res,

262.0 279.0 426.0 62.0 senyó Rectó lo cas es

264.0 328.0 432.0 54.0 que vinch á notificarli

264.0 363.0 554.0 75.0 que no tinch res per donarli,

264.0 415.0 571.0 60.0 que no tinch un pá á la post,

264.0 458.0 604.0 62.0 qu'estich franch d'aná al rebost

262.0 498.0 560.0 68.0 puig fins ne fugen las ratas,

262.0 553.0 488.0 50.0 y que vaig sense sabatas

260.0 589.0 581.0 74.0 perque no 'n tinch per portar.

126.0 632.0 661.0 68.0 Rectó. Doncas si no 'm pots pagar

256.0 677.0 566.0 75.0 lo que 'm deus del casament,

254.0 719.0 479.0 72.0 dígasme ¿cóm ho farem?

119.0 756.0 606.0 87.0 Sald. ¡Qué vol que le diga jó,

254.0 808.0 421.0 64.0 qué faré senyó Rectó!

254.0 859.0 438.0 62.0 puig jo m' habia casat

254.0 905.0 471.0 64.0 pensantme estar regalat

254.0 948.0 426.0 66.0 y no habé de treballá,

254.0 994.0 517.0 68.0 pero habent de buscá el pá

252.0 1037.0 450.0 64.0 pera mi y la Margarida

252.0 1082.0 488.0 62.0 tot ha estat una mentida.

256.0 1122.0 422.0 70.0 Y axís li vuy demaná

250.0 1169.0 539.0 79.0 que ja que no 'l puch pagá;

245.0 1211.0 451.0 66.0 an á mí y la Margarida

243.0 1254.0 453.0 72.0 ans descasi de seguida.

113.0 1304.0 558.0 76.0 Marg. Senyó Rectó deixil dí

243.0 1349.0 507.0 62.0 que en Saldoni está mohí,

243.0 1390.0 515.0 71.0 tan bó que 's lo matrimoni

243.0 1438.0 561.0 62.0 y ara en ximplet den Saldoni

243.0 1481.0 499.0 64.0 voldría que 'm descases!!!

241.0 1519.0 482.0 80.0 nons ne faltaba cap mes,

239.0 1566.0 467.0 74.0 jo voldría habe 'm casat

237.0 1618.0 345.0 56.0 encara mes abiat.

245.0 1655.0 515.0 74.0 Vaya una bona ocurrencia,

233.0 1709.0 525.0 60.0 senyó Rectó ab sa llicencia

235.0 1750.0 517.0 68.0 men tornaré ab lo Saldoni,

235.0 1793.0 492.0 69.0 perque jo vull matrimoni

235.0 1845.0 515.0 64.0 que no puch viure sens ell,

235.0 1882.0 507.0 73.0 vusté que es un home vell

231.0 1932.0 465.0 68.0 tan prudent y tan entés

231.0 1975.0 420.0 54.0 ja veu que fácil no es

229.0 2015.0 449.0 72.0 que una dona ja casada

229.0 2064.0 422.0 62.0 pugui viure separada

225.0 2112.0 442.0 64.0 del seu marit, aixó nó,

223.0 2155.0 448.0 60.0 no senyó, senyó Rectó,

225.0 2194.0 544.0 89.0 perque si vusté ho probés...

944.0 126.0 639.0 55.0 Rectó. Qué no callarás may mes?

1074.0 163.0 435.0 58.0 Quít parla de descasá?

940.0 194.0 614.0 85.0 Sald. Jo li dich que tan me fá,

1072.0 252.0 447.0 58.0 perque si la Margarida

1070.0 295.0 478.0 64.0 treballant me fes la vida

1072.0 347.0 470.0 49.0 y en fes aná ben trincat

1068.0 386.0 439.0 62.0 jo fora molt ben casat,

1066.0 429.0 482.0 64.0 pero habent de treballar,

1066.0 475.0 552.0 60.0 li dich que 'm vull descasar.

932.0 514.0 603.0 64.0 Rectó. Saldoni te faré un pacte

1062.0 558.0 628.0 74.0 mes no m' has de faltá al tracte.

928.0 593.0 698.0 89.0 Sald. Vejám, digui quem proposa?

930.0 655.0 531.0 64.0 Rectó. Uno cosa ventatjosa;

1060.0 696.0 465.0 62.0 ja que ara no pots pagá

1062.0 744.0 571.0 70.0 puig no tens per comprar pá,

1062.0 785.0 496.0 62.0 vaig á proposarte plassos;

1060.0 830.0 630.0 73.0 tú no ets manco y ab tos brassos

1058.0 874.0 465.0 72.0 treballant ja guanyarás

1056.0 921.0 432.0 64.0 y á las horas pagarás.

934.0 958.0 635.0 79.0 Marg. Aixó es lo que jo pensaba,

1050.0 1010.0 461.0 58.0 senyó Rectó, si lograba

1054.0 1054.0 486.0 64.0 que en Saldoni li pagués

1056.0 1101.0 388.0 62.0 y que no se separés,

1050.0 1138.0 485.0 71.0 li dich com só Margarida

1050.0 1190.0 488.0 62.0 que m' allargaba la vida.

1052.0 1231.0 500.0 66.0 Aclaresquin aquets punts

1052.0 1279.0 477.0 58.0 vusté y en Saldoni junts

1048.0 1324.0 562.0 60.0 perque jo me 'n tinch de aná

1043.0 1368.0 616.0 74.0 á casa á amaní el diná. (sen vá)

1046.0 1405.0 463.0 64.0 Passiho be senyó Rectó.

909.0 1448.0 653.0 75.0 Rectó. Deu te guie y lo ángel bó.

1046.0 1496.0 500.0 62.0 Vamos, Saldoni, que dius

1039.0 1537.0 581.0 83.0 á lo que te dit? (Saldoni riu)

1041.0 1587.0 188.0 68.0 qué rius?

1037.0 1630.0 484.0 64.0 mira que 't parlo formal.

901.0 1674.0 643.0 68.0 Sald. Senyó Rectó ni un sol ral

1039.0 1725.0 408.0 58.0 pel casament li daré;

1037.0 1764.0 461.0 69.0 vosté s' ha cregut potsé

1035.0 1808.0 449.0 68.0 que jo m' escarrassaría

1033.0 1855.0 531.0 69.0 y el meu guany li donaria:

1031.0 1907.0 504.0 60.0 no senyó, no, s' equivoca,

1033.0 1942.0 533.0 66.0 jo no tinch per pa, ni coca.

899.0 1984.0 595.0 70.0 Rectó. Gran insolent, callarás?

1029.0 2037.0 444.0 54.0 de mí no ten burlarás?

1031.0 2081.0 494.0 58.0 ó pagarás lo que 'm deus

1027.0 2124.0 465.0 68.0 ó lligat de maus y peus

1027.0 2170.0 428.0 62.0 te faré aná á la presó.

859.0 2207.0 598.0 89.0 Sald. Catxasa, senyó Rectó;
