1099 1550
197 111 749 38 Escitada la curiosidad de Nadir, quiso saber quién vivía en aquella casa,

155 142 794 42 y acercándose á varios criados que vió en la puerta ricamente vestidos, les pre-

156 173 793 37 guntó cómo se llamaba el señor de aquel palacio.—Estraño es por cierto,

156 203 795 35 le contestó uno de ellos, que viviendo en Bagdad no sepais que esta es la morada

157 229 794 40 del célebre Simbad el Marino, el cual ha viajado por todos los mares que alumn-

156 264 794 39 bra el sol. El pobre mozo, que ya tenia noticia del opulento Simbad, no pudo

158 297 794 35 menos de envidiar la suerte de un hombre tan venturoso, y compararla con la

160 324 792 38 suya desgraciada. En un rapto de desesperacion, alzó los ojos al Cielo y esclamó

160 353 791 35 en voz bastante alta: «¡ Oh Supremo Hacedor de todas las cosas! ¡Cuánta es

159 383 793 36 la distancia entre Simbad y yo! Continuamente trabajando, y apenas puedo

160 413 791 39 alimentar á mi familia con mísero pan de cebada, mientras que este afortuna-

162 444 791 36 do Simbad, ocioso en medio de los deleites, gasta inmensas riquezas! ¿Cuáles

163 472 790 42 serán sus méritos para concederle el Cielo tantos dones, y qué habré yo hecho

165 505 328 40 para merecer tanta desgracia?»

208 531 748 39 Sumergido en sus tristes reflexiones permaneció un corto espacio, hasta

167 563 786 37 que sintió que le agarraban del brazo y un hombre le decia: « Venid conmigo;

166 591 359 37 mi señor Simbad quiere hablaros.»

210 619 748 41 Nadir, temiendo que Simbad habria oido su esclamacion y le llamaba

167 651 790 40 para castigarle, rehusaba obedecer aquella órden, diciondo que no podia dejar

168 681 791 39 abandonada su carga en medio de la calle; pero al fin tuvo que ceder á les re-

168 709 296 39 petidas instancias del criado.

216 737 743 38 Temblando llegó Nadir á un salon en donde habia muchos señores comien-

171 768 789 39 do con indecible regocijo. El sitio de preferencia le ocupaba un personaje gra-

172 799 790 37 ve y agraciado, á quien servian con solicitud un gran número de criados rica-

173 828 789 37 mente vestidos. Era Simbad aquel señor, y mandando á Nadir que se sentase

173 855 388 38 á su lado, él mismo le sirvió de comer.

218 887 746 35 Concluida la comida, Simbad preguntó al mozo cómo se llamaba y cuál

175 914 790 38 era su ocupacion. Contestóle Nadir avergonzado, y Simbad añadió: « Ya que

176 946 788 36 tengo el gusto de conoceros, quisiera saber por vuestra boca en mi presencia lo

177 972 360 39 que os oí decir poco ha en la calle.

220 1001 746 39 Nadir, á tal demanda, tembló de pies á cabeza, y muy sonrojado contestó:

181 1030 787 37 «Señor, os confieso que desesperado y trastornado por el cansancio, aventuré

180 1060 788 39 algunas palabras indiscretas que os ruego me perdoneis.»—Muy lejos de re-

180 1091 789 37 prenderos por vuestras quejas, compadezco vuestra situacion; pero quiero hace-

181 1118 788 39 ros ver el error en que estais respecto á mi. Habreis pensado sin duda que todo

183 1149 787 35 cuanto poseo lo adquirí sin trabajo ni merecimiento, y voy á desengañaros. An-

184 1176 786 39 tes de llegar á tan feliz estado, he sufrido muchos años de privaciones y pena-

185 1208 786 36 lidades. Alguna vez me habreis oido hablar ligeramente de mis estrañas aven-

186 1234 786 34 turas, dijo volviéndose á los convidados, y de los peligros que corrí en siete via-

186 1265 787 37 jes que hice; peligros capaces de quitar el ánimo para cruzar los mares, á los

188 1295 785 39 hombres mas codiciosos; ahora, puesto que se presenta la ocasion, os haré una

188 1321 558 46 narracion exacta, si me haceis el honor de escucharme.
