1134 1582
490 123 106 38 — 19—

142 175 788 26 casa en la mayor angustia, temiendo á cada instante por la vida de mi

143 191 787 38 muger. Por fin, hube de abandonarme á la voluntad de Dios, y esta no

142 220 791 41 tardó en manifestarse. Cayó mi muger enferma y en pocos dias murió.

142 252 790 37 Cuál seria mi desconsuelo cuando me hallé que, temiendo ser devorado

141 280 789 37 por antropófagos habia venido á ser enterrado vivo. Ningun medio ha-

141 310 789 39 bia de librarme. Quiso el rey honrarme asistiendo á mi entierro acom-

142 340 788 37 pañado de toda su córte. Llegó la hora y ataviada mi muger como

140 369 790 39 para la boda, emprendimos la marcha, yendo yo anegado en llanto. En

141 398 789 37 el camino intenté ver si lograria de los circunstantes alguna compa-

140 428 790 34 sion, y echándome á los pies del rey, tocando al suelo besé el estremo

140 457 790 37 de sus vestidos, pidiendo á los de la comitiva tuviesen compasion de

140 489 789 35 mí: les rogué que considerasen que siendo yo estranjero y teniendo en

140 520 789 31 mi pais otra muger é hijos, debia ser esceptuado de tan horrorosa ley,

140 546 790 38 Nadie se apiadó de mis palabras; continuamos la marcha, y estando á

139 573 790 43 la orilla del pozo bajaron á mi muger, haciendo lo mismo conmigo en

140 606 496 32 otro ataud con el cantarillo y los siete panes.

181 632 748 36 Cuando llegué al fondo del subterráneo, pude distinguir á la escasa

139 662 789 41 luz que bajaba de lo alto, que aquello era una estensa cueva. El edor

139 692 790 40 de los cadáveres que allí habia principió á trastornarme, y oí algunos

138 724 791 33 ahogados lamentos de los últimos que habian bajado vivos. Reuní en-

138 751 791 40 tonces mis fuerzas y salí del ataud, alejándome del punto en que esta-

139 780 790 38 ban los cadáveres. Poniéndose entonces delante de mi vista todo el hor-

138 812 789 37 ror de la situacion, me tendí en el suelo, y deshaciéndome en llanto,

139 839 790 38 esclamaba: ¡lnfeliz de mí! No me hubiera sido mejor perecer en algu-

138 870 791 39 no de mis anteriores peligros, y no morir ahora en la mas rabiosa

138 900 790 39 desesperacion: Qué muerte tan lenta y penosa me aguarda! Oh perver-

138 929 791 39 sa codicia, dónde me has arrastrado! Qué necesidad tenia yo de salir

138 957 758 38 de mi casa donde disfrutaba con sosiego el producto de mis afanes?

181 991 748 38 Largo rato permanecí desesperado y quise poner fin á mi existen-

138 1017 791 37 cia golpeándome la cabeza en el suelo; mas luego se apoderó de mí un

138 1047 791 41 nuevo deseo de prolongar mis dias, y dirigiéndome á tientas al sitio

141 1077 788 40 le mi ataud, tomé los panes y el agua, con los cuales pude vivir algu-

139 1107 791 39 nos dias. Ya se habian concluido mis provisiones, ya solo me aguar-

140 1137 790 38 daba la muerte, cuando bajaron otro cadáver y otra persona viva. Es-

138 1166 792 41 ta era una muger, y sin reflexionar yo entonces que para conservar mi

138 1195 792 35 existencia iba á cometer un crimen, descargué sobre la infeliz varios

138 1226 792 39 golpes con un hueso que cojí, haciéndola morir prontamente. Me apo-

139 1255 791 37 deré del pan y el agua que habia bajado en su ataud, y ya tuve para

139 1284 791 40 unos dias. En este tiempo bajaron otra difunta y otro vivo, hice lo mis-

141 1317 788 38 mo, y así proseguí teniendo alimento para muchos dias, pues por for-

141 1345 698 38 tuna para mí, fué grande la mortandad que hubo en la ciudad.

181 1373 749 39 Maté á una muger un dia, y en el acto de concluir mi sacrificio

139 1404 791 52 tentí pasos y oí como respirar: volví la cabeza sobresaltado al sitio donde
