<?xml version="1.0" encoding="UTF-8"?>
<alto xmlns:xsi="http://www.w3.org/2001/XMLSchema-instance"
      xmlns="http://www.loc.gov/standards/alto/ns-v4#"
      xsi:schemaLocation="http://www.loc.gov/standards/alto/ns-v4# http://www.loc.gov/standards/alto/v4/alto-4-2.xsd">
  <Description>
    <MeasurementUnit>pixel</MeasurementUnit>
    <sourceImageInformation>
      <fileName>Varios_442_14.jpg</fileName>
      
    </sourceImageInformation>
  </Description>
  
  <Tags>
    <OtherTag ID="BT225" LABEL="GraphicZone:ornamentation" DESCRIPTION="block type GraphicZone:ornamentation"/><OtherTag ID="BT226" LABEL="MainZone" DESCRIPTION="block type MainZone"/><OtherTag ID="BT228" LABEL="MarginTextZone:colophon" DESCRIPTION="block type MarginTextZone:colophon"/><OtherTag ID="BT227" LABEL="MainZone:columns" DESCRIPTION="block type MainZone:columns"/><OtherTag ID="BT229" LABEL="MarginTextZone:note" DESCRIPTION="block type MarginTextZone:note"/><OtherTag ID="BT230" LABEL="MusicZone" DESCRIPTION="block type MusicZone"/><OtherTag ID="BT231" LABEL="NumberingZone:page" DESCRIPTION="block type NumberingZone:page"/><OtherTag ID="BT232" LABEL="QuireMarksZone:catchwords" DESCRIPTION="block type QuireMarksZone:catchwords"/><OtherTag ID="BT233" LABEL="QuireMarksZone:signature" DESCRIPTION="block type QuireMarksZone:signature"/><OtherTag ID="BT234" LABEL="RunningTitleZone" DESCRIPTION="block type RunningTitleZone"/><OtherTag ID="BT221" LABEL="CustomZone:impresorNum" DESCRIPTION="block type CustomZone:impresorNum"/><OtherTag ID="BT222" LABEL="CustomZone:numero_pliego" DESCRIPTION="block type CustomZone:numero_pliego"/><OtherTag ID="BT223" LABEL="CustomZone:title" DESCRIPTION="block type CustomZone:title"/><OtherTag ID="BT224" LABEL="GraphicZone:illustration" DESCRIPTION="block type GraphicZone:illustration"/>
    <OtherTag ID="LT83" LABEL="DefaultLine" DESCRIPTION="line type DefaultLine"/><OtherTag ID="LT81" LABEL="CustomLine:propriedad" DESCRIPTION="line type CustomLine:propriedad"/><OtherTag ID="LT82" LABEL="CustomLine:trailer" DESCRIPTION="line type CustomLine:trailer"/><OtherTag ID="LT84" LABEL="HeadingLine" DESCRIPTION="line type HeadingLine"/>
  </Tags>
  
  <Layout>
    <Page WIDTH="1070"
          HEIGHT="1582"
          PHYSICAL_IMG_NR="29"
          ID="eSc_dummypage_">
      <PrintSpace HPOS="0"
                  VPOS="0"
                  WIDTH="1070"
                  HEIGHT="1582">
        
        <TextBlock HPOS="483.0"
                   VPOS="74.0"
                   WIDTH="178.0"
                   HEIGHT="77.0"
                   ID="block_1"
                   TAGREFS="BT231">
          <Shape><Polygon POINTS="483 74 661 74 661 151 483 151 483 74"/></Shape>
          
          
          <TextLine ID="line_0"
                    TAGREFS="LT83"
                    BASELINE="524 140 640 140" 
                    HPOS="524"
                    VPOS="119"
                    WIDTH="116"
                    HEIGHT="32">
            <Shape><Polygon POINTS="524 140 524 149 639 151 640 140 640 124 562 119 561 119 524 126 524 140"/></Shape>
	    <String CONTENT="— 14—"
                    HPOS="524"
                    VPOS="119"
                    WIDTH="116"
                    HEIGHT="32"></String>
          </TextLine>

          
        </TextBlock>
        
        <TextBlock HPOS="147.0"
                   VPOS="151.0"
                   WIDTH="856.0"
                   HEIGHT="1337.0"
                   ID="block_0"
                   TAGREFS="BT226">
          <Shape><Polygon POINTS="147 151 1003 151 1003 1488 147 1488 147 151"/></Shape>
          
          
          <TextLine ID="line_1"
                    TAGREFS="LT83"
                    BASELINE="177 176 968 172" 
                    HPOS="176"
                    VPOS="151"
                    WIDTH="792"
                    HEIGHT="39">
            <Shape><Polygon POINTS="897 151 888 151 880 151 871 151 862 151 853 151 844 151 836 151 827 151 818 151 809 151 801 151 793 153 792 153 789 153 755 151 748 151 739 151 730 151 721 151 713 151 704 151 695 151 692 151 656 154 650 154 644 154 611 151 607 151 598 151 589 151 589 151 583 154 582 154 572 154 458 151 458 151 449 151 440 151 431 151 425 151 408 155 406 155 401 155 368 151 361 151 357 151 349 155 348 155 335 155 202 151 201 151 176 155 177 176 177 187 491 190 492 190 507 188 521 185 584 188 629 189 630 189 631 189 636 188 646 185 727 188 756 188 757 188 764 188 794 184 806 188 807 188 808 188 809 188 818 188 861 183 967 188 968 172 967 153 902 151 897 151"/></Shape>
	    <String CONTENT="municándola á otro compañero, mereció su aprobacion y todos luego con-"
                    HPOS="176"
                    VPOS="151"
                    WIDTH="792"
                    HEIGHT="39"></String>
          </TextLine>

          
          
          <TextLine ID="line_2"
                    TAGREFS="LT83"
                    BASELINE="177 204 969 204" 
                    HPOS="177"
                    VPOS="186"
                    WIDTH="792"
                    HEIGHT="35">
            <Shape><Polygon POINTS="177 204 177 214 226 220 227 221 320 221 320 220 347 215 349 215 351 215 375 220 376 220 441 216 485 220 486 220 487 220 502 216 505 215 515 216 562 220 563 220 564 220 576 216 577 216 580 216 619 220 620 220 621 220 635 216 640 215 643 216 655 220 655 220 656 221 704 221 704 220 705 220 706 220 712 217 714 215 722 217 743 220 744 221 813 221 813 220 814 220 822 217 825 215 864 215 867 217 873 220 873 220 874 220 875 220 876 220 886 217 892 215 968 217 969 204 969 186 177 186 177 204"/></Shape>
	    <String CONTENT="vinieron en ella. &quot;Hermanos, les dije, construyamos algunas balsas con"
                    HPOS="177"
                    VPOS="186"
                    WIDTH="792"
                    HEIGHT="35"></String>
          </TextLine>

          
          
          <TextLine ID="line_3"
                    TAGREFS="LT83"
                    BASELINE="176 235 969 232" 
                    HPOS="175"
                    VPOS="210"
                    WIDTH="794"
                    HEIGHT="40">
            <Shape><Polygon POINTS="176 235 177 250 202 244 332 244 371 249 372 249 409 243 455 248 456 248 526 243 571 248 572 248 573 248 665 242 676 247 676 247 677 247 740 242 760 247 761 247 762 247 791 243 825 246 826 246 862 241 891 246 892 247 968 247 969 232 968 215 907 210 906 210 905 210 890 214 856 210 855 210 787 214 770 215 761 214 735 210 735 210 715 214 708 215 661 214 574 211 573 211 572 211 566 213 559 216 545 213 531 211 531 211 530 211 521 213 511 216 466 213 429 211 428 211 427 211 426 211 423 213 418 217 349 217 337 213 334 212 334 212 333 212 325 213 298 217 175 213 176 235"/></Shape>
	    <String CONTENT="la mucha madera que hay en la playa, demos la muerte ó burlemos"
                    HPOS="175"
                    VPOS="210"
                    WIDTH="794"
                    HEIGHT="40"></String>
          </TextLine>

          
          
          <TextLine ID="line_4"
                    TAGREFS="LT83"
                    BASELINE="176 263 968 263" 
                    HPOS="176"
                    VPOS="239"
                    WIDTH="792"
                    HEIGHT="41">
            <Shape><Polygon POINTS="176 263 176 275 295 279 296 279 297 279 298 279 303 275 306 274 312 275 320 278 321 278 322 278 356 276 392 274 431 276 469 279 470 279 471 279 479 276 487 274 493 276 495 279 496 279 497 279 498 280 531 280 531 279 531 279 538 277 548 274 553 277 556 279 557 279 558 279 559 280 651 280 651 279 659 277 679 274 756 274 770 278 772 279 773 279 774 279 775 279 777 278 786 274 848 274 894 279 897 279 898 279 902 279 945 274 967 279 968 263 968 246 909 239 908 239 907 239 890 244 884 239 883 239 882 239 832 239 831 239 830 239 816 244 814 245 800 244 733 239 732 239 691 243 674 245 655 243 626 239 625 239 611 242 600 246 533 246 519 242 504 239 503 239 502 239 495 241 487 246 460 246 453 241 451 239 450 239 449 239 448 239 415 241 340 245 327 240 322 239 321 239 320 239 306 240 269 245 259 239 256 239 255 239 254 239 176 239 176 263"/></Shape>
	    <String CONTENT="la vigilancia de ese mónstruo gigante, y huyamos de aquí en las balsas.»"
                    HPOS="176"
                    VPOS="239"
                    WIDTH="792"
                    HEIGHT="41"></String>
          </TextLine>

          
          
          <TextLine ID="line_5"
                    TAGREFS="LT83"
                    BASELINE="179 293 968 291" 
                    HPOS="178"
                    VPOS="268"
                    WIDTH="790"
                    HEIGHT="41">
            <Shape><Polygon POINTS="179 293 179 304 454 309 455 309 476 306 492 304 525 306 566 309 567 309 586 307 614 304 653 307 667 308 668 308 713 307 882 304 889 308 890 308 891 308 892 309 968 309 968 291 967 273 822 268 822 268 821 268 810 272 803 275 740 275 729 272 713 268 713 268 695 271 682 274 673 271 662 268 662 268 661 268 660 268 653 271 647 275 497 275 487 271 484 269 483 269 482 269 462 271 415 275 408 270 407 269 406 269 405 269 404 269 393 270 370 274 357 270 354 269 353 269 259 269 258 269 254 270 232 275 225 270 224 269 223 269 222 269 221 269 178 269 179 293"/></Shape>
	    <String CONTENT="Todos aprobaron mi proposicion, y se construyeron inmediatamente las"
                    HPOS="178"
                    VPOS="268"
                    WIDTH="790"
                    HEIGHT="41"></String>
          </TextLine>

          
          
          <TextLine ID="line_6"
                    TAGREFS="LT83"
                    BASELINE="176 323 569 321" 
                    HPOS="175"
                    VPOS="299"
                    WIDTH="394"
                    HEIGHT="34">
            <Shape><Polygon POINTS="176 323 176 333 568 331 569 321 567 304 524 299 523 299 522 299 521 299 516 304 515 304 513 304 480 299 479 299 409 303 368 304 360 302 354 300 353 300 352 300 351 300 344 302 335 304 175 301 176 323"/></Shape>
	    <String CONTENT="balsas para tres personas cada una."
                    HPOS="175"
                    VPOS="299"
                    WIDTH="394"
                    HEIGHT="34"></String>
          </TextLine>

          
          
          <TextLine ID="line_7"
                    TAGREFS="LT83"
                    BASELINE="222 350 969 352" 
                    HPOS="221"
                    VPOS="324"
                    WIDTH="748"
                    HEIGHT="41">
            <Shape><Polygon POINTS="221 360 267 365 268 365 968 362 969 352 968 331 929 333 918 330 899 325 898 325 897 325 896 325 887 330 880 333 875 330 865 325 864 325 789 325 788 325 769 329 751 333 706 328 693 327 692 327 687 328 666 333 644 328 637 326 636 326 635 326 634 326 633 327 625 333 596 333 582 327 572 324 571 324 570 324 555 327 550 328 548 327 545 324 544 324 543 324 542 324 510 326 458 332 436 326 427 324 426 324 425 324 412 326 378 333 356 333 346 326 345 325 344 325 343 325 342 325 342 325 339 326 319 332 278 326 277 326 251 332 223 325 222 350 221 360"/></Shape>
	    <String CONTENT="Volvimos al castillo cuando fué de noche, y tuvimos el dolor de ver"
                    HPOS="221"
                    VPOS="324"
                    WIDTH="748"
                    HEIGHT="41"></String>
          </TextLine>

          
          
          <TextLine ID="line_8"
                    TAGREFS="LT83"
                    BASELINE="175 382 968 380" 
                    HPOS="174"
                    VPOS="360"
                    WIDTH="794"
                    HEIGHT="37">
            <Shape><Polygon POINTS="175 382 175 397 260 391 274 396 275 396 276 396 300 391 352 396 353 396 354 396 369 391 441 391 451 396 451 396 452 396 536 391 566 396 567 396 567 396 568 396 577 391 591 395 592 395 593 395 627 391 638 395 639 395 640 395 739 391 966 395 968 380 965 360 174 360 175 382"/></Shape>
	    <String CONTENT="al gigante cenar otro de los nuestros. En seguida se tendió en el suelo y"
                    HPOS="174"
                    VPOS="360"
                    WIDTH="794"
                    HEIGHT="37"></String>
          </TextLine>

          
          
          <TextLine ID="line_9"
                    TAGREFS="LT83"
                    BASELINE="175 411 968 409" 
                    HPOS="174"
                    VPOS="386"
                    WIDTH="794"
                    HEIGHT="37">
            <Shape><Polygon POINTS="175 411 175 422 966 423 968 409 966 392 826 386 825 386 824 386 823 386 815 392 784 392 754 386 753 386 752 386 751 386 742 392 621 392 610 386 609 386 579 386 578 386 577 386 561 392 542 387 541 387 540 387 428 392 384 387 383 387 382 387 363 392 345 387 344 387 343 387 342 387 327 392 320 387 319 387 318 387 252 387 251 387 250 387 235 392 218 387 217 387 216 387 174 393 175 411"/></Shape>
	    <String CONTENT="se durmió. En aquel momento diez de los mas atrevidos, siendo yo uno"
                    HPOS="174"
                    VPOS="386"
                    WIDTH="794"
                    HEIGHT="37"></String>
          </TextLine>

          
          
          <TextLine ID="line_10"
                    TAGREFS="LT83"
                    BASELINE="175 440 966 439" 
                    HPOS="174"
                    VPOS="414"
                    WIDTH="792"
                    HEIGHT="42">
            <Shape><Polygon POINTS="175 440 175 449 247 455 248 455 337 450 356 449 542 449 563 451 593 455 594 456 678 456 678 455 679 455 686 452 695 449 854 454 912 455 913 455 914 455 917 454 932 449 965 454 966 439 964 421 801 421 797 420 759 414 758 414 757 414 743 420 704 414 703 414 702 414 690 420 687 420 675 420 618 414 545 414 545 414 544 414 534 419 531 420 494 419 408 414 407 414 368 418 344 420 323 418 292 414 291 414 291 414 277 418 268 420 260 418 253 415 252 415 251 415 174 417 175 440"/></Shape>
	    <String CONTENT="de ellos, pusimos cada uno su asador al fuego. Cuando las puntas ya es-"
                    HPOS="174"
                    VPOS="414"
                    WIDTH="792"
                    HEIGHT="42"></String>
          </TextLine>

          
          
          <TextLine ID="line_11"
                    TAGREFS="LT83"
                    BASELINE="176 470 964 470" 
                    HPOS="176"
                    VPOS="446"
                    WIDTH="788"
                    HEIGHT="40">
            <Shape><Polygon POINTS="176 470 176 480 311 480 312 480 318 485 319 485 320 485 320 485 346 480 350 480 356 480 393 485 393 486 484 486 484 485 485 485 494 481 497 480 513 481 554 485 555 485 556 485 567 481 574 480 598 482 642 485 643 485 677 482 703 480 710 482 719 485 720 485 720 485 721 485 731 482 741 480 764 482 786 485 787 485 964 483 964 470 964 452 878 452 877 451 868 446 867 446 866 446 866 446 832 451 831 451 792 446 746 446 745 446 744 446 743 446 735 451 735 451 729 451 588 446 587 446 564 451 562 451 560 451 531 446 531 446 490 451 487 451 486 451 474 446 473 446 428 446 427 446 426 446 425 446 417 451 416 451 413 451 374 446 344 446 343 446 342 446 342 446 334 451 334 451 330 451 298 446 297 446 296 446 282 451 280 451 275 451 236 446 235 446 234 446 225 451 224 451 176 451 176 470"/></Shape>
	    <String CONTENT="tuvieron enrojecidas, rápidamente se las arrimamos á los ojos al gigante,"
                    HPOS="176"
                    VPOS="446"
                    WIDTH="788"
                    HEIGHT="40"></String>
          </TextLine>

          
          
          <TextLine ID="line_12"
                    TAGREFS="LT83"
                    BASELINE="176 499 964 499" 
                    HPOS="176"
                    VPOS="476"
                    WIDTH="788"
                    HEIGHT="32">
            <Shape><Polygon POINTS="176 499 176 508 964 508 964 499 964 481 936 476 935 476 934 476 919 480 734 476 733 476 732 476 731 476 724 481 554 481 524 476 523 476 522 476 521 476 513 481 426 481 419 476 418 476 417 476 344 476 343 476 320 480 297 476 296 476 272 480 212 476 211 476 176 480 176 499"/></Shape>
	    <String CONTENT="vaciándoselos. El dolor que sintió aquel mónstruo le hizo lanzar un ala-"
                    HPOS="176"
                    VPOS="476"
                    WIDTH="788"
                    HEIGHT="32"></String>
          </TextLine>

          
          
          <TextLine ID="line_13"
                    TAGREFS="LT83"
                    BASELINE="175 529 964 529" 
                    HPOS="175"
                    VPOS="505"
                    WIDTH="789"
                    HEIGHT="34">
            <Shape><Polygon POINTS="175 529 175 538 963 539 964 529 964 511 769 505 768 505 749 509 742 510 732 508 708 505 707 505 670 508 648 510 643 508 636 505 635 505 634 505 633 505 624 507 617 510 609 507 600 505 599 505 598 505 584 507 571 510 555 507 539 505 538 505 525 507 509 510 502 507 498 505 497 505 458 505 458 505 439 507 403 510 397 506 395 505 394 505 393 505 349 505 349 505 336 506 288 510 272 505 270 505 269 505 269 505 263 505 221 510 212 505 211 505 211 505 175 505 175 529"/></Shape>
	    <String CONTENT="rido que casi nos hizo caer aterrados. Se levantó y tendió los brazos en"
                    HPOS="175"
                    VPOS="505"
                    WIDTH="789"
                    HEIGHT="34"></String>
          </TextLine>

          
          
          <TextLine ID="line_14"
                    TAGREFS="LT83"
                    BASELINE="176 558 964 557" 
                    HPOS="175"
                    VPOS="533"
                    WIDTH="789"
                    HEIGHT="41">
            <Shape><Polygon POINTS="176 558 176 570 293 568 297 570 303 573 304 573 305 573 336 570 354 568 364 570 390 573 391 573 418 569 426 568 429 569 436 573 437 573 438 574 483 574 483 573 484 573 501 569 505 568 515 569 563 573 564 573 565 573 575 568 577 568 587 568 652 573 653 573 654 573 670 568 675 567 684 568 724 573 725 573 764 567 770 567 771 567 787 573 788 573 789 573 941 573 941 573 942 573 964 566 964 557 961 533 933 539 700 539 665 536 628 533 627 533 611 537 603 538 596 537 585 533 584 533 583 533 560 537 545 539 532 537 511 534 400 534 400 534 399 534 381 539 379 539 378 539 371 534 370 534 369 534 248 534 247 534 247 534 237 538 188 534 187 534 186 534 175 539 176 558"/></Shape>
	    <String CONTENT="todas direcciones, principió á buscarnos furioso para vengarse; mas nos-"
                    HPOS="175"
                    VPOS="533"
                    WIDTH="789"
                    HEIGHT="41"></String>
          </TextLine>

          
          
          <TextLine ID="line_15"
                    TAGREFS="LT83"
                    BASELINE="175 586 964 589" 
                    HPOS="175"
                    VPOS="567"
                    WIDTH="789"
                    HEIGHT="37">
            <Shape><Polygon POINTS="175 586 175 600 356 597 424 602 442 602 443 602 450 602 475 598 505 602 510 602 511 602 512 602 514 602 527 598 536 602 537 602 538 602 538 602 550 602 634 599 641 602 641 603 642 603 643 603 644 604 689 604 689 603 692 603 716 599 773 603 785 604 786 604 786 604 787 604 787 603 794 600 889 600 962 604 964 589 963 571 175 567 175 586"/></Shape>
	    <String CONTENT="otros pudimos librarnos de entre sus manos y guarecernos en los rincones"
                    HPOS="175"
                    VPOS="567"
                    WIDTH="789"
                    HEIGHT="37"></String>
          </TextLine>

          
          
          <TextLine ID="line_16"
                    TAGREFS="LT83"
                    BASELINE="176 618 580 616" 
                    HPOS="175"
                    VPOS="593"
                    WIDTH="405"
                    HEIGHT="39">
            <Shape><Polygon POINTS="176 618 176 627 188 632 189 632 189 632 190 632 200 627 207 631 208 631 209 631 210 631 211 631 211 631 211 631 216 627 262 627 268 631 269 631 269 631 270 631 271 631 284 627 289 631 290 631 291 631 291 631 341 628 365 632 366 632 367 632 368 632 377 626 378 626 380 626 403 631 404 631 579 625 580 616 577 600 469 600 466 598 461 594 461 593 460 593 459 593 458 593 437 597 426 600 402 597 386 595 385 595 385 595 378 597 363 602 296 602 279 595 273 594 272 594 271 594 175 594 176 618"/></Shape>
	    <String CONTENT="á donde su cuerpo no podia penetrar."
                    HPOS="175"
                    VPOS="593"
                    WIDTH="405"
                    HEIGHT="39"></String>
          </TextLine>

          
          
          <TextLine ID="line_17"
                    TAGREFS="LT83"
                    BASELINE="219 647 964 645" 
                    HPOS="218"
                    VPOS="620"
                    WIDTH="746"
                    HEIGHT="40">
            <Shape><Polygon POINTS="219 647 219 660 963 655 964 645 963 627 938 620 937 620 936 620 892 626 880 620 880 620 879 620 878 620 863 624 796 620 795 620 768 626 666 621 665 621 664 621 651 627 649 627 645 627 615 623 614 623 551 627 539 627 538 627 524 621 524 621 523 621 496 627 493 627 489 627 464 622 463 622 431 627 422 628 415 627 398 622 397 622 396 622 395 622 380 627 375 629 321 629 318 627 307 622 306 622 305 622 218 626 219 647"/></Shape>
	    <String CONTENT="Andando á tientas encontró la puerta y salió, estremeciendo el recin-"
                    HPOS="218"
                    VPOS="620"
                    WIDTH="746"
                    HEIGHT="40"></String>
          </TextLine>

          
          
          <TextLine ID="line_18"
                    TAGREFS="LT83"
                    BASELINE="176 677 964 675" 
                    HPOS="175"
                    VPOS="655"
                    WIDTH="789"
                    HEIGHT="35">
            <Shape><Polygon POINTS="176 677 176 686 451 690 451 690 452 690 453 690 460 686 502 686 562 690 563 690 618 685 618 685 632 689 633 689 633 689 681 685 868 689 869 689 898 685 947 689 948 689 949 689 964 683 964 675 962 657 175 655 176 677"/></Shape>
	    <String CONTENT="to con rujidos espantosos. Corrimos nosotros al sitio en que teniamos"
                    HPOS="175"
                    VPOS="655"
                    WIDTH="789"
                    HEIGHT="35"></String>
          </TextLine>

          
          
          <TextLine ID="line_19"
                    TAGREFS="LT83"
                    BASELINE="175 707 962 704" 
                    HPOS="174"
                    VPOS="682"
                    WIDTH="788"
                    HEIGHT="35">
            <Shape><Polygon POINTS="175 707 175 717 961 716 962 704 960 688 930 682 873 682 873 682 872 682 858 687 837 682 837 682 836 682 835 682 822 687 821 687 820 687 794 682 793 682 793 682 792 682 785 687 784 688 760 688 757 687 728 682 727 682 700 687 691 688 683 686 664 683 663 683 662 683 656 686 653 689 571 689 564 686 553 682 552 682 551 682 534 686 524 688 477 686 440 684 439 684 438 684 437 684 436 686 430 689 407 685 391 683 390 683 389 683 380 685 366 689 174 685 175 707"/></Shape>
	    <String CONTENT="las balsas, y aguardamos para embarcarnos á que fuera de dia. No bien"
                    HPOS="174"
                    VPOS="682"
                    WIDTH="788"
                    HEIGHT="35"></String>
          </TextLine>

          
          
          <TextLine ID="line_20"
                    TAGREFS="LT83"
                    BASELINE="175 736 962 733" 
                    HPOS="174"
                    VPOS="711"
                    WIDTH="788"
                    HEIGHT="42">
            <Shape><Polygon POINTS="175 736 175 747 204 752 205 753 238 753 238 752 239 752 240 752 248 747 249 747 263 747 410 750 411 750 442 746 445 746 451 746 527 751 528 751 529 751 546 747 624 751 625 751 625 751 640 746 661 751 662 751 662 751 704 746 722 750 723 750 724 751 924 751 924 750 962 743 962 733 959 711 950 716 938 711 934 711 933 711 808 711 807 711 807 711 800 713 793 717 691 717 670 714 650 711 649 711 632 714 618 717 603 715 578 711 577 711 576 711 569 715 567 716 560 715 535 711 534 711 464 716 448 717 447 716 439 711 438 711 437 711 436 711 400 717 390 718 368 717 272 712 271 712 204 718 184 712 183 712 182 712 181 712 181 712 174 716 175 736"/></Shape>
	    <String CONTENT="despuntaba la aurora, divisamos á lo largo al gigante que venia hácia nos-"
                    HPOS="174"
                    VPOS="711"
                    WIDTH="788"
                    HEIGHT="42"></String>
          </TextLine>

          
          
          <TextLine ID="line_21"
                    TAGREFS="LT83"
                    BASELINE="176 765 780 763" 
                    HPOS="175"
                    VPOS="742"
                    WIDTH="605"
                    HEIGHT="37">
            <Shape><Polygon POINTS="176 765 176 779 203 775 778 776 780 763 779 747 769 742 768 742 767 742 766 742 753 747 708 742 707 742 706 742 706 742 698 747 610 747 592 742 591 742 590 742 532 747 478 742 477 742 430 747 292 743 291 743 291 743 290 743 283 747 187 744 186 744 185 744 175 747 176 765"/></Shape>
	    <String CONTENT="otros guiado por otros muchos tan mónstruos como él."
                    HPOS="175"
                    VPOS="742"
                    WIDTH="605"
                    HEIGHT="37"></String>
          </TextLine>

          
          
          <TextLine ID="line_22"
                    TAGREFS="LT83"
                    BASELINE="223 795 961 791" 
                    HPOS="223"
                    VPOS="767"
                    WIDTH="738"
                    HEIGHT="38">
            <Shape><Polygon POINTS="223 805 961 805 961 791 959 768 930 773 895 768 888 767 888 767 875 768 827 772 820 768 819 767 818 767 817 767 777 767 776 767 753 768 670 774 629 769 620 768 619 768 618 768 615 769 599 774 587 769 586 769 585 769 584 769 583 769 575 776 492 776 476 769 474 769 473 769 473 769 472 769 470 769 457 776 404 776 318 776 298 769 296 769 295 769 294 769 293 769 292 769 280 776 245 776 223 770 223 795 223 805"/></Shape>
	    <String CONTENT="Inmediatamente nos echamos en las balsas, alejándonos á todo remo"
                    HPOS="223"
                    VPOS="767"
                    WIDTH="738"
                    HEIGHT="38"></String>
          </TextLine>

          
          
          <TextLine ID="line_23"
                    TAGREFS="LT83"
                    BASELINE="176 826 958 823" 
                    HPOS="175"
                    VPOS="799"
                    WIDTH="783"
                    HEIGHT="39">
            <Shape><Polygon POINTS="176 826 176 837 485 838 486 838 487 838 490 837 504 834 518 837 522 838 523 838 524 838 535 837 569 834 583 837 588 838 589 838 589 838 596 837 618 834 674 837 694 838 695 838 696 838 697 838 698 837 706 833 956 836 958 823 956 799 918 799 917 799 917 799 916 799 903 805 872 800 866 799 866 799 865 799 864 799 863 800 856 805 848 800 847 799 846 799 845 799 769 799 768 799 749 801 720 805 708 802 699 799 698 799 698 799 697 799 696 799 692 802 686 805 647 802 618 800 617 800 616 800 607 803 598 805 534 804 447 801 446 801 445 801 436 805 433 805 430 805 415 801 414 801 414 801 389 805 381 806 352 805 211 801 211 801 175 807 176 826"/></Shape>
	    <String CONTENT="de la playa: los gigantes que nos vieron huir, corrieron hasta la orilla,"
                    HPOS="175"
                    VPOS="799"
                    WIDTH="783"
                    HEIGHT="39"></String>
          </TextLine>

          
          
          <TextLine ID="line_24"
                    TAGREFS="LT83"
                    BASELINE="178 855 960 852" 
                    HPOS="177"
                    VPOS="829"
                    WIDTH="783"
                    HEIGHT="40">
            <Shape><Polygon POINTS="178 855 178 864 423 869 424 869 425 869 434 865 440 863 454 866 469 868 470 868 471 868 476 866 483 863 497 866 510 868 511 868 561 866 628 863 659 866 676 868 677 868 746 867 933 863 959 867 960 852 960 835 937 829 936 829 935 829 886 834 861 829 860 829 837 834 814 829 813 829 812 829 785 834 736 829 735 829 735 829 721 834 645 831 644 831 643 831 642 831 637 835 635 836 567 836 562 835 526 830 525 830 524 830 509 835 506 836 451 836 451 835 440 830 439 830 438 830 403 831 402 831 401 831 395 835 393 836 386 835 366 831 365 831 364 831 356 835 352 836 342 835 313 831 278 831 277 831 276 831 276 831 269 835 266 836 177 835 178 855"/></Shape>
	    <String CONTENT="y cogiendo grandes piedras nos las tiraron, con tal acierto, que todas"
                    HPOS="177"
                    VPOS="829"
                    WIDTH="783"
                    HEIGHT="40"></String>
          </TextLine>

          
          
          <TextLine ID="line_25"
                    TAGREFS="LT83"
                    BASELINE="176 885 960 881" 
                    HPOS="175"
                    VPOS="859"
                    WIDTH="785"
                    HEIGHT="38">
            <Shape><Polygon POINTS="176 885 176 892 470 897 471 897 502 892 510 892 515 892 527 896 528 896 529 896 605 892 646 891 684 892 744 895 745 895 960 892 960 881 959 862 875 859 874 859 845 863 834 863 828 863 810 859 809 859 808 859 807 859 803 863 800 865 724 865 715 863 686 860 685 860 684 860 676 864 675 865 579 865 575 865 547 861 546 861 487 866 480 866 476 866 444 862 444 862 407 866 373 862 372 862 371 862 371 862 364 867 315 867 185 863 184 863 183 863 182 863 175 866 176 885"/></Shape>
	    <String CONTENT="las baisas, escepto la que yo ocupaba con otros dos compañeros, fueron"
                    HPOS="175"
                    VPOS="859"
                    WIDTH="785"
                    HEIGHT="38"></String>
          </TextLine>

          
          
          <TextLine ID="line_26"
                    TAGREFS="LT83"
                    BASELINE="176 914 960 910" 
                    HPOS="175"
                    VPOS="887"
                    WIDTH="785"
                    HEIGHT="37">
            <Shape><Polygon POINTS="176 914 176 923 958 924 960 910 959 893 939 887 938 887 938 887 911 892 904 887 903 887 902 887 846 887 845 887 844 887 844 887 834 892 599 888 598 888 567 894 566 895 530 895 530 894 521 889 520 889 519 889 518 889 493 894 435 889 434 889 433 889 419 893 404 889 403 889 402 889 401 889 400 889 392 894 363 890 362 890 361 890 345 895 344 896 287 896 273 896 255 890 254 890 254 890 227 895 187 890 186 890 185 890 175 894 176 914"/></Shape>
	    <String CONTENT="deshechas, pereciendo los que iban en ellas. Los tres que nos habiamos"
                    HPOS="175"
                    VPOS="887"
                    WIDTH="785"
                    HEIGHT="37"></String>
          </TextLine>

          
          
          <TextLine ID="line_27"
                    TAGREFS="LT83"
                    BASELINE="176 944 959 940" 
                    HPOS="175"
                    VPOS="919"
                    WIDTH="784"
                    HEIGHT="42">
            <Shape><Polygon POINTS="176 944 176 955 231 955 234 955 261 961 262 961 320 955 333 954 344 955 388 960 389 960 422 955 429 954 435 955 463 959 464 959 487 955 496 953 515 955 566 959 567 959 958 953 959 940 956 919 175 923 176 944"/></Shape>
	    <String CONTENT="felizmente librado, apuramos nuestras fuerzas y logramos vernos á salvo"
                    HPOS="175"
                    VPOS="919"
                    WIDTH="784"
                    HEIGHT="42"></String>
          </TextLine>

          
          
          <TextLine ID="line_28"
                    TAGREFS="LT83"
                    BASELINE="177 973 445 973" 
                    HPOS="177"
                    VPOS="950"
                    WIDTH="268"
                    HEIGHT="37">
            <Shape><Polygon POINTS="177 973 177 983 185 987 186 987 187 987 210 983 211 983 252 983 253 984 256 986 256 987 257 987 258 987 259 987 339 986 433 983 444 987 445 973 445 957 342 957 336 953 327 950 327 950 286 950 285 950 284 950 278 952 268 956 177 950 177 973"/></Shape>
	    <String CONTENT="del furor de los gigantes."
                    HPOS="177"
                    VPOS="950"
                    WIDTH="268"
                    HEIGHT="37"></String>
          </TextLine>

          
          
          <TextLine ID="line_29"
                    TAGREFS="LT83"
                    BASELINE="222 1001 960 999" 
                    HPOS="221"
                    VPOS="972"
                    WIDTH="739"
                    HEIGHT="41">
            <Shape><Polygon POINTS="222 1001 222 1012 958 1013 960 999 959 979 949 972 948 972 947 972 909 972 908 972 907 972 888 980 885 982 865 982 862 980 851 974 850 974 717 972 716 972 715 972 699 981 697 982 685 981 629 973 628 973 627 973 611 981 608 983 572 983 570 981 566 978 565 978 564 978 485 973 484 973 483 973 455 982 450 984 248 984 247 983 236 976 235 976 234 976 233 976 232 976 221 981 222 1001"/></Shape>
	    <String CONTENT="Nos encontramos en alta mar, pasando todo el dia y la noche, siendo"
                    HPOS="221"
                    VPOS="972"
                    WIDTH="739"
                    HEIGHT="41"></String>
          </TextLine>

          
          
          <TextLine ID="line_30"
                    TAGREFS="LT83"
                    BASELINE="176 1033 959 1028" 
                    HPOS="175"
                    VPOS="1006"
                    WIDTH="784"
                    HEIGHT="41">
            <Shape><Polygon POINTS="176 1033 176 1044 241 1047 242 1047 308 1044 369 1041 405 1044 436 1046 436 1046 487 1044 554 1040 561 1044 565 1045 566 1045 567 1045 567 1045 575 1044 593 1039 639 1039 683 1044 696 1044 697 1044 698 1044 699 1044 710 1038 957 1043 959 1028 957 1010 851 1006 850 1006 828 1010 826 1010 819 1010 750 1007 749 1007 687 1011 676 1011 673 1011 655 1006 655 1006 576 1006 575 1006 575 1006 564 1010 481 1007 480 1007 446 1011 435 1013 422 1012 390 1008 389 1008 388 1008 374 1012 370 1013 364 1012 344 1008 343 1008 175 1012 176 1033"/></Shape>
	    <String CONTENT="el juguete de las olas que, tirándonos de una parte á otra, amenazaban"
                    HPOS="175"
                    VPOS="1006"
                    WIDTH="784"
                    HEIGHT="41"></String>
          </TextLine>

          
          
          <TextLine ID="line_31"
                    TAGREFS="LT83"
                    BASELINE="176 1061 956 1058" 
                    HPOS="175"
                    VPOS="1035"
                    WIDTH="781"
                    HEIGHT="41">
            <Shape><Polygon POINTS="176 1061 176 1076 262 1071 270 1075 271 1075 272 1075 400 1074 442 1069 496 1069 504 1074 505 1074 506 1074 507 1074 541 1069 551 1074 552 1074 553 1074 577 1068 954 1073 956 1058 954 1039 897 1035 896 1035 895 1035 895 1035 888 1039 886 1041 850 1041 844 1039 829 1035 829 1035 828 1035 804 1039 797 1040 789 1039 761 1035 760 1035 735 1039 725 1042 597 1042 594 1039 584 1036 583 1036 582 1036 535 1037 534 1037 526 1040 521 1042 498 1040 464 1037 463 1037 462 1037 461 1037 456 1040 451 1043 422 1043 418 1040 413 1037 412 1037 411 1037 410 1037 409 1037 402 1040 398 1042 378 1040 349 1037 291 1037 290 1037 289 1037 283 1040 278 1043 175 1041 176 1061"/></Shape>
	    <String CONTENT="tragarnos. Dichosamente al otro dia nos vimos arrojados á otra isla y"
                    HPOS="175"
                    VPOS="1035"
                    WIDTH="781"
                    HEIGHT="41"></String>
          </TextLine>

          
          
          <TextLine ID="line_32"
                    TAGREFS="LT83"
                    BASELINE="177 1092 959 1088" 
                    HPOS="176"
                    VPOS="1065"
                    WIDTH="783"
                    HEIGHT="36">
            <Shape><Polygon POINTS="177 1092 177 1101 958 1100 959 1088 958 1072 938 1065 938 1065 937 1065 936 1065 935 1065 925 1071 882 1072 858 1072 845 1065 844 1065 844 1065 843 1065 821 1072 820 1072 761 1073 706 1073 704 1071 692 1066 691 1066 691 1066 667 1071 666 1072 636 1072 633 1071 624 1066 623 1066 622 1066 621 1066 611 1071 608 1073 567 1073 564 1071 558 1066 557 1066 556 1066 555 1066 479 1071 472 1071 470 1071 448 1066 447 1066 446 1066 436 1071 432 1073 428 1071 418 1066 417 1066 416 1066 396 1071 386 1073 383 1071 377 1066 376 1066 375 1066 374 1066 335 1068 334 1068 334 1068 330 1071 326 1074 320 1071 316 1069 315 1069 314 1069 299 1071 274 1074 266 1071 257 1067 256 1067 255 1067 236 1071 218 1074 176 1071 177 1092"/></Shape>
	    <String CONTENT="renació en nosotros la alegria. Principiamos á pasearnos y á comer de"
                    HPOS="176"
                    VPOS="1065"
                    WIDTH="783"
                    HEIGHT="36"></String>
          </TextLine>

          
          
          <TextLine ID="line_33"
                    TAGREFS="LT83"
                    BASELINE="176 1121 960 1117" 
                    HPOS="175"
                    VPOS="1094"
                    WIDTH="785"
                    HEIGHT="41">
            <Shape><Polygon POINTS="176 1121 176 1131 327 1135 328 1135 329 1135 343 1132 348 1131 389 1132 483 1134 484 1134 485 1134 494 1132 502 1130 514 1132 527 1134 528 1134 618 1132 778 1128 841 1132 844 1132 844 1132 845 1132 869 1128 878 1132 879 1132 880 1133 959 1133 960 1117 957 1094 897 1099 751 1095 749 1095 749 1095 748 1095 727 1100 698 1095 697 1095 588 1095 587 1095 586 1095 584 1095 563 1102 467 1102 456 1095 455 1095 454 1095 453 1095 452 1095 451 1095 439 1102 397 1102 378 1095 376 1095 375 1095 374 1095 373 1095 371 1096 351 1102 175 1097 176 1121"/></Shape>
	    <String CONTENT="las frutas gustosísimas que encontramos, y en el camino vimos un árbol"
                    HPOS="175"
                    VPOS="1094"
                    WIDTH="785"
                    HEIGHT="41"></String>
          </TextLine>

          
          
          <TextLine ID="line_34"
                    TAGREFS="LT83"
                    BASELINE="177 1150 960 1147" 
                    HPOS="176"
                    VPOS="1127"
                    WIDTH="784"
                    HEIGHT="37">
            <Shape><Polygon POINTS="177 1150 177 1164 206 1159 378 1162 436 1163 437 1163 438 1163 443 1161 451 1158 522 1161 564 1162 565 1162 566 1162 570 1161 575 1158 676 1159 841 1161 842 1161 843 1161 856 1157 857 1157 858 1157 866 1161 867 1161 868 1161 908 1157 909 1157 948 1161 949 1161 950 1161 960 1156 960 1147 958 1129 176 1127 177 1150"/></Shape>
	    <String CONTENT="de enorme corpulencia y muy alto, en el cual resolvimos pasar la noche"
                    HPOS="176"
                    VPOS="1127"
                    WIDTH="784"
                    HEIGHT="37"></String>
          </TextLine>

          
          
          <TextLine ID="line_35"
                    TAGREFS="LT83"
                    BASELINE="177 1181 958 1176" 
                    HPOS="176"
                    VPOS="1153"
                    WIDTH="782"
                    HEIGHT="40">
            <Shape><Polygon POINTS="177 1181 177 1188 187 1193 188 1193 189 1193 230 1188 235 1188 257 1188 361 1191 362 1191 363 1191 370 1189 374 1187 383 1189 402 1192 403 1192 450 1189 476 1187 515 1189 563 1191 564 1191 581 1189 600 1186 605 1189 609 1191 610 1191 611 1191 611 1191 612 1191 613 1191 616 1189 620 1187 669 1190 682 1190 683 1190 690 1190 737 1185 787 1190 800 1190 801 1190 808 1190 839 1184 860 1190 861 1190 862 1190 957 1190 958 1176 956 1157 844 1153 844 1153 843 1153 842 1153 835 1157 832 1159 800 1160 698 1160 690 1157 673 1153 672 1153 654 1157 640 1161 615 1161 611 1157 607 1154 606 1154 605 1154 604 1154 583 1157 567 1160 552 1158 531 1154 530 1154 453 1155 452 1155 447 1158 440 1161 421 1158 402 1155 401 1155 400 1155 392 1158 382 1161 361 1158 345 1156 264 1156 263 1156 262 1156 254 1158 240 1161 233 1158 229 1156 228 1156 227 1156 176 1158 177 1181"/></Shape>
	    <String CONTENT="á salvo de las fieras que alli hubiese. Al anochecer trepamos al árbol, y"
                    HPOS="176"
                    VPOS="1153"
                    WIDTH="782"
                    HEIGHT="40"></String>
          </TextLine>

          
          
          <TextLine ID="line_36"
                    TAGREFS="LT83"
                    BASELINE="177 1209 959 1206" 
                    HPOS="176"
                    VPOS="1182"
                    WIDTH="783"
                    HEIGHT="38">
            <Shape><Polygon POINTS="177 1209 177 1220 958 1217 959 1206 957 1190 861 1183 860 1183 859 1183 858 1183 850 1190 820 1190 808 1183 807 1183 807 1183 806 1183 794 1190 749 1190 698 1182 698 1182 641 1183 640 1183 640 1183 633 1188 567 1183 566 1183 514 1190 440 1190 427 1184 426 1184 425 1184 424 1184 423 1184 414 1190 400 1184 399 1184 398 1184 324 1190 314 1184 313 1184 312 1184 261 1184 260 1184 259 1184 247 1190 188 1187 187 1187 186 1187 176 1190 177 1209"/></Shape>
	    <String CONTENT="apenas habiamos subido, nos estremeció el ruido espantoso que venia"
                    HPOS="176"
                    VPOS="1182"
                    WIDTH="783"
                    HEIGHT="38"></String>
          </TextLine>

          
          
          <TextLine ID="line_37"
                    TAGREFS="LT83"
                    BASELINE="177 1238 959 1235" 
                    HPOS="176"
                    VPOS="1216"
                    WIDTH="783"
                    HEIGHT="36">
            <Shape><Polygon POINTS="177 1238 177 1252 225 1248 365 1251 434 1252 435 1252 436 1252 441 1250 448 1247 455 1250 458 1251 458 1251 459 1251 467 1249 484 1247 583 1248 697 1251 698 1251 719 1248 730 1246 786 1247 926 1250 927 1250 958 1245 959 1235 957 1217 176 1216 177 1238"/></Shape>
	    <String CONTENT="haciendo hácia el mismo sitio una disforme serpiente. Llegó, pues, al"
                    HPOS="176"
                    VPOS="1216"
                    WIDTH="783"
                    HEIGHT="36"></String>
          </TextLine>

          
          
          <TextLine ID="line_38"
                    TAGREFS="LT83"
                    BASELINE="178 1269 959 1265" 
                    HPOS="177"
                    VPOS="1242"
                    WIDTH="782"
                    HEIGHT="40">
            <Shape><Polygon POINTS="178 1269 178 1282 203 1277 334 1281 360 1281 361 1281 362 1281 363 1280 374 1277 495 1279 558 1280 559 1280 560 1280 565 1278 573 1276 660 1277 753 1279 754 1279 958 1274 959 1265 957 1248 812 1248 785 1242 784 1242 756 1248 754 1248 753 1248 728 1243 727 1243 727 1243 716 1248 696 1244 695 1244 607 1248 571 1243 570 1243 533 1244 532 1244 523 1249 522 1249 517 1249 473 1244 473 1244 472 1244 454 1248 409 1244 408 1244 407 1244 397 1248 383 1244 382 1244 381 1244 380 1244 369 1249 366 1250 363 1249 347 1245 346 1245 226 1245 225 1245 225 1245 212 1250 211 1250 210 1250 196 1245 195 1245 194 1245 193 1245 177 1249 178 1269"/></Shape>
	    <String CONTENT="pie del árbol, se alzó á lo largo del tronco, y encontrando con mis com-"
                    HPOS="177"
                    VPOS="1242"
                    WIDTH="782"
                    HEIGHT="40"></String>
          </TextLine>

          
          
          <TextLine ID="line_39"
                    TAGREFS="LT83"
                    BASELINE="177 1298 957 1295" 
                    HPOS="176"
                    VPOS="1273"
                    WIDTH="781"
                    HEIGHT="41">
            <Shape><Polygon POINTS="177 1298 178 1314 203 1307 273 1307 291 1313 291 1313 292 1313 325 1313 326 1313 327 1313 334 1307 425 1311 426 1311 427 1311 437 1306 471 1312 472 1312 519 1306 531 1313 531 1313 532 1313 589 1313 589 1313 590 1313 608 1306 724 1312 725 1312 765 1306 786 1312 786 1312 787 1312 824 1306 860 1312 861 1313 956 1313 957 1295 954 1277 930 1278 921 1277 909 1273 908 1273 907 1273 906 1273 895 1277 888 1279 840 1279 833 1277 817 1273 816 1273 815 1273 815 1273 814 1273 808 1277 806 1279 750 1279 747 1277 735 1273 734 1273 733 1273 732 1273 731 1273 724 1277 722 1278 710 1277 647 1274 647 1274 610 1278 602 1279 598 1278 583 1274 582 1274 582 1274 546 1278 528 1274 527 1274 526 1274 525 1274 512 1279 511 1279 508 1279 458 1274 457 1274 415 1280 410 1280 406 1280 362 1275 361 1275 269 1280 228 1275 227 1275 226 1275 225 1275 217 1281 176 1281 177 1298"/></Shape>
	    <String CONTENT="pañeros que estaban mas bajos que yo, se los tragó instantáneamente y"
                    HPOS="176"
                    VPOS="1273"
                    WIDTH="781"
                    HEIGHT="41"></String>
          </TextLine>

          
          
          <TextLine ID="line_40"
                    TAGREFS="LT83"
                    BASELINE="178 1326 545 1324" 
                    HPOS="177"
                    VPOS="1301"
                    WIDTH="368"
                    HEIGHT="40">
            <Shape><Polygon POINTS="178 1326 179 1341 196 1335 239 1335 245 1340 246 1340 247 1340 247 1340 272 1335 281 1340 282 1340 283 1340 284 1340 316 1335 357 1339 358 1339 359 1339 369 1335 543 1337 545 1324 544 1307 524 1301 523 1301 522 1301 441 1306 433 1301 432 1301 431 1301 380 1301 379 1301 378 1301 356 1307 341 1302 340 1302 339 1302 283 1307 278 1303 277 1303 276 1303 228 1302 227 1302 226 1302 225 1302 218 1307 194 1304 193 1304 192 1304 177 1308 178 1326"/></Shape>
	    <String CONTENT="se volvió por donde habia venido."
                    HPOS="177"
                    VPOS="1301"
                    WIDTH="368"
                    HEIGHT="40"></String>
          </TextLine>

          
          
          <TextLine ID="line_41"
                    TAGREFS="LT83"
                    BASELINE="221 1353 957 1356" 
                    HPOS="220"
                    VPOS="1330"
                    WIDTH="737"
                    HEIGHT="39">
            <Shape><Polygon POINTS="221 1353 220 1363 255 1368 256 1368 354 1364 363 1364 368 1364 419 1368 420 1368 444 1364 447 1364 450 1364 466 1369 467 1369 468 1369 956 1365 957 1356 957 1339 931 1331 930 1331 829 1331 828 1331 827 1331 826 1331 815 1338 815 1338 778 1332 778 1332 753 1338 750 1338 749 1338 711 1330 710 1330 673 1337 653 1330 652 1330 651 1330 594 1337 592 1337 591 1337 568 1330 567 1330 538 1330 538 1330 537 1330 524 1337 523 1337 522 1337 509 1333 509 1333 508 1333 487 1337 485 1337 454 1337 271 1333 270 1333 269 1333 258 1336 257 1336 256 1336 243 1330 242 1330 241 1330 240 1330 221 1335 221 1353"/></Shape>
	    <String CONTENT="En la mayor angustia pasé alli la noche, y al amanecer bajé á tier-"
                    HPOS="220"
                    VPOS="1330"
                    WIDTH="737"
                    HEIGHT="39"></String>
          </TextLine>

          
          
          <TextLine ID="line_42"
                    TAGREFS="LT83"
                    BASELINE="176 1383 958 1386" 
                    HPOS="175"
                    VPOS="1360"
                    WIDTH="783"
                    HEIGHT="39">
            <Shape><Polygon POINTS="176 1383 175 1391 205 1397 206 1397 264 1393 291 1397 292 1397 336 1393 338 1393 339 1393 391 1397 392 1397 427 1393 436 1398 437 1398 438 1398 464 1393 465 1393 465 1393 512 1398 513 1398 552 1393 558 1393 562 1393 585 1398 586 1398 587 1398 602 1394 606 1393 696 1393 699 1394 709 1399 710 1399 711 1399 771 1395 791 1394 801 1395 825 1399 826 1399 957 1396 958 1386 956 1362 867 1366 749 1362 730 1362 729 1362 725 1362 698 1366 677 1363 669 1361 669 1361 656 1363 633 1365 595 1363 569 1361 568 1361 567 1361 560 1363 551 1365 543 1363 538 1361 537 1361 536 1361 490 1363 439 1365 436 1364 433 1360 432 1360 431 1360 430 1360 414 1364 407 1364 398 1364 376 1360 375 1360 176 1364 176 1383"/></Shape>
	    <String CONTENT="ra, estremeciendome al pensar que á la noche siguiente me aguardaba"
                    HPOS="175"
                    VPOS="1360"
                    WIDTH="783"
                    HEIGHT="39"></String>
          </TextLine>

          
          
          <TextLine ID="line_43"
                    TAGREFS="LT83"
                    BASELINE="177 1412 956 1416" 
                    HPOS="176"
                    VPOS="1390"
                    WIDTH="780"
                    HEIGHT="50">
            <Shape><Polygon POINTS="177 1412 176 1429 222 1437 223 1437 224 1437 250 1429 257 1428 272 1429 287 1431 288 1431 289 1431 296 1429 312 1426 359 1426 369 1430 372 1431 373 1431 374 1431 375 1431 379 1430 393 1427 400 1430 413 1437 414 1437 534 1439 535 1439 536 1439 560 1431 570 1428 597 1428 605 1431 620 1439 621 1439 645 1440 646 1440 700 1432 713 1430 723 1432 758 1439 759 1439 760 1439 778 1435 786 1440 787 1440 788 1440 789 1440 821 1433 836 1429 901 1429 908 1433 914 1437 915 1437 916 1437 917 1437 955 1433 956 1416 955 1395 177 1390 177 1412"/></Shape>
	    <String CONTENT="la suerte de mis dos compañeros. Tentacion tuve de arrojarme al mar;"
                    HPOS="176"
                    VPOS="1390"
                    WIDTH="780"
                    HEIGHT="50"></String>
          </TextLine>

          
        </TextBlock>
        

        
      </PrintSpace>
    </Page>
  </Layout>
</alto>
