1142 1581
542 86 96 48 —18—

186 143 795 31 para siempre á mi lado; y á fin de lograrlo, he pensado en un medio,

184 165 798 41 confiado en que has de hacerme la fineza de no oponerte á él.—Pronto

182 195 799 40 estoy, señor, le respondí, á obedecer lo que vuestra magestad se dig-

182 230 800 32 nase ordenarme.—Quiero casarte, prosiguió el rey, con una dama de

181 258 799 37 las principales de mi córte.» Yo no supe replicar al príncipe, y la boda

180 287 797 37 se realizó, tomando por esposa una señora noble, virtuosa, hermosa y

180 314 797 37 rica. Pasé algun tiempo á su lado saboreando las delicias de un esposo

179 348 796 38 feliz; pero siempre fijo en mi pensamiento el designio de escaparme y

180 375 323 38 volver á mi casa de Bagdad.

221 399 754 42 Con tales intentos, buscaba yo una coyuntura favorable. Cayó en-

176 433 799 41 ferma y murió la mujer de uno con quien yo habia contraido amistad

176 462 798 42 estrecha. Tratando yo de consolarle, fuí á verle, y le hallé sumido en

176 494 796 40 la mas honda desesperacion, y á mis primeras palabras contestó: ¡Ay

174 523 799 42 amigo! cómo juzgais fácil que yo adquiera tranquilidad, sabiendo que

175 555 794 36 solo me resta una hora de vida? No penseis tan aciagamente, repuse yo;

175 581 793 42 confiad en el cielo que prolongará vuestros dias y os dará prosperidades,

173 613 796 40 en las cuales tendré el placer de acompañaros.—Quiera Dios concede-

173 645 795 40 ros á vos todo el bien que me deseais, y que yo no puedo disfrutar:

172 678 796 31 dentro de una hora me enterrarán con mi muger: es costumbre de este

173 704 793 39 pais, que cuando una muger muere sea el marido enterrado con ella, y

172 737 794 36 si la muger enviuda, entra viva en la sepultura con su marido; esta

172 763 463 38 es una ley de que nadie puede salvarme.

212 790 754 40 Horrorizado quedé al oir tan cruel costumbre. En el momento lle-

170 821 796 40 garon los parientes que debian verificar las exéquias: adornaron el ca-

169 854 796 39 dáver con el vestido mas lujoso que tenia y preciosísimas joyas. Con-

169 883 796 37 cluida esta primer ceremonia, la comitiva se puso en marcha, llevando

168 911 600 38 el ataud descubierto y presidiendo el duelo el marido.

209 939 755 38 Llegaron á un cerro donde habia un gran pozo; alzaron la losa que

166 970 797 39 cubria la entrada, y en él metieron el cadáver. Entonces el marido abra-

166 1000 795 37 zó estrechamente á los parientes y amigos, y entrando en otro ataud en

165 1029 796 42 que pusieron un cántaro con agua y siete panes, fué él tambien bajado

166 1061 648 40 al pozo, quedando puesta otra vez la piedra de la entrada.

205 1092 756 38 Gran sensacion me causó el presenciar semejantes funerales, que

167 1122 794 36 o das las demas personas del concurso vieron con la mayor serenidad.

164 1147 795 43 Volví desde allí á palacio y hablándole al rey le dije: «Señor, permi-

160 1179 800 38 tidme que os hable acerca de la cruel costumbre de vuestros Estados, de

161 1210 797 35 dar sepultura á los vivos con los muertos. En lo mucho que tengo via-

162 1239 796 39 jado, jamás he visto un pais donde se practique tan inhumana ley.—Sim-

160 1269 798 39 bad, me respondió él, esa es una ley tan inviolable, que ni yo mismo

160 1299 797 41 pnedo eximirme de ella.—Y los estranjero, señor, proseguí, ¿ están

159 1328 795 42 obligados tambien á ella?— Qué duda tiene, contestó el rey. Están obli-

160 1359 469 41 gados habiéndose casado dentro de la isla.

202 1386 752 49 Considerad, señores, cuánto me afligiria esta noticia. Volví á mí
