1127 1570
484 122 111 35 — 13—

143 157 787 39 persuadidos á que nos aguardaba una muerte próxima; sin embargo, en-

144 187 789 35 contramos diversas frutas sabrosas y comimos de ellas. Cansados ya de

144 214 789 37 andar, descubrimos á lo lejos un edificio grandísimo y á él nos dirijimos.

145 247 787 39 Lo primero que se presentó á nuestra vista fué un gran patio, y al frente

146 276 785 37 un disforme aposento en que á un lado habia un monton de huesos huma-

144 304 788 38 nos, y al otro muchisimos asadores. El terror que aquel espectáculo nos

144 334 787 36 causó y el cansancio del camino, nos hizo caer al suelo, permaneciendo

145 367 464 36 largo rato abismados en un terror mortal.

187 393 745 36 Principiaba el sol á ponerse, y de pronto se abrió una puerta con

143 421 790 39 estruendo, apareciendo á nuestra vista un hombre negro muy alto, en

143 454 788 39 cuya horrible frente chispeaban dos ascuas; de su boca salian unos ter-

143 482 789 42 ribles y puntiagudos dientes; el labio inferior le caia sobre la barba; las

143 512 788 38 uñas eran disformes y encorvadas como de ave de rapiña. Todos que-

143 542 614 39 damos petrificados al aspecto de tan formidable gigante.

186 571 747 36 Cuando recobramos nuestros sentidos, él es taba sentado mirándonos

143 600 791 39 fijamente. Por fin alargó una mano, se dirigió á mí, me agarró por el pes-

143 631 791 36 cuezo, y dándome vueltas para verme bien de alto á bajo, no encontrán-

143 660 792 41 dome mas que huesos me arrojó lejos de sí. La misma operacion fué

143 691 791 39 practicando con los demas, y llegando al capitan, que era el mas grueso

143 721 790 36 de todos, le tomó en una mano como quien coge an pájaro, le atravesó

143 749 791 42 á lo largo del cuerpo un asador, le puso sobre el fuego y despues de al-

143 778 792 42 gunas vueltas se le comió. Concluida su brutal merienda, volvió á su apo-

143 810 791 37 sento, se tendió y principió á roncar estrepitosamente, durmiendo hasta

143 839 792 40 la madrugada. Nosotros no pudimos sosegar ni un instante, agitados por

143 870 790 40 la mas cruel zozobra. Cuando el dia despuntó, salió el gigante del casti-

143 897 350 36 llo, dejándonos á todos dentro.

187 925 745 42 Habiamos permanecido toda la noche en un sepulcral silencio, y así,

143 959 790 37 cuando nos creimos libres de nuestro cruel enemigo, prorumpimos en

143 989 792 31 espantosos alaridos. Aunque nosotros éramos muchos y solo teniamos

143 1016 792 38 un adversario, tal era nuestro terror, que á ninguno se le ocurrió librar-

143 1044 792 41 nos de él dándole muerte. Largo rato estuvimos tratando del modo de

144 1075 792 37 ponernos á salvo; pero todos los medios que se nos ocurrieron, eran ir-

144 1103 792 39 realizables: al fin convinimos en resignarnos con lo que Dios quisiera

144 1135 791 38 disponer de nosotros. Salimos á buscar frutas para comer; buscamos

144 1166 791 38 otro albergue donde pasar la noche, pero ninguno hallamos, y tuvimos

144 1191 240 37 que volver al castillo.

187 1217 749 44 Cuando fué de noche vino el gigante y se cenó otro de nuestros com-

145 1251 791 37 pañeros; luego se durmió roncando como la noche anterior, y á la ma-

146 1282 792 35 ñana salió como de costumbre. TTan horrorosa era nuestra situacion; que

146 1309 792 39 pensamos algunos en arrojarnos al mar; pero otros mas prudentes nos acon-

146 1344 789 32 sejaron que de ninguna manera atentásemos contra nuestra existencia,

145 1368 792 38 ofendiendo asi á Dios; antes bien buscásemos un ardid para darle la muer-

146 1398 790 47 te á nuestro feróz euemigo. Entonces me ocurrió á mi una idea, que co-
