1160 1604
574 90 111 54 —24—

223 146 800 36 dispuesto á recibir cargamento, mandé embarcar en él todos los cocos

224 169 796 41 que tenia reunidos, y despidéindome de aquel amigo, partí hácia una is-

223 200 800 40 la muy abundante de canela. Luego pasé á la isla de Comari, donde se

222 228 801 42 cria la mas escelente madera de aloe. Cambié mis cocos por los dos frutos

222 258 801 44 privilegiados de estas islas, y asociado con otros mercaderes salí á la pes-

222 289 801 43 ca de las perlas, llevando buzos costeados por mi cuenta. Cargado con

222 321 802 39 gran cantidad de perlas gruesísimas volví á emprender la navegacion, lle-

223 350 800 41 gando por quinta vez felizmente á Bagdad, en donde me enriquecí consi-

222 380 801 39 derablemente vendiendo la canela la madera de aloe y las perlas que

222 409 801 37 traia. No me olvidé de distribuir en limosnas una cantidad proporcionada

223 439 799 43 á mis ganancias, y resolvi disfrutar el resto con tranquilidad en medio

223 472 176 38 de mi amigos.

267 495 757 43 Asi concluyó Simbad de referir lo acaecido en su quinto viaje, y dan-

223 530 801 35 do á Nadir el diario de los cien zequies, le convidó á comer tambien para

222 558 801 38 el dia siguiente. Como es de suponer, no faltó el mandadero á la hora

223 589 799 41 dada, ni tampoco los demas convidados, y luego que se hubieron rega-

224 619 799 43 lado con esquisitos manjares, pidió Simbad que le prestasen atencion al

226 650 147 37 relato de su

528 701 194 50 SESTO VIASE.

663 875 353 60 Sin duda ninguna, señores,

643 924 381 44 les dijo, os imaginareis que despues

644 957 382 38 de haber hecho cinco viajes en que

646 990 379 35 tan graves riesgos corrí, despues

646 1018 380 34 de tantos propósitos de no volver á

646 1046 380 42 sal r de mi casa, ya el que hice

644 1078 383 41 cuando volví con las perlas, fuera el

227 1112 798 39 último. No podreis concebir cómo habia de arriesgarme sesta vez nue-

228 1137 797 43 vos peligros; yo mismo no lo comprendo cuando lo reflexiono; pero es

228 1165 797 46 lo cierto que al cabo de un año de quietud me decidí á emprender otro

229 1197 646 43 viaje, sin atender á los ruegos de mis parientes y amigos.

270 1227 755 38 Esta vez me dirijí atravesando muchas provincias de la India, y en

227 1259 798 37 un puerto de mar muy distante me embarqué en un buque dispuesto

228 1289 796 41 para una larga navegacion. Viajamos dias y dias, meses y meses, y nun-

228 1317 797 41 ca veiamos el término. El capitan y el piloto perdieron el rumbo y no

228 1347 798 41 sabian dónde nos hallábamos. Por fin llegaron á conocerlo; mas fué para

228 1378 796 44 llenarnos de consternacion á cuantos ibamos en el buque, pues el capi-

229 1406 634 50 tan como un furioso principió á dar espantosos alaridos.
