1134 1576
513 98 114 44 —10—

169 153 802 28 librarme de las serpientes. Me puse á cenar y fuí sobrecojido de temor

169 172 802 38 por los espantosos silvidos de las serpientes que cruzaban por el campo.

169 202 802 35 Fácilmente comprendereis con cuánto sobresalto pasaria yo la noche.

169 232 803 36 Luego que amaneció y las serpientes se retiraron á sus cuevas, salí de la

168 262 803 34 mia tan sobresaltado, que largo rato anduve sobre los diamantes y no

168 290 804 38 me cuidé de cojerlos. Cansado al fin de andar me senté, y era tal la falta

168 321 804 37 de sueño, por mi desvelo de la noche, que me quedé dormido. Corto

168 350 803 41 fué mi sosiego, porque un enorme bulto cayendo á mi lado me desper-

169 382 803 40 tó, miré asustado y era un tremendo trozo de carne fresca, viendo al

169 412 562 38 mismo tiempo caer otros muchos por todo el valle.

211 441 760 38 Comprendí entonces lo que aquello significaba, y era ni mas ni me-

168 471 804 39 nos lo que yo habia oido referir varias veces á los marineros acerca del

170 501 799 35 valle de los diamantes, y del modo estraño de cojerlos de un suelo adon-

169 533 801 36 de no podia penetrar ningun hombre por ser tan elevadas las rocas y no

169 560 800 37 tener bajada alguna. El ardid con que se apoderaban de aquellas riquezas,

169 590 799 39 consistia en dirijirse á la orilla del valle por lo alto de las montañas, y

170 621 801 40 tirar abajo gruesos pedazos de carne en la temporada que las águilas del

169 651 801 38 pais hacen sus crias. Los trozos de carne al caer de lo alto reciben los

171 681 799 37 diamantes que se les clavan con sus puntas. Las águilas acuden á la car-

171 712 799 33 ne, la cojen y la llevan á sus nidos en lo alto de las rocas para sus hijue-

170 738 800 35 los. entonces los mercaderes haciendo espantar á las águilas con fuer-

172 769 798 39 tes gritos, acuden á los nidos y cojen los diamantes que la carne tiene

171 797 110 43 clavados.

217 823 754 42 Siempre habia yo tenido por fabuloso este relato; pero convencido

171 858 799 33 entonces de su verdad, resolvi aprovecharme de tal suceso para salir del

173 886 796 36 valle, que sin duda podia considerar como mi sepulcro. Recojí los dia-

172 921 798 37 mantes mas gruesos que ví, llené cuanto pude la bolsa grande que me

174 949 796 36 habia servido para mis provisiones, y cojiendo un pedazo gruesísimo

174 980 796 35 de carne me le até al rededor del cuerpo, sugetando á mi cintura la

175 1006 795 40 bolsa, y me tendí en el suelo. Llegaron al momento las águilas; cada

174 1037 798 39 cual se apoderó de un pedazo de carne, y la que tomó el que á mí me

173 1065 797 40 envolvia, me llevó á su nido. Cuando los mercaderes ahuyentaron las

175 1097 796 35 águilas y se acercaron para hacer su presa, el que llegó á mí quedó

174 1124 796 42 sorprendido al verme; pero luego se repuso y principió á insultarme,

176 1157 793 39 diciendo que yo le robaba lo que era suyo. No así me insulteis, le con-

174 1184 796 41 testé; mirad si yo tengo para vos y para mí diamantes que habrán de

175 1215 794 39 envidiar todos vuestros compañeros, cogidos por mis manos en lo inte-

176 1245 791 40 rior de ese valle adonde ninguno de vosotros pudo jamás penetrar. Es-

176 1274 790 35 taba yo enseñándole los diamantes, cuando llegaron los otros merca-

176 1303 791 38 deres y admirados de verme, lo quedaron mucho mas cuando les refe-

175 1332 510 43 rí mi singular historia y mi temerario arrojo.

219 1360 752 43 Me llevaron á su albergue y entonces les manifesté los diamantes que

175 1393 795 40 llevaba en la bolsa, quedando tan admirados de su grandioso tamaño,
