1111 1534
552 75 87 29 —6—

187 107 796 41 marme. Sumamente débil por la falta de alimento y el escesivo cansan-

188 132 797 42 cio, fuí arrastrándome para buscar algunas yerbas de que comer: en

188 155 796 52 electo, comí de ellas, y el agua fresca de una fuente que tuve la dicha de

189 190 795 46 hallar, acabó de restablecerme. Quise luego caminar tierra adentro, y en

187 219 797 47 una hermosa pradera ví muchos caballos que estaban paciendo; entre el

187 247 796 47 temor y la alegria, dirigi allí mis pasos. Cuando estuve cerca, conocí

186 279 795 47 que eran yeguas, atadas todas á fuertes estacas: eran hermosísimas, y

188 305 795 51 yo las estaba mirando entusiasmado, cuando la voz de un hombre salió,

186 335 797 50 de una gruta. Poco tiempo habia pasado cuando aquel hombre se me

185 366 798 48 acercó y me preguntó quién era. Yo le referí mi aventura, y cojiéndome

185 397 797 47 de la mano me internó en la gruta, en donde otras muchas personas que

186 431 410 39 habia se quedaron atónitas al verme.

227 454 755 49 Diéronme á comer alguncs manjares, y yo les pregunté qué hacian

185 487 797 43 en aquel lugar que me habia parecido una isla desierta. Ellos me res-

185 517 796 43 pondieron que servian de palafreneros al rey Mirsa, soberano de aquella

185 547 794 41 isla: que en igual estacion todos los años llevaban allí las yeguas del rey,

185 576 795 42 á las cuales cubria un caballo marino, volviéndose despues al mar; que en

185 606 794 42 seguida llevaban otra vez las yeguas á la córte, siendo destinados para el rey

185 636 794 40 los caballos que de ellas nacian, de una hermosura admirable y estre-

185 666 795 40 mada velocidad. Me dijeron tambien que al dia siguiente debian marchar-

185 696 795 36 se, y que si yo hubiese llegado cuando ellos no estuviesen alli hub era

185 726 794 43 perecido sin remedio, pues las poblaciones estaban muy distantes, y era

185 756 498 40 imposible dirigirse á ellas sin guia ni camino.

227 784 750 40 Emprendimos nuestro viaje al dia siguiente hácia la capital de la isla.

185 815 793 38 Fuí presentado al rey Mirsa, y me hizo varias preguntas, á las cuales

185 847 793 34 contestando yo á su satisfaccion, declaró que se interesaba mucho en

183 875 794 41 mi desgracia, y por lo tanto dió órden de que se me proporcionase todo

184 905 199 34 cuanto necesitara.

225 934 752 40 Relacionándome yo con los mercaderes, particularmente los estran-

182 963 795 40 geros que alli encontré, supe noticias de Bagdad, y pensé en volverme

184 993 793 39 á mi pais creyéndolo fácil. Frecuentando la córte del rey, conversaba con

183 1020 791 40 los gobernadores, los príncipes que le rodeaban y los sabios de la India,

183 1053 619 40 instruyéndome en las costumbres y leyes de sus estados.

214 1084 761 37 Un dia paseaba yo en el puerto, cuando llegando un buque, princi-

183 1113 793 39 pió a descargar sus mercancias, entrándolas en los almacenes. De repen-

183 1141 792 40 te fijaron mi atencion unos fardos, viendo en ellos escrito mi nombre:

182 1171 794 40 los examiné detenidamente, y reconocí sin duda alguna que aquellos eran

183 1204 793 36 los mismos que yo habia cargado cuando me embarqué en Balsora. Tam-

184 1231 793 39 bien conocí al capitan, y como yo estaba persuadido de que me creia

183 1261 792 39 muerto, acercándome á él le pregunté de quién eran aquellos fardos.

183 1291 792 35 No reconoció mis facciones, y me contestó: «Embarcándose conmigo

182 1320 794 36 un mercader de Bagdad, llamado Simbad, llegamos un dia cerca de una

183 1349 791 50 isla: el con otros pasageros desembarcó, y la supuesta isla era una cis-
