1102 1583
523 99 95 39 —8—

176 139 793 33 familia hasta mañana que volvereis á oir la continuacion de mis aventu-

178 164 792 39 ras.» Entusiasmado el mozo con tan inesperado presente se despidió, y

180 193 790 39 llegado á su casa, hizo un fiel relato de su ocurrencia á su esposa, que

182 221 788 40 ya le aguardaba con impaciencia, la cual recibió un gozo indecible al ver

181 251 790 40 brillar en sus manos los zequies. Ella y los hijos dieron gracias á Dios por

183 281 789 40 el beneficio que les enviaba, y aquella noche durmieron mas tranquilos

183 311 357 38 de lo que tenian por costumbre.

228 339 746 41 Llegada la mañana siguiente, Nadir se aseó con la mejorcita ropa

184 372 790 37 que tenia y se fué á la casa de su generoso bienhechor. Este le recibió

185 398 790 39 con el mayor agasajo, y cuando estuvieron reunidos los convidados de la

188 429 787 38 víspera principiaron la comida. De sobremesa, tomó Simbad la palabra

188 459 788 36 diciendo: «Confio, señores, en que tendreis la amabilidad de escuchar la

188 486 788 39 continuacion de mis aventuras en mi segundo viaje, que por cierto no

188 517 786 42 son de menos interés que las del primero.» Prestaron todos atencion,

189 544 227 43 y Simbad habló así.

477 604 219 41 SEGURDO VIAJE.

619 747 362 44 Decidido como estaba á pa-

616 781 367 38 sar tranquilamente en Bagdad lo

616 811 368 33 que me restase de vida, pasaba los

618 838 366 40 dias en la mas indolente ociosidad,

625 873 360 32 y esto pronto vino á cansarme.

620 897 366 36 De nuevo me asaltaron los deseos

620 926 367 39 de viajar por mar, y asi lo verifi-

612 957 376 37 qué segunda vez, llevando con-

201 984 788 40 migo ricas mercaderias. En compañía de otros mercaderes emprendí mi

202 1014 788 40 navegacion, pasando de isla en isla, donde haciamos cambios muy ven-

203 1044 787 35 tajosos. Desembarcamos un dia en una frondosa isla cubierta de árboles

204 1073 788 39 frutales, aunque tan desierta que no se hallaba ni aun indicio de haber allí

204 1106 788 36 jamás pisado planta humana. Fuimos internándonos por sus deliciosas

206 1133 787 34 praderas, y mientras algunos se divertian cojiendo flores, ó se refresca-

207 1162 789 37 ban con las cristalinas aguas de sus abundantes fuentes, yo me senté á

206 1191 790 36 comer á orilla de un puro arroyo que bañaba los pies de frondosísimos

207 1223 789 36 árboles. Despues de mi comida, el sueño embargó mis sentidos. No sé

209 1253 789 35 cuánto tiempo dormi; pero al despertar yo no ví el buque que allí me

211 1279 789 34 habia llevado. Sobresaltado me levanté, miré á todas partes, y no encon-

211 1309 791 36 tré á los mercaderes que me habian acompañado. Muy en lontananza

211 1339 790 40 distingui el buque á toda vela, que no tardó muche en perdérseme de

214 1366 422 49 vista, desapareciendo en el horizonte.
