1099 1550
105 124 780 62 PRIMER VIAJE DE SIMBAD EL MARINO.

570 409 325 50 Habiendo heredado un sin nú-

596 452 300 36 mero de bicnes, como jóven

596 483 300 33 sin esperiencia y dueño de

598 510 299 40 mi voluntad, principié des-

598 541 300 35 de luego á gastar en capri-

600 570 299 40 chos y deleites. Viendo que

600 600 300 38 mis riquezas disminuian

596 631 304 32 considerablemente, refle-

597 658 305 36 xioné á buen tiempo que á

602 689 302 35 mas correr iba caminando á

118 717 786 42 la pobreza y que pronto llegaria á la vejez, encontrándome sin dinero.

121 748 783 41 Tomé, pues, una resolucion: consulté con algunos mercaderes juiciosos

120 779 786 34 que traficaban por el mar, y aconsejado por ellos, pasé á Balsora, donde

121 807 785 35 me embarqué, dando á la vela para las indias orientales, con ánimo de

122 837 439 40 alli emplear el dinero que me quedaba.

164 865 742 37 Un dia de nuestra navegacion, nos cojió una calma tocando á un is-

124 894 782 38 lote á flor de agua. El capitan permitió que se saliesen á tierra los que lo

124 925 783 36 deseasen, y yo fuí uno de estos. Principiamos á divertirnos, encendimos

125 956 782 33 lumbre para comer, y repentinamente la isla se conmovió, causándonos

128 985 779 35 un terrible estremecimiento. Los que habian quedado en el buque vieron

127 1013 782 36 el sacudimiento, y nos gritaron que inmediatamente volviésemos á em-

129 1044 781 34 barcarnos, porque lo que habiamos creido ser una isla, era el lomo de

130 1072 780 37 una enorme ballena. Con la mayor celeridad, unos se metieron en la lan-

131 1101 778 40 cha, muchos se echaron á nado, y yo me hallaba todavia sobre la ba-

132 1132 777 37 llena, cuando levantando esta su disforme cola se sumerjió en el mar,

132 1160 779 37 dándome solo el tiempo preciso para abrazarme á un madero que habia-

132 1190 780 39 mos llevado del buque para encender fuego. El capitan, al momento que

133 1219 777 37 recibió á bordo á los que se habian salvado, sin advertir que yo faltaba,

134 1248 778 39 se hizo á la vela y aprovechó un viento favorable que principió á soplar.

179 1277 734 39 Quedando yo á merced de las olas, hube de disputar mi vida todo el

136 1312 778 30 dia y la noche siguiente, hasta que ya no tenia fuerzas ni esperanzas de

136 1336 778 38 salvacion. Arrojado afortunadamente á una isla, estuve allí sobre la tier-

137 1364 775 48 ra sin sentido, hasta que á la mañana el calor del sol principió á reani-
