1753 2480
281.0 152.0 508.0 65.0 TENDRIA DE AMORES DESMAYO

241.0 194.0 505.0 69.0 SI TE TUVIERA EN EL PRADO,

243.0 248.0 483.0 59.0 YA QUE NO PUEDO TENERTE

239.0 294.0 375.0 62.0 MORIRÉ DESESPERADO.

272.0 389.0 499.0 69.0 Si pudiera al mes de mayo

235.0 439.0 485.0 65.0 estár contigo en la umbría

234.0 490.0 533.0 68.0 que del Sol confunde el rayo,

238.0 535.0 426.0 62.0 yo en tu lado vida mia

231.0 582.0 473.0 71.0 tendria de amor desmayo.

267.0 697.0 478.0 51.0 Cuan feliz fuera á tu lado

231.0 730.0 437.0 63.0 en la sombra campesina;

231.0 781.0 524.0 71.0 todo está en verdor sembrado

235.0 829.0 451.0 66.0 ¡ O ! que dicha vida mia,

227.0 879.0 470.0 66.0 si te tuviera en el Prado.

264.0 960.0 420.0 74.0 Me deje la triste suerte

226.0 1026.0 465.0 62.0 si olvidas mi pensamiento,

227.0 1069.0 475.0 66.0 venga pues la fria muerte

228.0 1121.0 437.0 59.0 y cesará ya el tormento

227.0 1169.0 460.0 69.0 ya que no puedo tenerte.

259.0 1270.0 486.0 62.0 Si no puedo ser tu amado

220.0 1311.0 601.0 76.0 de este amor que es tan profundo,

217.0 1361.0 374.0 65.0 quedaré desconsolado

220.0 1410.0 496.0 71.0 te digo; que en este mundo

217.0 1461.0 349.0 64.0 moriré desesperado.

254.0 1559.0 457.0 64.0 A DIOS DUEÑO IDOLATRADO

216.0 1600.0 455.0 71.0 QUE ME VOY Á DESCANSAR,

220.0 1650.0 373.0 61.0 Y POR ÚLTIMO SUSPIRO

213.0 1698.0 507.0 77.0 OTRO Á DOS TE VOY Á DAR.

252.0 1789.0 410.0 72.0 Me despido desmayado

212.0 1842.0 464.0 67.0 al dejar mi dulce encanto,

210.0 1894.0 375.0 62.0 me veo desconsolado;

216.0 1945.0 427.0 61.0 y digo en amargo llanto

210.0 1988.0 441.0 75.0 á Dios dueño idolatrado.

246.0 2085.0 437.0 68.0 Mucho padezco al dejar

208.0 2139.0 507.0 65.0 tu beldad que tanto imploro,

210.0 2176.0 463.0 76.0 y sin ella he de marchar;

884.0 190.0 483.0 34.0 á Dios luz que tanto adoro

884.0 208.0 451.0 64.0 que me voy á descansar.

920.0 318.0 379.0 54.0 Al despedirme deliro

886.0 355.0 534.0 66.0 y arde en mi pecho un volcán

884.0 407.0 466.0 62.0 que la muerte cerca miro;

887.0 453.0 438.0 67.0 ya mis consuelos se van

888.0 508.0 373.0 63.0 y por último suspiro.

916.0 597.0 491.0 65.0 A Dios que voy á marchar

880.0 651.0 485.0 68.0 y en marchar dejo la vida,

880.0 701.0 356.0 60.0 no cesaré de penar;

876.0 748.0 385.0 64.0 por última despedida

877.0 793.0 462.0 77.0 otro á Dios te voy á dar.

915.0 895.0 431.0 65.0 ARBOLES, PEÑAS, LLORAD,

875.0 942.0 402.0 55.0 ACOMPAÑAD Á MI PENA,

875.0 992.0 412.0 66.0 QUE MI TRISTE SOLEDAD

875.0 1042.0 522.0 64.0 SOLA EN EL MUNDO ME QUEDA.

913.0 1131.0 451.0 74.0 Yo me pongo á imaginar

870.0 1178.0 366.0 60.0 la infeliz suerte mía,

872.0 1234.0 369.0 58.0 viendo mi infelicidad

868.0 1284.0 409.0 63.0 es forzoso que yo diga:

865.0 1330.0 411.0 72.0 Arboles, peñas, llorad.

904.0 1420.0 503.0 83.0 Donde está mi gloria amena

864.0 1478.0 464.0 67.0 á aquel bien tan singular,

859.0 1523.0 403.0 68.0 oidme Cielos y tierras

869.0 1574.0 371.0 62.0 y ayudadme á llorar

869.0 1621.0 437.0 68.0 y acompañar á mi pena.

895.0 1711.0 531.0 85.0 Del mundo me he de apartar

862.0 1769.0 440.0 66.0 ya que no merezco amor,

861.0 1818.0 544.0 75.0 aun que me venga á estrechar

859.0 1872.0 454.0 62.0 de un gran saber ó dolor

855.0 1915.0 361.0 63.0 de mi triste soledad.

890.0 2006.0 464.0 73.0 Bien sabes querida prenda

854.0 2061.0 493.0 67.0 que me he de quedar sin ti,

854.0 2108.0 452.0 66.0 al punto la muerte venga

851.0 2154.0 437.0 64.0 que la confesion para mi

850.0 2197.0 495.0 83.0 sola en el mundo me queda.
