877 1240
785.0 18.0 23.0 66.0 91

173.0 615.0 598.0 105.0 71. LA DESESPERACION.

269.0 791.0 25.0 36.0 I.

132.0 812.0 288.0 47.0 Desde el dia feliz que mis ojos

114.0 846.0 338.0 42.0 Tu beldad por mi mal contemplaron,

110.0 878.0 301.0 38.0 Mi sosiego y mi dicha acabaron

113.0 906.0 268.0 34.0 Y anegado en el llanto me ví.

114.0 930.0 274.0 39.0 Dia y noche tu imájen divina

111.0 955.0 303.0 44.0 Estasiado en delicias contemplo,

115.0 982.0 343.0 42.0 Que erijido en mi pecho hay un templo,

117.0 1011.0 283.0 49.0 Y tu eres el Dios que hay allí.

275.0 1042.0 26.0 36.0 II.

141.0 1065.0 313.0 42.0 Ya dos veces mis trémulos labios

122.0 1094.0 273.0 41.0 Tus rosadas mejillas besaron

122.0 1124.0 300.0 39.0 Y en delirios de amor aspiraron

118.0 1154.0 307.0 56.0 De la dicha suprema el ambár.

498.0 777.0 298.0 43.0 Maldicion! á esos besos de fuego

497.0 808.0 299.0 38.0 Que abrasaron voraces el alma.

500.0 834.0 295.0 46.0 Y ay! perdida la plácida calma.

500.0 863.0 269.0 49.0 No quisiste su ardor mitigar

653.0 890.0 38.0 36.0 III.

523.0 911.0 312.0 46.0 Yo me muero de amor, ánjel mio,

503.0 948.0 295.0 39.0 En tu excelsa belleza arrobado!

501.0 973.0 327.0 41.0 Compasion! compasion! ó á tu lado

507.0 1000.0 262.0 44.0 Me verás de dolor sucumbir.

505.0 1025.0 297.0 46.0 Que perdida la dulce esperanza

509.0 1062.0 283.0 34.0 Y ulcerado sin fé el pecho mio

509.0 1086.0 293.0 40.0 En la paz del sepulcro sombrío

509.0 1104.0 316.0 61.0 Solo ballára una tregua al sufrir.

758.0 1138.0 90.0 52.0 —J. P.—
