1753 2480
285.0 115.0 407.0 58.0 y al fin de Bailen un dia

285.0 161.0 401.0 56.0 lució la brillante aurora

285.0 206.0 324.0 60.0 y al águila rechazó

287.0 256.0 333.0 78.0 el leon en Zaragoza.

556 357 49 62 II

318 413 436 93 Allá en la ciudad sagrada,

281.0 471.0 423.0 68.0 de la imágen guardadora

283.0 529.0 409.0 53.0 que todo Aragon venera

281.0 574.0 415.0 48.0 con fé santa y fervorosa,

279.0 617.0 415.0 52.0 la impía hueste francesa

281.0 657.0 440.0 53.0 quiso entrar y ser señora,

277.0 706.0 510.0 58.0 sin pensar que aquella imágen

279.0 752.0 394.0 56.0 era faro y era antorcha

279.0 795.0 368.0 52.0 de la aragonesa gente

279.0 841.0 502.0 53.0 que lo que es el miedo ignora.

283.0 878.0 444.0 68.0 Y tras horribles destrozos,

279.0 934.0 427.0 51.0 rüinas que se amontonan

279.0 975.0 572.0 70.0 y hechos mil que al mundo entero

279.0 1027.0 496.0 51.0 de uno al otro polo asombran,

279.0 1060.0 407.0 64.0 Palafox, Lazan y Marco,

274.0 1109.0 420.0 58.0 Simonó, Calvo de Rozas,

277.0 1157.0 415.0 58.0 y el cura de Sós valiente

274.0 1200.0 354.0 52.0 y Agustina Zaragoza

277.0 1240.0 450.0 57.0 y todos hombres, mujeres,

277.0 1279.0 520.0 66.0 niños y ancianos, que afrontan

272.0 1328.0 389.0 67.0 el peligro y que pelean

274.0 1378.0 519.0 60.0 cuerpo á cuerpo, á quemaropa,

272.0 1426.0 455.0 53.0 al fin de las calles mismas,

274.0 1473.0 412.0 48.0 al audaz francés arrojan,

274.0 1504.0 449.0 58.0 humillando aquella enseña

268.0 1554.0 486.0 55.0 que hacia temblar á Europa.

274.0 1601.0 519.0 56.0 Y en medio de tanto escombro

270.0 1647.0 445.0 58.0 y tanto mal que acongoja,

270.0 1692.0 432.0 58.0 los que á la paz invitados

270.0 1731.0 418.0 56.0 por el sitiador, en cortas

268.0 1777.0 488.0 58.0 palabras «Guerra y cuchillo»

270.0 1822.0 412.0 58.0 contestaran, sin demora

268.0 1870.0 385.0 52.0 al júbilo se entregaron

270.0 1911.0 383.0 56.0 celebrando su victoria;

272.0 1959.0 439.0 60.0 que es el patriotismo todo

270.0 2000.0 403.0 56.0 para las almas heróicas.

272.0 2048.0 354.0 53.0 Aquella noble alegría

268.0 2095.0 428.0 50.0 eco en las naciones todas

268.0 2134.0 451.0 64.0 encontró; mas solo España

270.0 2182.0 381.0 52.0 no ocultó su risa loca,

270.0 2225.0 486.0 58.0 porque España ante el coloso

270.0 2273.0 389.0 60.0 la fiera cerviz no dobla.

272.0 2314.0 447.0 77.0 Y el coloso que, afrentado,

1027.0 132.0 417.0 56.0 la tempestad bramadora

1027.0 177.0 475.0 56.0 del furor siente en su pecho

1027.0 223.0 463.0 53.0 y en mares de ira se ahoga,

1031.0 266.0 478.0 60.0 —«¡Sus! á sus legiones grita;

1031.0 303.0 517.0 91.0 ¡Sus! que mi prestigio arrollan.

1029.0 353.0 370.0 56.0 ¡A Zaragoza los mios!

1027.0 398.0 382.0 54.0 ¡A rendir á Zaragoza!»

1029.0 442.0 399.0 64.0 Y legiones tras legiones

1025.0 493.0 432.0 52.0 sobre ella corren furiosas.

1025.0 531.0 378.0 62.0 Pero Palafox le espera

1021.0 576.0 419.0 60.0 como al oleaje las rocas,

1025.0 632.0 378.0 52.0 y las defensas prepara

1027.0 673.0 442.0 60.0 y á rudas lides se apronta,

1025.0 710.0 504.0 77.0 que, aunque de recursos falto,

1025.0 762.0 446.0 54.0 esfuerzo y valor le sobran.

1023.0 797.0 359.0 68.0 La artillería enemiga

1025.0 849.0 444.0 62.0 rompe el fuego atronadora

1023.0 894.0 395.0 50.0 é innúmeros batallones

1021.0 936.0 479.0 56.0 cargan con ira impetuosa.....

1023.0 987.0 397.0 52.0 Casablanca, Buenavista

1023.0 1035.0 417.0 50.0 y el Torrero largas horas

1021.0 1074.0 388.0 50.0 resístense; mas al cabo

1019.0 1118.0 376.0 53.0 abandonarlos importa.

1021.0 1157.0 446.0 62.0 Gazan al Tejar y el Rastro

1021.0 1202.0 502.0 58.0 embiste..... ¡mas no los toma!

1027.0 1248.0 451.0 58.0 Velasco está allí. Sus balas

1021.0 1293.0 415.0 60.0 barren la enemiga tropa,

1021.0 1347.0 395.0 52.0 y en inmensa sepultura

1021.0 1384.0 376.0 58.0 aquel arrabal se torna.

1023.0 1426.0 407.0 66.0 Moncey al notarlo invita

1019.0 1473.0 392.0 56.0 con la paz, y se sonroja

1019.0 1521.0 423.0 49.0 el bravo español caudillo

1019.0 1568.0 413.0 50.0 y le dá respuesta pronta.

1025.0 1603.0 479.0 79.0 —«Sabed, le dice, que nunca

1019.0 1651.0 357.0 58.0 fué rendida Zaragoza

1023.0 1700.0 473.0 58.0 y que el que ser libre quiere

1019.0 1744.0 405.0 54.0 su libertad al fin logra.»

1021.0 1783.0 471.0 64.0 Y desde entonces la muerte,

1017.0 1837.0 374.0 47.0 como la hoz segadora,

1015.0 1878.0 446.0 60.0 vida, amores y esperanzas

1015.0 1922.0 444.0 55.0 destruye, aniquila y corta.

1017.0 1963.0 368.0 60.0 Una cintura de hierro

1017.0 2019.0 355.0 51.0 á la ciudad aprisiona

1012.0 2050.0 408.0 62.0 á pesar de los esfuerzos

1012.0 2103.0 480.0 62.0 con que el sitiado lo estorba,

1021.0 2147.0 457.0 56.0 y cien cañones á un tiempo

1010.0 2190.0 465.0 60.0 contra el recinto maniobran

1012.0 2238.0 453.0 56.0 con estruendo inconcebible

1012.0 2285.0 426.0 58.0 y en confusion horrorosa.

1012.0 2320.0 418.0 83.0 Los flacos muros al rudo
