1842 2600
910 240 134 104 —5—

330 346 513 32 al y dnte m nos de clett

335 374 520 50 y abans hagués convingut

330 408 558 58 en que ens casessim á proba,

329 450 581 64 aquest cas en que un se trobo

329 501 446 50 no se hauria presentat

329 540 480 56 puig no m' hauria casat.

197 579 565 58 Bectó. Si no fossis un dolent,

327 624 479 66 un dropo y un desatént;

327 673 495 60 abans que aixó no dirías.

325 715 478 66 la llengua 't rosegarias:

330 769 480 57 ¡qui may ha sentit parlá

326 807 399 52 de divorsi tan abiat,

326 850 532 65 quinse dias que 'ts casau!...

326 897 413 52 tú ets un mal cristiá.

326 941 428 55 Home la fariam bona,

325 986 517 62 quans y quans se casarian

323 1031 530 63 que als vuit dias deixarian

322 1073 540 62 farts de ser casats, la dona.

189 1115 568 62 Sala. ¿Quina vida vol milló?

320 1165 487 62 ¿qué no sab senyó Rectó

322 1207 570 64 que diuen que el pa de boda

320 1252 491 65 li dura al que s' acomoda

322 1294 549 65 vuit dias poch mes ó menos,

322 1349 576 52 y que torna als pans morenos

320 1386 601 67 quant han passat los vuit dias?

186 1424 660 76 Nectó. Donchs Saldoni tú voldrias

316 1487 419 45 ser nuvi tota la vida

316 1525 456 58 ¿y la pobre Margarida?

184 1557 652 78 Sald. Ella ray que 's fassi trons;

316 1607 454 62 miri jo tich mil rahons

317 1655 414 59 per volerme separar;

317 1701 406 61 la primera, treballar

316 1739 529 69 no m' agrada ni 'm sab bó,

314 1791 409 55 aquesta es una rahó:

313 1827 537 71 la altre rahó que me abona,

314 1874 610 68 que es la que impugna la dona

313 1925 438 53 per que no la sap capí

313 1973 527 49 es que no ha d' eixir de mí

310 2016 397 53 la seva manutenció.

310 2054 471 62 ¿No li apar senyó Rectó

313 2103 478 59 que es lo major disbarat

309 2146 531 52 creurer que un home casat

309 2191 498 49 deu mantení á sa muller?

176 2227 725 81 Rectó. Jo crech que 's lo que deu ser,

306 2280 536 65 crech que 's lo mes regular

307 2324 490 62 que lo beurer y lomenjar

304 2366 510 67 ho pagui sempre el marit.

169 2403 570 78 Sald. Jo no he trobat escrit;

1138 358 582 29 D  c

1138 368 438 53 ¡qué las criarían tovas

1135 411 522 58 las donas si els seus marite

1135 452 412 68 treballant días y nits

1132 507 488 56 las haguessen de apanar,

1135 546 438 60 y ellas sense treballar,

1132 589 429 61 quan obririan la boca

1131 634 465 65 ja 'ls y fiquesin la coca!

1132 681 426 54 tira paxet, lo Saldoni

1132 725 468 53 no será may tan boloni.

996 759 642 70 Bectó. ¿Tú has vingut á disputar

1131 814 472 55 ó be has vingut á pagar

1131 860 476 54 lo que ja t' he reclamat?

995 899 644 68 Sald. Prou clar que li he parlat;

1128 956 414 49 pero ara senyó Rectó

1129 1001 402 46 tinch una proposició

1128 1038 459 64 que perque la puga fer,

1126 1084 464 60 la Margarida y deu ser;

1125 1126 396 61 si li apar la buscaré

1126 1168 471 62 y ab ella despres vindré

1131 1222 462 53 y qnan vosté 'm sentirá

1125 1261 432 62 tal volta ho aprobará.

992 1301 640 65 Rectó. Saldoni, baix ma paraula,

1122 1347 628 68 te dich que crech qu'ets un maula

1125 1408 493 46 y un gran orga de rahóns

1122 1441 494 52 que no tens si no cansons

1122 1484 446 54 per fugir de la cuestió,

1122 1531 428 53 pero mira, si el Rectó

1121 1571 439 61 no logra fassis bondat,

1121 1617 394 54 altra volta desterrat

1119 1662 384 54 anirás ab la cadena

1118 1701 605 67 sempre ab la bara á la esquena

988 1749 591 60 Sald. Vusté veurá las rahons

1122 1798 562 59 y 'ls arguments forts y bons,

1122 1846 480 52 y si vosté m' ho consent,

1116 1886 523 56 tornaré dintre un moment.

985 1924 529 66 Bectó. Saldoni ja pots anar

1118 1973 448 53 la Margarida á buscar;

1106 2017 465 60 pero has de tenir entés

1116 2064 512 60 que no m' engañas de rés,

1116 2106 610 62 vesten donchs que jo entre tant

1113 2150 390 64 vos esperaré resant.

979 2189 758 71 (Lo Bectó se queda resant y després en¬

1047 2247 633 48 tran lo Saldoni y la Margarida.

978 2285 729 57 Bectó. Hola ¡que prompte has tornat!

978 2335 615 52 Cald. Es que depressa só anat.

978 2373 549 63 Bectó. ¿Es vritat Margarida,

1115 2433 455 63 que estigas arrepentida
