1928 2638
211 936 1360 127 PRIMERA PARTE, DE LOS ROMANCES

325 1024 1125 149 DE DON CLAUDIO Y DOÑA MARGARITA.

175 1151 548 91 Oy señores, oy se alienta

167 1204 483 86 mi discurso por un rato,

167 1253 406 83 á referir las mayores

171 1299 519 88 penas, congojas, trabajos

164 1356 484 81 de una principal señora,

160 1400 561 90 la cual en un reyno estraño

162 1453 510 83 vino á vivir de tal suerte,

167 1501 523 88 que de su venida y estado

158 1547 486 88 de padecer fué la causa,

156 1600 459 88 como lo iré declarando.

156 1646 538 86 Estaba, pues, en la corte,

151 1708 495 81 siendo grande de palacio,

149 1749 587 91 de Francia un gran cavallero,

149 1800 616 92 cuyo nombre era don Claudio:

145 1853 483 77 rendido de la hermosura

142 1901 579 92 de esta señora, ha intentado,

147 1952 560 92 por lograr su estrecho amor,

142 2011 526 73 entrar en su mismo cuarto

149 2059 532 84 por las tapias de un jardin,

136 2108 512 83 hizo avance, y reparando

140 2156 466 88 era el alfombrado suelo

136 2202 563 143 de aqueste hechizo descanso;

896 1169 519 92 con las flechas de Cupido,

899 1231 501 83 aunque no sin sobresalto,

899 1279 457 79 con fino amor atropella

899 1325 453 84 los terminos del recato.

894 1373 574 97 Entró en su cuarto y apenas

892 1426 514 88 vido el Sol tan á su salvo

890 1481 453 82 con alhagos la acaricia,

888 1525 540 86 con finezas la ha templado.

883 1576 464 77 Dijo entonces la señora

888 1628 477 80 el semblante demudado:

885 1677 543 90 Que es aquesto, caballero?

881 1725 624 104 mucho, aquesta accion estraño,

877 1785 455 74 si buscais retraimiento,

879 1837 479 75 el motivo es mi cuidado,

877 1881 512 86 siendo la ocasion disculpa,

870 1927 580 91 todo está á vuestro mandado.

868 1976 532 92 Dijo el caballero entonces:

870 2037 462 84 señora vengo buscando

870 2090 433 79 todo mi total remedio,

866 2132 635 97 cuando en fino amor me abraso:

868 2180 484 86 Y no os admire, que yo

863 2226 576 128 haga aqueste exceso, cuando

1439 2273 49 107 vi-
