1908 2612
363 141 534 81 Y volviendo sobre acuerdo,

368 208 483 59 pretenden con vigilancia

355 248 572 78 buscar aquel monstruo, que

355 298 588 76 tanto horror y espanto causa.

352 346 497 71 Les previene Margarita:

357 409 570 69 que si acaso lo encontraban,

350 450 512 81 no le hagan mal ninguno,

357 507 549 71 que le da impulsos el alma,

357 555 559 78 que aquel ha de ser su hijo,

361 605 564 78 y que asi el Cielo lo guarda.

350 648 560 83 Y descubriendo en el monte

350 707 477 65 no dejan cerro, cañada,

361 768 499 54 que no la miden á pasos,

350 796 612 87 hasta que de entre unas ramas

350 853 514 78 don Claudio lo descubrió,

357 912 594 69 y vió que es persona humana,

350 962 558 74 el mismo se fué á su padre,

361 1009 497 77 que la sangre lo llamaba.

352 1057 556 83 Viendo tan grande prodigio,

352 1107 414 72 lo acaricia y agasaja,

350 1144 549 90 ni entiende lo que le dicen,

355 1205 514 77 ni acierta hablar palabra;

352 1255 495 64 iba siguiendo á su padre,

355 1308 533 65 hasta entrar en la cabaña:

352 1358 547 89 se fué derecho á su madre,

1095 148 505 78 y de ella no se estrañaba.

1084 195 551 90 La osa, que lo echó menos,

1084 254 510 74 como una ovejuela mansa,

1082 306 566 77 hasta entrar dentro en Paris

1082 354 512 74 fué siguiendo sus pisadas.

1080 400 446 78 Hizo el caso tal ruido,

1086 463 512 65 que conmovida la Francia

1084 509 564 76 van á ver tan gran prodigio,

1095 559 455 65 y es un jubileo la casa.

1080 596 429 87 Enseñaronle á hablar,

1082 657 462 74 y la Doctrina Cristiana,

1086 716 475 63 y despues le bautizaron,

1093 766 529 63 y desde entonces le llaman

1086 803 532 80 Ventura Osón; y su padre

1080 855 492 72 instantaneamente manda,

1084 909 519 70 que á la Virgen de la Paz,

1082 962 492 71 en hacimiento de gracias

1080 1012 396 65 de este suceso feliz,

1080 1066 442 63 una lampara le hagan,

1091 1118 483 70 que pese cuarenta libras

1080 1166 427 57 de plata sobredorada,

1091 1199 503 76 y á los criados mil pesos:

1084 1249 538 83 Y aqui la historia se acaba,

1084 1308 473 72 pidiendo ahora el poéta,

1082 1349 531 100 perdon de todas sus faltas.

993 1456 139 89 FIN.

453 1582 1211 117 Barcelona : En la Imprenta de los Herederos de la Viuda Pla,

871 1652 355 128 calle de Cotoners.
