1915 2618
329 139 400 72 sacareisle el corazon

331 196 494 67 con un dedo de la mano,

327 246 609 76 me lo trahereis, porque quede

327 294 504 70 satisfecho de este agravio.

334 338 497 74 Vos mayordomo, no ireis

327 386 494 78 á ejecutar lo que mando,

334 445 672 80 porque aunque os preciais de fino,

323 501 460 66 estais muy apasionado:

334 549 456 64 (parece que el corazon

323 591 493 78 la traicion está dictando.)

316 639 472 80 Dos criados la cogieron,

320 698 461 72 y retirandola al campo,

316 752 518 59 entre peñas y entre riscos

314 791 603 77 con gran dolor la han entrado.

318 842 559 80 Van los dos muy satisfechos,

310 892 528 81 de que es testimonio falso,

310 951 471 65 ya la inocencia del ama

316 999 474 74 procuran dejar en salvo.

305 1051 498 70 Dijo el uno: yo, señora,

305 1097 629 78 y el que me está acompañando,

301 1151 417 70 somos leales y finos,

299 1204 587 72 no homicidas, ni inhumanos;

305 1254 481 65 quedaos aqui y el Cielo,

305 1304 513 66 que todo lo está mirando,

303 1352 520 72 volverá por vuestra causa,

303 1400 454 74 y se despiden llorando.

294 1448 422 79 Dijo la señora, hijos,

294 1500 404 72 ejecutad el mandato

294 1555 610 68 de mi esposo, que no es justo,

301 1610 629 65 que os suceda algun quebranto.

290 1655 489 70 Se fueron á un hospital,

292 1706 557 72 donde una difunta hallando,

292 1754 393 76 le sacan el corazon,

296 1806 514 72 para cumplir con su amo,

286 1850 526 78 llevando tambien un dedo,

283 1911 474 56 salieron de su cuydado.

288 1959 447 59 Quedó la triste señora

286 2007 504 72 sola afligida en el campo,

292 2059 489 76 preñada de nueve meses,

296 2111 474 70 y con dolores del parto.

283 2153 498 83 Entre confusas angustias,

286 2218 428 92 y rigor tan inhumano

1054 148 507 85 parió dos infantes tiernos,

1050 207 592 74 que al Sol quitaban los rayos.

1045 250 444 77 Pasó por alli una osa,

1050 307 530 66 y el un niño se ha llevado

1048 359 506 70 á su cueva, pero el otro

1045 399 583 78 lo tomó su madre en brazos:

1043 458 524 76 Toda mortal y sin fuerzas

1041 510 524 68 iba buscando en el campo

1039 558 482 79 donde cristianar al niño,

1041 610 550 66 no muere sin ser Cristiano:

1045 654 455 79 Vido bajar á un pastor

1039 706 552 81 desde una altura á lo llano,

1041 761 590 74 que al refresco de una fuente

1035 809 497 68 viene el tal encaminado;

1041 859 603 72 que el Cielo en tales conflictos

1037 907 482 68 á nadie ha desamparado.

1035 955 565 72 Llegó el pastor; pero viendo

1030 1016 435 61 suceso tan impensado

1032 1062 479 65 como la dama le cuenta

1039 1112 500 70 quedó admirado del caso.

1037 1156 482 72 Y en la cristalina fuente

1030 1208 612 79 tomando el niño en los brazos,

1032 1261 487 74 y de la fuente el cristal,

1030 1317 574 68 con una concha en su mano,

1032 1363 537 63 dijo: en el nombre de Dios

1028 1407 576 80 Padre, Hijo y Espiritu santo,

1028 1457 421 76 te bautizo, Valentin,

1028 1511 664 81 que es el nombre que le ha dado.

1024 1555 469 79 Llevó á la triste señora

1019 1618 481 70 á su cabaña y llegando,

1019 1664 561 79 se la entregaba á su esposa,

1030 1716 533 66 paraque con gran cuydado

1019 1764 509 68 la asiste, cuyde y regale,

1024 1812 585 75 que está muy debil del parto.

1017 1860 424 75 Recogieron la señora,

1017 1911 470 76 y á su hijo acariciando,

1017 1970 537 69 dió en sus pechos alimento,

1013 2020 574 70 dandole el pastor su amparo.

1013 2059 467 79 En el segundo romance

1015 2116 485 70 se prosigue este fracaso,

1015 2166 506 74 donde alli verá el curioso

1017 2216 426 107 el suceso tan estraño,

1569 2282 77 85 que
