1918 2611
198 156 398 74 reprima su fantasía,

204 219 507 68 y agradezca que no hago,

204 274 479 63 por solo escusar la nota,

198 313 503 67 con él un exceso estraño.

198 369 555 63 Quedó Alberto muy corrido,

198 419 476 61 suspenso y avergonzado

193 467 527 63 discurriendo en la ocasion

200 515 435 72 vengarse como tirano.

200 567 575 72 Cumplió el amo su campaña,

198 624 594 63 y en su esposa contemplando,

195 667 394 66 anhelaba por llegar

193 722 508 65 á su casa y á sus brazos.

202 765 527 81 Trazó una grande traicion,

195 820 473 61 con un testimonio falso,

195 865 608 70 que el gusto volvió en veneno,

200 924 520 66 y en rigor trocó el alhago.

193 963 416 70 Bajó la noble señora,

198 1024 511 70 por recibir, en los brazos

193 1077 534 58 su dueño y querido esposo

191 1118 496 65 la casa se ha alborotado.

191 1168 486 74 Bajaba tambien un page,

198 1218 533 74 que desde niño han criado,

195 1281 410 65 y delante de su ama

195 1331 545 61 con una hacha alumbrando.

191 1368 475 72 Bajaba Alberto tambien,

198 1418 470 76 y del demonio incitado;

198 1477 442 70 quiso lograr la ocasion

200 1518 638 79 que el tiempo le está brindando.

193 1575 462 61 Se juntaron en la mesa

191 1631 488 53 de la escalera y sacando

193 1671 549 60 un puñal, le dió la muerte

193 1727 531 61 al page que va nombrado;

198 1775 487 63 quedó la señora inmobil,

195 1825 532 76 viendo tan notable estrago,

191 1877 523 72 al tiempo que el caballero

191 1932 470 63 subia ya á su descanso.

193 1975 642 72 Que es esto, dice, que es esto?

200 2030 487 63 y el traydor, disimulado,

189 2069 520 78 ha dicho: aqueste traydor

193 2132 462 56 en este sitio ha violado

193 2173 527 78 tu honor y yo soy testigo,

195 2228 516 91 y asi he querido vengarlo.

923 156 518 74 La noble señora entonces,

923 219 513 61 aumentando el sobresalto,

920 269 333 68 amortecida cayó

923 322 531 56 á los pies de este malvado.

920 361 427 74 Entonces el caballero,

925 424 413 54 afligido y angustiado

923 467 518 72 lloraba su infausta suerte,

927 528 529 59 todo el hecho confirmando.

927 578 466 61 Ay mi Margarita, dice,

920 615 549 76 como lo que estoy mirando

923 667 529 66 con tanta evidencia, juzgo

925 728 601 57 que no es capaz de tu estado.

918 772 638 72 Si en ti no hay culpa, desdicen

916 826 466 68 los afectos inhumanos;

925 870 446 74 pero no tiene remedio,

920 929 501 58 el Cielo te dé su amparo.

920 970 403 67 Dejóla y al retirarse,

923 1031 476 56 el corazon quebrantado,

920 1072 551 70 le ofrece el amor disculpas,

927 1122 590 66 que no admite el ser honrado.

925 1172 633 70 Vuelta su esposa en su acuerdo,

920 1227 468 61 su pena va duplicando,

923 1268 661 76 viendo que en su esposo obravan

923 1320 444 68 los efectos del agravio.

923 1370 535 66 No halla disculpa, ni halla

923 1425 535 63 con que aclarar del villano

916 1473 579 60 la traicion, ni halla tampoco

923 1527 535 65 por donde salir del cargo:

923 1586 442 52 satisfacer con razones,

920 1631 534 63 diciendo lo que ha pasado,

916 1681 597 64 no lo prueba, que es indicio,

918 1725 542 70 de que él lo ha fomentado,

925 1779 479 72 y por disculpar su error

920 1827 486 70 quiere culpar al criado:

923 1873 550 74 y asi, no hallando remedio,

920 1938 484 55 todo lo remite en llanto.

912 1980 561 60 Dijo su esposo: á esta fiera

914 2023 570 70 la habeis de sacar al campo,

923 2080 470 63 y de las mas altas peña

920 2130 442 69 cual precipitado rayo,

918 2184 544 67 la arrojad y luego al punto

918 2236 503 89 abriendo el pecho tirano,
