1930 2608
362 163 539 69 vivo solo en vuestras luces,

352 223 549 59 me mantenga con los rayos.

352 265 445 65 Bien sabeis mi calidad,

362 323 503 66 y que en el estrecho lazo

354 365 511 71 del matrimonio se igualan

352 415 534 65 las calidades de entrambos.

349 462 555 72 Si os hizo Dios tan hermosa,

352 528 556 58 no estrañes que mi cuydado

349 575 529 70 se anticipe de esta suerte;

352 619 506 72 no puedo mas remediarlo.

352 667 404 76 Dijole asi la señora:

354 723 454 61 Debajo de ese contrato

352 769 639 74 (ya que habeis hecho el arrojo)

352 834 523 57 á vuestro gusto me allano.

352 871 526 74 Estos fueron los principios

362 925 418 72 paraque estrecho lazo

349 973 461 63 lograran de matrimonio

352 1032 426 61 el efecto consumado;

347 1075 485 59 siendo de los dos testigo

347 1123 400 70 un soberano retrato

349 1162 459 76 de la Virgen de la paz

347 1217 557 71 Madre del Verbo encarnado.

345 1273 480 65 Se efectuáron las bodas

349 1327 433 61 con rumbo y aparato

347 1380 570 69 que en tal caso corresponde,

347 1425 572 96 segun el porte de entrambos.

349 1475 455 70 Ya fenecidas las bodas,

349 1523 559 78 por mayordomo han tomado

347 1577 509 66 un mozo de mucho porte,

343 1632 508 61 don Alberto era llamado:

345 1677 428 72 demonio devió de ser

349 1732 531 71 pues entre los dos casados,

343 1779 491 66 con su dañada intencion

345 1832 415 67 introdujo tal estrago.

343 1875 524 72 Fué preciso el ausentarse,

343 1936 513 69 su esposa y casa dejando,

352 1984 486 74 y obedeciendo á su Rey,

341 2023 639 78 fué á la campaña don Claudio:

341 2082 567 69 Dejó en casa el mayordomo,

347 2138 470 67 juntamente dos criados,

347 2179 561 83 paraque á su esposa asistan,

341 2236 554 102 y que estén á su mandado;

1078 171 482 61 tambien algunas criadas,

1078 212 567 72 y una dueña, que á su lado

1075 267 461 63 no le falta á la señora,

1078 308 567 72 que es de la virtud dechado.

1078 365 456 78 Quedó la noble señora

1075 408 598 87 con mucha pena y quebranto

1080 469 587 76 por la ausencia de su esposo,

1075 523 470 61 á quien estimaba tanto.

1075 569 459 76 Doblemos aqui la hoja,

1080 617 500 74 y vamos á que arrestado

1078 667 532 69 el traydor del mayordomo,

1075 721 524 83 con pecho falso y dañado,

1071 771 504 67 en lascivos pensamientos

1078 823 552 70 quiso emplear su cuydado;

1075 871 572 78 que quien tiene mala sangre

1075 930 505 58 obra en fin como villano.

1078 962 608 74 Intentó (gran desverguenza!)

1078 1023 641 89 manchar (accion de inhumano!)

1078 1077 419 59 el honor á la señora,

1080 1121 480 65 su respeto atropellando.

1078 1167 528 71 Rompió el silencio la voz;

1080 1223 530 72 un dia que salió al campo,

1082 1275 500 70 por divertir sus pasiones,

1084 1319 511 78 y dar treguas al cuydado.

1071 1371 524 67 Con la ocasion de asistirla

1073 1421 537 91 el mayordomo, ha llegado,

1075 1475 452 72 y con cifradas razones

1075 1523 524 83 su maldad fué declarando,

1073 1582 463 67 hasta que dijo: señora,

1071 1616 591 81 en fuego de amor me abraso,

1078 1675 454 74 gocemos de la ocasion,

1071 1719 550 67 con la ausencia de mi amo.

1071 1773 522 67 Era muger muy prudente,

1082 1825 467 74 y con disimulo estraño,

1075 1877 474 70 sin ser de nadie notada,

1073 1921 539 67 esta respuesta le ha dado:

1078 1971 552 76 Vive Dios, hombre traydor,

1071 2029 485 72 si lo que dices, villano,

1071 2069 600 86 no entendiera que era chanza,

1080 2129 521 74 y que es lisonja del prado,

1078 2179 565 70 yo misma os diera la muerte

1073 2229 528 102 yo, si os hiciera pedazos:

1660 2286 43 72 re-
