1860 2629
607 1053 981 171 LA VERDULERA

932 1215 342 71 DE MADRID.

474 1397 521 67 Quien llama á la verdulera?

431 1445 520 56 Quien llama á la hortelana?

432 1494 472 65 Traigo la fruta mas sana,

428 1554 406 58 mas rica y particular.

470 1600 466 70 El tomate, la alcachofa,

425 1653 473 68 la zanahória, el pepino;

428 1708 559 63 que tierno es mi lechuguino:

425 1762 540 60 quien me lo quiere comprar?

428 1814 463 51 A tres cuartos la docena

423 1865 405 61 de matas de torongil.

607 1916 241 58 Yerba buena

422 1970 494 68 quien me toma el peregil.

460 2056 457 79 En saliendo la hortelana

417 2132 477 52 pregonando su pimiento,

416 2182 460 64 hay toíco el movimiento

413 2233 441 64 en la caye é la Ciudá.

454 2285 396 60 Apártase D. Toribio,

413 2339 435 65 y deje V. aqueste jigo:

1145 1387 504 76 tiene osté cara.... lo digo?

1144 1456 416 58 de zorra medio esoyá.

1149 1501 516 67 Tres duros por el aquel !...

1141 1558 543 79 ni aun que me diera ostè mil.

1322 1618 223 70 ¡ Al laurel!

1141 1667 502 81 Quien me toma el peregil?

1189 1743 470 88 Tengo yo un mozo cosío

1135 1824 480 49 que me riega la hortaliza

1139 1878 478 55 y al que me guiña le atiza

1133 1930 341 60 sin temor ni cariá.

1177 1971 570 69 Mas por eso no hay enmienda:

1130 2033 519 67 siempre que puedo la pego,

1132 2090 486 57 que la huerta ya no riego

1136 2139 347 60 y ya secándose vá.

1132 2190 520 62 A mis ciruelas, muchachas!

1129 2243 463 61 vaya una breva, tio Gil,

1307 2297 244 60 ¡Remolachas

1122 2347 479 70 quien me toma el peregil.

413 2415 1315 105 Barcelona: En casa Juan Llorens, calle de la Palma de Sta. Catª.
