1753 2480
132.0 99.0 405.0 66.0 esta Falda-Pantalón

128.0 159.0 494.0 55.0 se la compra á su señora

130.0 212.0 473.0 64.0 que tiene la obligación.

167.0 264.0 475.0 108.0 Por usar la moda Juana

128.0 351.0 432.0 64.0 de la Falda-Pantalón,

128.0 400.0 585.0 73.0 fué á empeñar un cubrecama

124.0 452.0 531.0 68.0 dos sábanas y un colchón;

126.0 496.0 461.0 64.0 al enterarse el marido

121.0 553.0 507.0 64.0 de tan grande aberración

124.0 595.0 516.0 66.0 maldecía una y mil veces

121.0 640.0 422.0 68.0 á la Falda-Pantalón,

124.0 706.0 498.0 60.0 cuando resuelta la Juana

121.0 750.0 521.0 62.0 le dijo no hay más que ver

121.0 801.0 482.0 62.0 tu te marchas á la cama

119.0 851.0 455.0 68.0 que yo me voy al cafe.

167.0 940.0 610.0 74.0 Mariquita la trapera al marido

128.0 989.0 591.0 67.0 le pidió si quería complacerla

117.0 1037.0 616.0 79.0 y no le dijo que no y confiando

936.0 111.0 616.0 56.0 la flabia de que la complacería

934.0 161.0 566.0 58.0 fué á contárselo á su amiga

936.0 208.0 482.0 62.0 y ¡válgame la eternidad!

936.0 254.0 475.0 60.0 y al enterarse el marido

934.0 301.0 430.0 68.0 de la Falda-Pantalón,

932.0 351.0 477.0 70.0 le rompió siete costillas

932.0 396.0 527.0 71.0 y aquí se acabó el carbón.

975.0 489.0 441.0 77.0 El otro día una señora

936.0 547.0 382.0 73.0 del tranvía se cayó

934.0 609.0 513.0 52.0 por querer ir tan estrecha

934.0 657.0 405.0 58.0 verán lo que le pasó

932.0 704.0 510.0 54.0 se le rompieron las faldas

932.0 748.0 494.0 60.0 el corsé hasta el cordón,

930.0 799.0 556.0 56.0 se le engancharon las botas

934.0 851.0 459.0 60.0 y se le perdió un tacón

932.0 896.0 479.0 58.0 el sombrero fué rodando

930.0 944.0 374.0 58.0 la peluca se perdió

930.0 994.0 341.0 66.0 y la gente se reia

932.0 1043.0 467.0 70.0 por que calva se quedó.

221.0 1161.0 1327.0 184.0 CONDE DE LUXEMBURGO

117.0 1467.0 714.0 68.0 Es la felicidad la que me llama aquí

115.0 1519.0 625.0 57.0 es el amor que en vano busqué

117.0 1570.0 422.0 54.0 tan cerca está de mí.

117.0 1612.0 577.0 64.0 Es la felicidad que hoy podré

113.0 1667.0 639.0 56.0 alcanzar solo con la mano á ella

113.0 1715.0 585.0 68.0 extender, y la dejo marchar y

115.0 1760.0 370.0 71.0 nunca mas volver.

175.0 1804.0 407.0 72.0 Una prueba de amor

173.0 1864.0 391.0 60.0 no señor, no señor.

171.0 1907.0 376.0 66.0 Es un beso no más

171.0 1963.0 440.0 58.0 donde vas, donde vas,

171.0 2002.0 358.0 60.0 dámele por favor

171.0 2056.0 476.0 68.0 que no hay cosa mejor

173.0 2114.0 552.0 58.0 ya verás, ya verás, ya verás.

171.0 2149.0 347.0 58.0 Yo me dejo besar

165.0 2196.0 432.0 98.0 sin tardar, sin tardar,

983.0 1471.0 399.0 72.0 lo que quieres haré,

986.0 1521.0 328.0 70.0 dámele, dámele,

986.0 1576.0 411.0 60.0 mas si quieres lograr

986.0 1626.0 409.0 56.0 que yo un beso te de

983.0 1669.0 447.0 67.0 casate, casate, casate.

981.0 1711.0 408.0 70.0 Por favor, por favor,

983.0 1760.0 445.0 71.0 dame un beso y verás,

983.0 1810.0 526.0 64.0 que de las dichas del amor

981.0 1872.0 590.0 56.0 es la mayor hacer chás, chás.

981.0 1917.0 430.0 56.0 Por un beso así estás

981.0 1959.0 414.0 66.0 nada más, nada más,

979.0 2021.0 362.0 51.0 contestarte no se,

979.0 2066.0 304.0 50.0 damele damele

979.0 2110.0 368.0 62.0 pues acercate más

977.0 2161.0 306.0 62.0 aprovechate ya

977.0 2198.0 443.0 106.0 robalé, robalé, robalé.
