1860 2629
285.0 1038.0 1162.0 129.0 Modernos y alegres couplets de la

125.0 1150.0 1469.0 206.0 FALDA PANTALON

640.0 1314.0 463.0 151.0 Primera parte

144.0 1454.0 496.0 64.0 Por capricho la Joaquina

103.0 1500.0 405.0 53.0 anoche á tomar café

105.0 1535.0 553.0 79.0 presumiendo más que nadie

103.0 1581.0 458.0 55.0 se fué á la Maisón Doré

105.0 1623.0 528.0 61.0 con todo el que le requiere

100.0 1660.0 389.0 59.0 á la Falda-Pantalón

103.0 1700.0 517.0 68.0 y un sombrero que parece

100.0 1743.0 454.0 62.0 un paragua sin bastón,

105.0 1781.0 557.0 61.0 y al ver que la concurrencia

98.0 1822.0 432.0 57.0 con desprecio la miró

103.0 1860.0 445.0 67.0 llena de colera y rabia

98.0 1901.0 419.0 72.0 á su casa se marchó.

129.0 1938.0 680.0 99.0 Así que la vió el marido que lloraba

94.0 2000.0 642.0 72.0 sin cesar y llevaba un tabardillo

103.0 2041.0 482.0 55.0 que apenas podía hablar

96.0 2079.0 408.0 59.0 la dijo que le pasaba

96.0 2122.0 404.0 62.0 y apenas le contestó

96.0 2164.0 426.0 64.0 deja que me desague,

100.0 2199.0 415.0 64.0 ya te lo explicará yo,

98.0 2236.0 489.0 64.0 y maldiciendo mil veces

94.0 2285.0 491.0 57.0 más que llena de irrición

98.0 2324.0 527.0 57.0 aquel que inventó la moda

94.0 2363.0 430.0 66.0 de la Falda-Pantalón.

129.0 2405.0 491.0 72.0 Las modas de hoy en dia

905.0 1474.0 411.0 66.0 muy exageradas son

910.0 1518.0 487.0 61.0 y ahora tendremos otra

908.0 1557.0 401.0 57.0 de la falda pantalón

908.0 1594.0 493.0 71.0 á hora si que los maridos

910.0 1638.0 458.0 64.0 ya no podrán gobernar,

908.0 1675.0 467.0 64.0 que las mujeres en casa

908.0 1717.0 491.0 66.0 en todo querrán mandar

905.0 1757.0 452.0 59.0 les harán ir á la fuente

908.0 1800.0 484.0 62.0 y alguna vez por carbon,

903.0 1833.0 419.0 64.0 hacerles el chocolate

903.0 1881.0 454.0 64.0 y ponerles el pantalón.

940.0 1978.0 479.0 66.0 En la calle de Fernando

903.0 2024.0 340.0 63.0 una señora cayó,

901.0 2070.0 408.0 55.0 al ir á subir la acera

901.0 2105.0 432.0 63.0 iba estrecha y tropezó

903.0 2144.0 426.0 68.0 todo el público corría

905.0 2184.0 395.0 63.0 los curiosos á mirar,

901.0 2228.0 410.0 59.0 á reirse de las modas

899.0 2269.0 474.0 62.0 tan extrañas como van,

899.0 2306.0 555.0 77.0 como que van tan estrechas

899.0 2350.0 445.0 57.0 y no se pueden mover,

899.0 2390.0 533.0 65.0 que por poco que tropiezen

899.0 2425.0 417.0 85.0 es muy facil de caer.
