1753 2480
101.0 90.0 448.0 58.0 El otro día una señora

64.0 140.0 413.0 46.0 en el Paseo de Colón

59.0 171.0 519.0 56.0 por querer ir tan estrecha

62.0 219.0 467.0 49.0 un buen chasco le pasó

57.0 254.0 455.0 58.0 se le cayó el monedero

62.0 295.0 334.0 54.0 no lo podía coger

62.0 326.0 458.0 66.0 y un pillete que pasaba

57.0 365.0 480.0 71.0 lo cogió y echó á correr,

55.0 413.0 439.0 56.0 la señora bien gritaba

55.0 450.0 424.0 58.0 cojerme á ese ladrón

59.0 500.0 505.0 53.0 que se me lleva el dinero

57.0 539.0 424.0 52.0 de mi falda pantalón.

93.0 586.0 469.0 67.0 Anteanoche una señora

55.0 630.0 385.0 56.0 de la calle Robador

55.0 673.0 432.0 56.0 acariciando al marido

53.0 706.0 589.0 60.0 le pedía por favor que le diera

53.0 756.0 651.0 58.0 cien pesetas aprisa y sin dilación

55.0 795.0 561.0 62.0 porque había de comprarse

55.0 837.0 393.0 55.0 una Falda-Pantalón,

57.0 880.0 546.0 50.0 y como el flabio no es tonto

53.0 913.0 521.0 56.0 según comprendo á mi ver

53.0 956.0 465.0 52.0 le endiñó una panadera

51.0 987.0 500.0 73.0 de aquellas de ¡olé chipé!

97.0 1037.0 413.0 70.0 Verán á las señoritas

53.0 1095.0 418.0 49.0 con la falda pantalón

53.0 1136.0 507.0 54.0 luciendo todas sus formas

55.0 1178.0 434.0 47.0 muy alegre el corazón

51.0 1215.0 488.0 56.0 á hora todas las mujeres

51.0 1254.0 486.0 66.0 querrán llevar pantalón,

870.0 99.0 426.0 51.0 y los maridos en casa

868.0 134.0 494.0 62.0 habrán de ser de fregón,

866.0 179.0 514.0 58.0 les harán fregar tos platos

868.0 223.0 355.0 53.0 y la cocina barrer

868.0 256.0 490.0 64.0 y también hacer la cama

868.0 307.0 432.0 50.0 y ellas se irán al café.

907.0 343.0 451.0 55.0 Una señora muy gorda

868.0 386.0 355.0 48.0 por el fielato pasó

862.0 411.0 587.0 78.0 con un sombrero muy grande

866.0 458.0 413.0 60.0 un burot la sospechó

864.0 502.0 405.0 51.0 le dijo buena señora

862.0 537.0 434.0 52.0 haga el favor de venir

862.0 572.0 492.0 66.0 que nuestro jefe la llama

864.0 626.0 469.0 47.0 que algo le quiere decir

859.0 657.0 513.0 66.0 al registrarle el sombrero

859.0 700.0 490.0 52.0 seis jamones le encontró

859.0 735.0 523.0 64.0 treinta docenas de huevos

855.0 785.0 513.0 47.0 y 10 quilos de salchichón.

893.0 818.0 479.0 60.0 Con un sombrero de jipi

857.0 861.0 387.0 56.0 y la falda pantalón,

862.0 899.0 392.0 55.0 el zapatito escotado

862.0 940.0 386.0 56.0 irán que baya calor

859.0 979.0 546.0 62.0 por querer llevar las modas

864.0 1018.0 405.0 58.0 y quererlas presumir

857.0 1056.0 507.0 57.0 la mayor parte de noches

859.0 1099.0 451.0 52.0 sin cenar van á dormir

857.0 1144.0 482.0 46.0 el monedero en la mano

862.0 1178.0 374.0 59.0 y la falda pantalón

859.0 1221.0 544.0 56.0 y un sombrero que parecen

859.0 1266.0 476.0 89.0 un paraguas sin bastón.

221.0 1343.0 1170.0 122.0 Modernos y alegres couplets de la

82.0 1465.0 1439.0 163.0 FALDA PANTALON

599.0 1616.0 432.0 138.0 Segunda parte

88.0 1744.0 530.0 60.0 En la rambla de las Flores

49.0 1793.0 445.0 71.0 á una joven se le cayó

49.0 1845.0 445.0 56.0 el pañuelo de la mano

47.0 1893.0 430.0 68.0 no lo pudo recoger no

47.0 1938.0 507.0 77.0 el novio que iba á su lado

47.0 1992.0 403.0 64.0 se lo tuvo que coger

45.0 2043.0 415.0 54.0 maldiciendo la moda

45.0 2087.0 469.0 64.0 los cordones y el corsé,

47.0 2134.0 533.0 73.0 no quiero más estas modas

51.0 2190.0 525.0 112.0 porque muy estrechas son,

855.0 1752.0 521.0 79.0 prefiero más que te pongas

853.0 1795.0 389.0 89.0 esa falda pantalón.

893.0 1903.0 595.0 56.0 A Pepa la cocinera de la calle

853.0 1948.0 660.0 62.0 de Aragón le prometía el señorito

853.0 1994.0 612.0 58.0 una Falda-Pantalón si le servía

853.0 2048.0 614.0 74.0 de agrado y de buena voluntad

853.0 2101.0 414.0 54.0 y le contestó risueña

855.0 2145.0 445.0 58.0 no quiriéndole aceptar

855.0 2192.0 457.0 118.0 dispense usted señorito
