1765 2512
280 175 634 86 porque es contristar á ustedes

280 238 515 71 en igual de ir alegrarlos.

280 295 488 73 Señores, lo que socede

282 351 578 80 en este mundo es un Fasgo ;

282 404 490 79 de lo que amí me pasó;

284 464 528 78 es un lance muy pesado:

284 525 601 82 si cada ve* que me acuerda

286 590 522 73 me quedo pampaneando;

282 646 547 82 quisiera tener mil lenguas

278 703 471 82 para poder esp'icarlo:

280 761 475 82 válgame aquí Cicerón,

282 828 532 72 Egipcios y Longobardos,

282 881 446 79 y todos los Filosófos,

278 937 534 78 con todos sus explicasios;

282 1008 461 72 quisiera ser elocuente

280 1055 521 87 para elocuenlar un rato:

280 1122 408 71 ustedes perdonarán

278 1172 565 75 mis hipérboles tan bastos.

278 1230 607 88 Empiezo, pues, mis Señores,

280 1295 469 71 á amplificar este caso:

280 1350 605 86 digo pues, no quiero decirlo,

278 1408 563 78 que es cosa de dar cuidado

284 1469 566 84 á todos los que aqui están,

280 1519 678 103 y se han de quedar temblando,-

276 1597 437 73 pero si yo no lo digo

272 1645 586 75 me he de morir de callarlo:

278 1714 492 67 á decirlo voy, Señores,

274 1775 506 67 ya veo que será chasco,

278 1819 551 83 darle á ustedes que sentir,

274 1884 603 83 venga lo que venga, al caso.

278 1944 546 82 Pues Señores, esta noche,

276 2020 687 81 ¿esta noche que ahora estamos?

284 2082 469 84 no, que era la pasada,

278 2145 565 84 si fue eslaudo yo acostado,

282 2216 637 126 ¿con que fué anoche Señores?

1013 177 419 72 como iba relatando,

1011 228 599 69 anoche, cuando me acuerdo

1013 284 511 80 el corazón me da saltos,

1009 343 429 73 ustedes perdonarán,

1013 395 594 88 que se acabó ya el contarlo,

1015 466 649 71 mas que me muera ó rebiente:

1013 523 521 84 por vida de mis pecados,

1015 590 482 73 que si no fuera porque

1019 640 478 71 estarán ya rebentando

1015 697 513 79 las Señoras por saberlo,

1015 761 590 70 tanto hablara como un palo.

1017 816 498 77 Voy á decirlo, Señoras:

1011 881 427 71 como iba relatando,

1013 929 582 86 después de la media noche,

1011 994 509 75 serian las doce y cuarto,

1009 1055 458 73 asi poco mas ó menos

1011 1111 494 78 estaba muy descuidado,

1009 1165 492 93 tendido cuan largo soy,

1011 1237 617 71 con mucho gusto y descanso,

1013 1289 597 88 cuando siento: ¡qué agonía!

1011 1348 680 85 cuando siento: ¡qué hipografo/

1009 1408 452 86 ya los alientos vitales

1004 1469 551 71 se me acaban de porrazo,

1009 1528 521 79 y torpe el entendimiento

1007 1584 464 78 tira cozes y bocados:

1007 1651 657 78 ¡qué desgracia! ¡qué desdicha/

1009 1708 636 75 ¡qué tormento! ¡qué desmayo!

1007 1762 521 80 Digo pues, que me bulló

1007 1819 496 81 debajo de este costado;

1007 1875 600 84 de este mismo, mis Señores,

1009 1934 617 96 no se piensen que es engaño,

1013 2007 569 98 porque estaba yo presente,

1009 2078 508 82 y me atreveré á jurarlo:

1007 2143 573 94 sentí, pues, vuelvo á decir,

1007 2208 492 113 debajo de este contado,
