<?xml version="1.0" encoding="UTF-8"?>
<alto xmlns:xsi="http://www.w3.org/2001/XMLSchema-instance"
      xmlns="http://www.loc.gov/standards/alto/ns-v4#"
      xsi:schemaLocation="http://www.loc.gov/standards/alto/ns-v4# http://www.loc.gov/standards/alto/v4/alto-4-2.xsd">
  <Description>
    <MeasurementUnit>pixel</MeasurementUnit>
    <sourceImageInformation>
      <fileName>Moreno_319_2.jpg</fileName>
      
    </sourceImageInformation>
  </Description>
  
  <Tags>
    <OtherTag ID="BT234" LABEL="RunningTitleZone" DESCRIPTION="block type RunningTitleZone"/><OtherTag ID="BT226" LABEL="MainZone" DESCRIPTION="block type MainZone"/><OtherTag ID="BT225" LABEL="GraphicZone:ornamentation" DESCRIPTION="block type GraphicZone:ornamentation"/><OtherTag ID="BT230" LABEL="MusicZone" DESCRIPTION="block type MusicZone"/><OtherTag ID="BT233" LABEL="QuireMarksZone:signature" DESCRIPTION="block type QuireMarksZone:signature"/><OtherTag ID="BT232" LABEL="QuireMarksZone:catchwords" DESCRIPTION="block type QuireMarksZone:catchwords"/><OtherTag ID="BT224" LABEL="GraphicZone:illustration" DESCRIPTION="block type GraphicZone:illustration"/><OtherTag ID="BT231" LABEL="NumberingZone:page" DESCRIPTION="block type NumberingZone:page"/><OtherTag ID="BT228" LABEL="MarginTextZone:colophon" DESCRIPTION="block type MarginTextZone:colophon"/><OtherTag ID="BT229" LABEL="MarginTextZone:note" DESCRIPTION="block type MarginTextZone:note"/><OtherTag ID="BT221" LABEL="CustomZone:impresorNum" DESCRIPTION="block type CustomZone:impresorNum"/><OtherTag ID="BT222" LABEL="CustomZone:numero_pliego" DESCRIPTION="block type CustomZone:numero_pliego"/><OtherTag ID="BT2325" LABEL="MainZone:columns" DESCRIPTION="block type MainZone:columns"/><OtherTag ID="BT2326" LABEL="CustomZone:title" DESCRIPTION="block type CustomZone:title"/>
    <OtherTag ID="LT82" LABEL="CustomLine:trailer" DESCRIPTION="line type CustomLine:trailer"/><OtherTag ID="LT81" LABEL="CustomLine:propriedad" DESCRIPTION="line type CustomLine:propriedad"/><OtherTag ID="LT83" LABEL="DefaultLine" DESCRIPTION="line type DefaultLine"/><OtherTag ID="LT84" LABEL="HeadingLine" DESCRIPTION="line type HeadingLine"/>
  </Tags>
  
  <Layout>
    <Page WIDTH="1695"
          HEIGHT="2473"
          PHYSICAL_IMG_NR="46"
          ID="eSc_dummypage_">
      <PrintSpace HPOS="0"
                  VPOS="0"
                  WIDTH="1695"
                  HEIGHT="2473">
        
        <TextBlock HPOS="201"
                   VPOS="114"
                   WIDTH="697"
                   HEIGHT="2112"
                   ID="eSc_textblock_82251128"
                   TAGREFS="BT2325">
          <Shape><Polygon POINTS="217 114 201 2226 874 2226 898 685 894 121"/></Shape>
          
          
          <TextLine ID="tl_1"
                    TAGREFS="LT83"
                    BASELINE="245 164 403 164 509 163 630 163 715 163 850 170" 
                    HPOS="241"
                    VPOS="92"
                    WIDTH="608"
                    HEIGHT="91">
            <Shape><Polygon POINTS="243 162 243 100 350 113 371 103 393 92 393 92 393 92 395 92 395 92 397 92 457 92 457 92 457 92 459 92 459 92 459 92 461 92 461 92 478 107 490 117 529 117 550 109 593 94 595 94 595 94 595 94 597 94 597 94 699 109 752 96 754 96 754 96 756 96 756 96 756 96 849 119 849 168 845 183 657 173 241 177"/></Shape>
	    <String CONTENT="llamado don Juan de Lara,"
                    HPOS="241"
                    VPOS="92"
                    WIDTH="608"
                    HEIGHT="91"></String>
          </TextLine>

          
          
          <TextLine ID="tl_2"
                    TAGREFS="LT83"
                    BASELINE="246 230 316 217 410 217 503 217 568 216 801 214" 
                    HPOS="241"
                    VPOS="175"
                    WIDTH="559"
                    HEIGHT="59">
            <Shape><Polygon POINTS="245 228 241 175 795 175 800 212 800 218 245 234"/></Shape>
	    <String CONTENT="que era rico en estrenuo,&#39;"
                    HPOS="241"
                    VPOS="175"
                    WIDTH="559"
                    HEIGHT="59"></String>
          </TextLine>

          
          
          <TextLine ID="tl_3"
                    TAGREFS="LT83"
                    BASELINE="246 271 374 271 461 269 573 270 674 270" 
                    HPOS="243"
                    VPOS="222"
                    WIDTH="429"
                    HEIGHT="60">
            <Shape><Polygon POINTS="245 269 243 224 668 222 672 269 670 280 243 282"/></Shape>
	    <String CONTENT="casado con doña Inés"
                    HPOS="243"
                    VPOS="222"
                    WIDTH="429"
                    HEIGHT="60"></String>
          </TextLine>

          
          
          <TextLine ID="tl_4"
                    TAGREFS="LT83"
                    BASELINE="247 323 292 324 321 323 417 322 515 337 732 329" 
                    HPOS="243"
                    VPOS="269"
                    WIDTH="486"
                    HEIGHT="66">
            <Shape><Polygon POINTS="245 321 243 269 725 272 729 327 725 335 243 333"/></Shape>
	    <String CONTENT="de los Ríos y Acebedo,"
                    HPOS="243"
                    VPOS="269"
                    WIDTH="486"
                    HEIGHT="66"></String>
          </TextLine>

          
          
          <TextLine ID="tl_5"
                    TAGREFS="LT83"
                    BASELINE="245 377 374 377 440 376 611 376 785 376" 
                    HPOS="239"
                    VPOS="323"
                    WIDTH="544"
                    HEIGHT="70">
            <Shape><Polygon POINTS="243 375 239 335 278 323 280 323 280 323 280 323 282 323 282 323 284 323 325 333 325 333 325 333 389 323 389 323 391 323 391 323 391 323 393 323 430 333 435 333 445 333 540 323 540 323 542 323 783 331 783 375 781 393 241 387"/></Shape>
	    <String CONTENT="señora de muchas prendas"
                    HPOS="239"
                    VPOS="323"
                    WIDTH="544"
                    HEIGHT="70"></String>
          </TextLine>

          
          
          <TextLine ID="tl_6"
                    TAGREFS="LT83"
                    BASELINE="248 431 335 430 494 429 813 431" 
                    HPOS="241"
                    VPOS="375"
                    WIDTH="571"
                    HEIGHT="74">
            <Shape><Polygon POINTS="247 430 241 387 272 375 272 375 274 375 274 375 276 375 276 375 276 375 329 385 329 387 428 387 428 385 439 377 439 375 439 375 441 375 441 375 441 375 443 375 443 375 445 375 445 375 445 375 447 375 476 385 480 385 486 385 548 375 548 375 550 375 550 375 550 375 552 375 583 383 591 385 600 383 639 375 639 375 639 375 641 375 810 383 812 430 808 449 243 438"/></Shape>
	    <String CONTENT=" de grande entendimiento,"
                    HPOS="241"
                    VPOS="375"
                    WIDTH="571"
                    HEIGHT="74"></String>
          </TextLine>

          
          
          <TextLine ID="tl_7"
                    TAGREFS="LT83"
                    BASELINE="247 478 381 476 522 471 684 473" 
                    HPOS="243"
                    VPOS="430"
                    WIDTH="439"
                    HEIGHT="68">
            <Shape><Polygon POINTS="245 476 243 430 680 438 682 471 680 488 499 488 499 488 492 496 490 496 490 498 490 498 488 498 488 498 488 498 486 498 486 498 484 498 243 490"/></Shape>
	    <String CONTENT="Tenian estos señores"
                    HPOS="243"
                    VPOS="430"
                    WIDTH="439"
                    HEIGHT="68"></String>
          </TextLine>

          
          
          <TextLine ID="tl_8"
                    TAGREFS="LT83"
                    BASELINE="246 535 315 536 422 541 465 536 596 535 649 535 760 536" 
                    HPOS="243"
                    VPOS="476"
                    WIDTH="515"
                    HEIGHT="74">
            <Shape><Polygon POINTS="245 533 245 490 315 490 317 488 329 478 329 476 329 476 331 476 331 476 331 476 334 476 334 476 334 476 336 476 336 476 338 476 383 488 395 490 410 488 451 476 453 476 453 476 455 476 455 476 455 476 457 476 457 476 480 486 494 492 513 486 532 480 534 480 534 480 534 480 536 480 536 480 536 480 538 480 556 486 579 492 614 484 649 478 649 478 649 478 651 478 756 484 758 535 756 548 243 550"/></Shape>
	    <String CONTENT="una hija, á quien ol cielo"
                    HPOS="243"
                    VPOS="476"
                    WIDTH="515"
                    HEIGHT="74"></String>
          </TextLine>

          
          
          <TextLine ID="tl_9"
                    TAGREFS="LT83"
                    BASELINE="245 588 278 589 377 589 445 589 512 588 687 594" 
                    HPOS="241"
                    VPOS="533"
                    WIDTH="445"
                    HEIGHT="70">
            <Shape><Polygon POINTS="243 587 243 533 684 544 686 593 684 603 241 603"/></Shape>
	    <String CONTENT="la dotó de tal belleza,"
                    HPOS="241"
                    VPOS="533"
                    WIDTH="445"
                    HEIGHT="70"></String>
          </TextLine>

          
          
          <TextLine ID="tl_10"
                    TAGREFS="LT83"
                    BASELINE="240 641 315 642 395 642 460 642 566 641 638 641 813 648" 
                    HPOS="237"
                    VPOS="587"
                    WIDTH="575"
                    HEIGHT="76">
            <Shape><Polygon POINTS="239 640 239 593 342 597 354 595 379 587 381 587 381 587 381 587 383 587 383 587 443 597 463 599 482 597 542 589 542 589 544 589 544 589 608 599 620 601 628 601 692 591 692 591 694 591 694 591 812 605 812 647 808 663 569 651 237 655"/></Shape>
	    <String CONTENT="que era su cara un lucero,"
                    HPOS="237"
                    VPOS="587"
                    WIDTH="575"
                    HEIGHT="76"></String>
          </TextLine>

          
          
          <TextLine ID="tl_11"
                    TAGREFS="LT83"
                    BASELINE="244 695 322 695 507 695 599 695 653 695 728 695 892 700" 
                    HPOS="239"
                    VPOS="642"
                    WIDTH="651"
                    HEIGHT="73">
            <Shape><Polygon POINTS="243 694 241 649 888 642 890 698 886 715 239 706"/></Shape>
	    <String CONTENT="mas hermosa que el sol mismo;"
                    HPOS="239"
                    VPOS="642"
                    WIDTH="651"
                    HEIGHT="73"></String>
          </TextLine>

          
          
          <TextLine ID="tl_12"
                    TAGREFS="LT83"
                    BASELINE="245 761 315 748 384 748 450 748 587 748 867 748" 
                    HPOS="237"
                    VPOS="698"
                    WIDTH="629"
                    HEIGHT="76">
            <Shape><Polygon POINTS="243 760 237 704 861 698 866 746 866 774 760 774 758 772 758 772 758 772 756 772 756 772 715 756 684 768 684 768 682 768 682 768 682 768 680 768 680 768 612 760 595 772 593 772 593 772 593 772 593 772 591 772 591 772 591 772 589 772 589 772 589 772 587 772 587 772 542 758 492 768 492 768 492 768 490 768 490 768 402 760 389 770 389 772 389 772 387 772 387 772 387 772 387 772 385 772 385 772 383 772 383 772 379 772 278 760 245 772"/></Shape>
	    <String CONTENT="que en su rostro amaneciendo"
                    HPOS="237"
                    VPOS="698"
                    WIDTH="629"
                    HEIGHT="76"></String>
          </TextLine>

          
          
          <TextLine ID="tl_13"
                    TAGREFS="LT83"
                    BASELINE="247 799 292 801 350 801 524 801 577 801 720 802" 
                    HPOS="241"
                    VPOS="754"
                    WIDTH="478"
                    HEIGHT="62">
            <Shape><Polygon POINTS="245 797 245 754 717 756 719 801 715 816 241 807"/></Shape>
	    <String CONTENT="de la mañana la aurora"
                    HPOS="241"
                    VPOS="754"
                    WIDTH="478"
                    HEIGHT="62"></String>
          </TextLine>

          
          
          <TextLine ID="tl_14"
                    TAGREFS="LT83"
                    BASELINE="246 867 344 855 418 854 539 855 574 853 711 860" 
                    HPOS="239"
                    VPOS="807"
                    WIDTH="470"
                    HEIGHT="66">
            <Shape><Polygon POINTS="245 865 239 809 705 807 709 859 705 869 294 863 245 873"/></Shape>
	    <String CONTENT="quila las luces á Febo;"
                    HPOS="239"
                    VPOS="807"
                    WIDTH="470"
                    HEIGHT="66"></String>
          </TextLine>

          
          
          <TextLine ID="tl_15"
                    TAGREFS="LT83"
                    BASELINE="245 908 265 908 357 908 565 906 758 913" 
                    HPOS="241"
                    VPOS="851"
                    WIDTH="519"
                    HEIGHT="70">
            <Shape><Polygon POINTS="243 906 241 859 402 851 404 851 404 851 404 851 406 851 437 861 443 863 451 861 494 853 494 853 494 853 496 853 496 853 496 853 550 863 550 863 552 863 593 853 595 853 595 853 597 853 597 853 597 853 600 853 639 865 641 865 647 865 734 855 734 855 736 855 736 855 738 855 738 855 738 855 740 855 760 867 756 912 754 921 241 921"/></Shape>
	    <String CONTENT="á esta llamaban Lucinda,"
                    HPOS="241"
                    VPOS="851"
                    WIDTH="519"
                    HEIGHT="70"></String>
          </TextLine>

          
          
          <TextLine ID="tl_16"
                    TAGREFS="LT83"
                    BASELINE="246 973 316 960 419 960 591 960 648 960 840 961" 
                    HPOS="241"
                    VPOS="915"
                    WIDTH="598"
                    HEIGHT="68">
            <Shape><Polygon POINTS="245 972 241 915 837 915 839 960 835 974 282 972 247 983"/></Shape>
	    <String CONTENT="que este nombre la pusieron"
                    HPOS="241"
                    VPOS="915"
                    WIDTH="598"
                    HEIGHT="68"></String>
          </TextLine>

          
          
          <TextLine ID="tl_17"
                    TAGREFS="LT83"
                    BASELINE="244 1026 382 1013 506 1013 585 1013 668 1012 786 1014" 
                    HPOS="237"
                    VPOS="964"
                    WIDTH="548"
                    HEIGHT="66">
            <Shape><Polygon POINTS="243 1024 237 970 781 964 785 1013 785 1024 243 1030"/></Shape>
	    <String CONTENT="porque como era tan linda"
                    HPOS="237"
                    VPOS="964"
                    WIDTH="548"
                    HEIGHT="66"></String>
          </TextLine>

          
          
          <TextLine ID="tl_18"
                    TAGREFS="LT83"
                    BASELINE="245 1066 279 1066 436 1066 492 1065 658 1065 699 1066 810 1073" 
                    HPOS="239"
                    VPOS="1009"
                    WIDTH="569"
                    HEIGHT="74">
            <Shape><Polygon POINTS="243 1065 241 1022 360 1009 360 1009 362 1009 362 1009 364 1009 364 1009 364 1009 367 1009 367 1009 381 1022 381 1022 385 1022 484 1011 484 1011 486 1011 486 1011 488 1011 488 1011 488 1011 490 1011 507 1022 777 1013 779 1013 779 1013 779 1013 781 1013 781 1013 808 1026 808 1071 804 1083 239 1075"/></Shape>
	    <String CONTENT="la viniese el nombre á pelo;"
                    HPOS="239"
                    VPOS="1009"
                    WIDTH="569"
                    HEIGHT="74"></String>
          </TextLine>

          
          
          <TextLine ID="tl_19"
                    TAGREFS="LT83"
                    BASELINE="246 1132 336 1120 422 1118 487 1119 586 1118 815 1120" 
                    HPOS="239"
                    VPOS="1067"
                    WIDTH="575"
                    HEIGHT="72">
            <Shape><Polygon POINTS="245 1131 239 1077 810 1067 814 1119 814 1133 245 1139"/></Shape>
	    <String CONTENT="pues por su rara hermosura"
                    HPOS="239"
                    VPOS="1067"
                    WIDTH="575"
                    HEIGHT="72"></String>
          </TextLine>

          
          
          <TextLine ID="tl_20"
                    TAGREFS="LT83"
                    BASELINE="246 1171 290 1171 413 1172 495 1172 708 1178" 
                    HPOS="241"
                    VPOS="1116"
                    WIDTH="466"
                    HEIGHT="77">
            <Shape><Polygon POINTS="245 1170 241 1127 263 1116 263 1116 266 1116 266 1116 266 1116 268 1116 268 1116 270 1116 270 1116 270 1116 272 1116 272 1116 272 1119 282 1127 282 1129 321 1129 350 1129 373 1116 373 1116 373 1116 375 1116 375 1116 377 1116 377 1116 377 1116 379 1116 379 1116 379 1116 381 1116 381 1116 381 1119 383 1119 391 1129 391 1129 402 1129 585 1121 587 1121 587 1121 705 1135 707 1176 703 1193 593 1180 243 1184"/></Shape>
	    <String CONTENT="de todos era embeleso,"
                    HPOS="241"
                    VPOS="1116"
                    WIDTH="466"
                    HEIGHT="77"></String>
          </TextLine>

          
          
          <TextLine ID="tl_21"
                    TAGREFS="LT83"
                    BASELINE="246 1225 280 1224 449 1225 513 1228 718 1231" 
                    HPOS="241"
                    VPOS="1166"
                    WIDTH="476"
                    HEIGHT="72">
            <Shape><Polygon POINTS="245 1224 241 1176 414 1166 416 1166 416 1166 416 1166 418 1166 418 1166 443 1176 443 1176 445 1176 587 1168 589 1168 589 1168 589 1168 591 1168 591 1168 591 1168 593 1168 608 1178 612 1180 715 1180 717 1230 713 1238 241 1236"/></Shape>
	    <String CONTENT="el hechizo de Valencia;"
                    HPOS="241"
                    VPOS="1166"
                    WIDTH="476"
                    HEIGHT="72"></String>
          </TextLine>

          
          
          <TextLine ID="tl_22"
                    TAGREFS="LT83"
                    BASELINE="245 1283 270 1280 322 1277 435 1278 493 1278 596 1276 651 1277 785 1278" 
                    HPOS="239"
                    VPOS="1234"
                    WIDTH="544"
                    HEIGHT="60">
            <Shape><Polygon POINTS="243 1281 241 1234 781 1234 783 1277 779 1294 239 1285"/></Shape>
	    <String CONTENT="y el alma de lodo el reino."
                    HPOS="239"
                    VPOS="1234"
                    WIDTH="544"
                    HEIGHT="60"></String>
          </TextLine>

          
          
          <TextLine ID="tl_23"
                    TAGREFS="LT83"
                    BASELINE="247 1330 300 1331 396 1331 671 1330 797 1332" 
                    HPOS="243"
                    VPOS="1281"
                    WIDTH="552"
                    HEIGHT="66">
            <Shape><Polygon POINTS="245 1329 245 1281 793 1288 795 1331 793 1343 243 1347"/></Shape>
	    <String CONTENT="De esta hermosísima dama"
                    HPOS="243"
                    VPOS="1281"
                    WIDTH="552"
                    HEIGHT="66"></String>
          </TextLine>

          
          
          <TextLine ID="tl_24"
                    TAGREFS="LT83"
                    BASELINE="247 1384 288 1384 479 1384 560 1383 762 1385" 
                    HPOS="241"
                    VPOS="1333"
                    WIDTH="519"
                    HEIGHT="62">
            <Shape><Polygon POINTS="245 1382 245 1333 758 1341 760 1384 756 1395 241 1393"/></Shape>
	    <String CONTENT="se enamoró un caballero"
                    HPOS="241"
                    VPOS="1333"
                    WIDTH="519"
                    HEIGHT="62"></String>
          </TextLine>

          
          
          <TextLine ID="tl_25"
                    TAGREFS="LT83"
                    BASELINE="245 1449 315 1436 364 1436 548 1436 734 1443" 
                    HPOS="237"
                    VPOS="1380"
                    WIDTH="495"
                    HEIGHT="72">
            <Shape><Polygon POINTS="243 1448 237 1395 334 1380 334 1380 336 1380 336 1380 338 1380 338 1380 338 1380 364 1393 433 1382 433 1382 435 1382 435 1382 435 1382 437 1382 474 1395 476 1395 476 1395 513 1382 515 1382 515 1382 515 1382 517 1382 517 1382 517 1382 583 1395 585 1395 585 1395 688 1382 688 1382 690 1382 690 1382 692 1382 692 1382 732 1397 732 1442 727 1452 239 1450"/></Shape>
	    <String CONTENT="que la odoraba rendido,"
                    HPOS="237"
                    VPOS="1380"
                    WIDTH="495"
                    HEIGHT="72"></String>
          </TextLine>

          
          
          <TextLine ID="tl_26"
                    TAGREFS="LT83"
                    BASELINE="244 1495 266 1492 320 1489 543 1489 697 1494" 
                    HPOS="237"
                    VPOS="1432"
                    WIDTH="459"
                    HEIGHT="70">
            <Shape><Polygon POINTS="243 1494 237 1442 296 1432 296 1432 298 1432 298 1432 298 1432 301 1432 329 1442 334 1444 694 1444 696 1492 692 1502 239 1496"/></Shape>
	    <String CONTENT="y la idolatraba tierno,"
                    HPOS="237"
                    VPOS="1432"
                    WIDTH="459"
                    HEIGHT="70"></String>
          </TextLine>

          
          
          <TextLine ID="tl_27"
                    TAGREFS="LT83"
                    BASELINE="246 1542 265 1542 401 1542 606 1542 699 1542 845 1544" 
                    HPOS="241"
                    VPOS="1496"
                    WIDTH="602"
                    HEIGHT="61">
            <Shape><Polygon POINTS="245 1541 245 1496 841 1496 843 1543 839 1557 241 1555"/></Shape>
	    <String CONTENT="á quien llamaban don Cárlos"
                    HPOS="241"
                    VPOS="1496"
                    WIDTH="602"
                    HEIGHT="61"></String>
          </TextLine>

          
          
          <TextLine ID="tl_28"
                    TAGREFS="LT83"
                    BASELINE="246 1595 290 1595 495 1600 607 1596 776 1602" 
                    HPOS="241"
                    VPOS="1535"
                    WIDTH="534"
                    HEIGHT="80">
            <Shape><Polygon POINTS="245 1593 245 1541 309 1545 321 1541 334 1535 334 1535 336 1535 336 1535 336 1535 338 1535 338 1535 377 1541 422 1547 435 1541 443 1537 443 1537 443 1537 445 1537 445 1537 447 1537 447 1537 496 1541 606 1551 771 1543 775 1601 771 1615 241 1603"/></Shape>
	    <String CONTENT="de Córdoba, cuyo aliento,"
                    HPOS="241"
                    VPOS="1535"
                    WIDTH="534"
                    HEIGHT="80"></String>
          </TextLine>

          
          
          <TextLine ID="tl_29"
                    TAGREFS="LT83"
                    BASELINE="246 1648 357 1648 546 1648 592 1657 720 1654" 
                    HPOS="241"
                    VPOS="1595"
                    WIDTH="478"
                    HEIGHT="72">
            <Shape><Polygon POINTS="245 1646 241 1601 713 1595 719 1652 715 1658 266 1656 249 1667"/></Shape>
	    <String CONTENT="cuyos blasones y fama,"
                    HPOS="241"
                    VPOS="1595"
                    WIDTH="478"
                    HEIGHT="72"></String>
          </TextLine>

          
          
          <TextLine ID="tl_30"
                    TAGREFS="LT83"
                    BASELINE="247 1700 396 1700 436 1700 498 1701 612 1700 785 1702" 
                    HPOS="243"
                    VPOS="1654"
                    WIDTH="540"
                    HEIGHT="62">
            <Shape><Polygon POINTS="245 1698 245 1654 781 1654 783 1700 781 1716 243 1716"/></Shape>
	    <String CONTENT="timbres á su fama dieron."
                    HPOS="243"
                    VPOS="1654"
                    WIDTH="540"
                    HEIGHT="62"></String>
          </TextLine>

          
          
          <TextLine ID="tl_31"
                    TAGREFS="LT83"
                    BASELINE="245 1754 334 1753 500 1753 591 1753 684 1754" 
                    HPOS="239"
                    VPOS="1698"
                    WIDTH="443"
                    HEIGHT="68">
            <Shape><Polygon POINTS="243 1753 241 1698 294 1708 418 1700 466 1698 468 1698 680 1706 682 1753 678 1766 239 1762"/></Shape>
	    <String CONTENT="Para casarse con ella"
                    HPOS="239"
                    VPOS="1698"
                    WIDTH="443"
                    HEIGHT="68"></String>
          </TextLine>

          
          
          <TextLine ID="tl_32"
                    TAGREFS="LT83"
                    BASELINE="245 1807 432 1806 507 1807 666 1807" 
                    HPOS="243"
                    VPOS="1759"
                    WIDTH="420"
                    HEIGHT="62">
            <Shape><Polygon POINTS="243 1805 243 1759 663 1759 663 1805 663 1817 243 1821"/></Shape>
	    <String CONTENT="solicitaba los medios"
                    HPOS="243"
                    VPOS="1759"
                    WIDTH="420"
                    HEIGHT="62"></String>
          </TextLine>

          
          
          <TextLine ID="tl_33"
                    TAGREFS="LT83"
                    BASELINE="246 1860 504 1859 614 1859 802 1861" 
                    HPOS="243"
                    VPOS="1803"
                    WIDTH="557"
                    HEIGHT="68">
            <Shape><Polygon POINTS="245 1858 245 1815 364 1815 375 1805 375 1803 375 1803 377 1803 377 1803 377 1803 379 1803 379 1803 381 1803 381 1803 381 1803 441 1813 771 1803 773 1803 773 1803 775 1803 775 1803 775 1803 800 1815 800 1860 798 1869 243 1871"/></Shape>
	    <String CONTENT="convenientes para hablarla"
                    HPOS="243"
                    VPOS="1803"
                    WIDTH="557"
                    HEIGHT="68"></String>
          </TextLine>

          
          
          <TextLine ID="tl_34"
                    TAGREFS="LT83"
                    BASELINE="246 1926 267 1926 407 1911 469 1912 724 1913" 
                    HPOS="241"
                    VPOS="1867"
                    WIDTH="482"
                    HEIGHT="61">
            <Shape><Polygon POINTS="245 1924 241 1871 719 1867 723 1912 723 1924 245 1928"/></Shape>
	    <String CONTENT="y tratar su casamiento."
                    HPOS="241"
                    VPOS="1867"
                    WIDTH="482"
                    HEIGHT="61"></String>
          </TextLine>

          
          
          <TextLine ID="tl_35"
                    TAGREFS="LT83"
                    BASELINE="246 1966 442 1966 496 1965 607 1965" 
                    HPOS="243"
                    VPOS="1906"
                    WIDTH="363"
                    HEIGHT="76">
            <Shape><Polygon POINTS="245 1963 245 1906 606 1916 606 1963 604 1982 243 1980"/></Shape>
	    <String CONTENT="Paseábala la calle"
                    HPOS="243"
                    VPOS="1906"
                    WIDTH="363"
                    HEIGHT="76"></String>
          </TextLine>

          
          
          <TextLine ID="tl_36"
                    TAGREFS="LT83"
                    BASELINE="247 2019 313 2019 500 2019 541 2033 725 2025" 
                    HPOS="243"
                    VPOS="1966"
                    WIDTH="480"
                    HEIGHT="72">
            <Shape><Polygon POINTS="245 2017 243 1966 719 1972 723 2023 721 2038 243 2029"/></Shape>
	    <String CONTENT="con músicas y festejos,"
                    HPOS="243"
                    VPOS="1966"
                    WIDTH="480"
                    HEIGHT="72"></String>
          </TextLine>

          
          
          <TextLine ID="tl_37"
                    TAGREFS="LT83"
                    BASELINE="242 2071 409 2073 679 2078" 
                    HPOS="237"
                    VPOS="2025"
                    WIDTH="441"
                    HEIGHT="62">
            <Shape><Polygon POINTS="241 2069 241 2025 678 2025 678 2077 674 2087 237 2083"/></Shape>
	    <String CONTENT="suspiros enamorados,"
                    HPOS="237"
                    VPOS="2025"
                    WIDTH="441"
                    HEIGHT="62"></String>
          </TextLine>

          
          
          <TextLine ID="tl_38"
                    TAGREFS="LT83"
                    BASELINE="248 2124 471 2125 686 2125" 
                    HPOS="243"
                    VPOS="2073"
                    WIDTH="441"
                    HEIGHT="66">
            <Shape><Polygon POINTS="247 2122 245 2075 680 2073 684 2124 680 2139 243 2130"/></Shape>
	    <String CONTENT="amorosos galanteos."
                    HPOS="243"
                    VPOS="2073"
                    WIDTH="441"
                    HEIGHT="66"></String>
          </TextLine>

          
          
          <TextLine ID="tl_39"
                    TAGREFS="LT83"
                    BASELINE="251 2175 320 2177 424 2180 560 2180 627 2180 803 2185" 
                    HPOS="245"
                    VPOS="2118"
                    WIDTH="557"
                    HEIGHT="95">
            <Shape><Polygon POINTS="249 2174 249 2118 315 2128 383 2120 400 2120 402 2120 404 2120 406 2120 406 2122 414 2128 424 2122 426 2122 428 2122 430 2122 800 2135 802 2184 798 2211 696 2200 686 2207 684 2211 682 2211 680 2211 680 2213 505 2213 503 2211 501 2211 455 2198 441 2196 418 2198 329 2205 327 2205 245 2190"/></Shape>
	    <String CONTENT="Dos años gastó de amores,"
                    HPOS="245"
                    VPOS="2118"
                    WIDTH="557"
                    HEIGHT="95"></String>
          </TextLine>

          
        </TextBlock>
        
        <TextBlock HPOS="845"
                   VPOS="50"
                   WIDTH="204"
                   HEIGHT="77"
                   ID="r_2_1"
                   TAGREFS="BT231">
          <Shape><Polygon POINTS="845 53 1048 50 1049 125 848 127"/></Shape>
          
          
          <TextLine ID="tl_40"
                    TAGREFS="LT83"
                    BASELINE="936 116 958 116 966 116" 
                    HPOS="934"
                    VPOS="68"
                    WIDTH="31"
                    HEIGHT="61">
            <Shape><Polygon POINTS="934 115 934 68 965 68 965 115 965 125 934 129"/></Shape>
	    <String CONTENT="2"
                    HPOS="934"
                    VPOS="68"
                    WIDTH="31"
                    HEIGHT="61"></String>
          </TextLine>

          
        </TextBlock>
        
        <TextBlock HPOS="917"
                   VPOS="114"
                   WIDTH="739"
                   HEIGHT="2107"
                   ID="r_2_2"
                   TAGREFS="BT2325">
          <Shape><Polygon POINTS="947 127 1112 114 1631 114 1656 2221 938 2221 917 204"/></Shape>
          
          
          <TextLine ID="tl_41"
                    TAGREFS="LT83"
                    BASELINE="978 160 1032 161 1123 161 1164 162 1226 162 1410 163 1568 176" 
                    HPOS="975"
                    VPOS="115"
                    WIDTH="592"
                    HEIGHT="74">
            <Shape><Polygon POINTS="977 158 977 115 1565 129 1567 175 1563 189 1437 175 1340 183 1321 183 1319 183 1319 183 1319 183 1317 183 1317 183 1317 183 1315 183 1315 183 1315 181 1299 171 975 171"/></Shape>
	    <String CONTENT="sin que á su amoroso fuego,"
                    HPOS="975"
                    VPOS="115"
                    WIDTH="592"
                    HEIGHT="74"></String>
          </TextLine>

          
          
          <TextLine ID="tl_42"
                    TAGREFS="LT83"
                    BASELINE="978 213 1114 215 1154 215 1393 215 1561 218" 
                    HPOS="973"
                    VPOS="160"
                    WIDTH="587"
                    HEIGHT="74">
            <Shape><Polygon POINTS="977 212 977 162 1297 171 1319 166 1365 160 1365 160 1367 160 1367 160 1367 160 1369 160 1369 160 1369 160 1387 168 1391 171 1408 168 1476 160 1476 160 1478 160 1478 160 1480 160 1480 160 1480 160 1482 160 1482 160 1482 162 1492 171 1492 173 1558 173 1560 216 1556 234 973 224"/></Shape>
	    <String CONTENT="llegase á emprender dichoso"
                    HPOS="973"
                    VPOS="160"
                    WIDTH="587"
                    HEIGHT="74"></String>
          </TextLine>

          
          
          <TextLine ID="tl_43"
                    TAGREFS="LT83"
                    BASELINE="978 267 1023 267 1072 267 1232 268 1320 268 1539 270" 
                    HPOS="973"
                    VPOS="212"
                    WIDTH="565"
                    HEIGHT="74">
            <Shape><Polygon POINTS="977 265 975 222 1059 212 1059 212 1061 212 1061 212 1064 212 1064 212 1064 212 1084 222 1086 224 1536 224 1538 269 1534 286 973 274"/></Shape>
	    <String CONTENT="en la ocasión sus incendios."
                    HPOS="973"
                    VPOS="212"
                    WIDTH="565"
                    HEIGHT="74"></String>
          </TextLine>

          
          
          <TextLine ID="tl_44"
                    TAGREFS="LT83"
                    BASELINE="974 320 1052 322 1201 327 1273 320 1357 327 1540 329" 
                    HPOS="969"
                    VPOS="263"
                    WIDTH="569"
                    HEIGHT="81">
            <Shape><Polygon POINTS="973 319 973 263 1049 276 1125 267 1146 265 1146 265 1148 265 1148 265 1150 265 1150 265 1150 265 1156 267 1177 280 1536 280 1538 327 1534 344 969 333"/></Shape>
	    <String CONTENT="Una noche, en fin, dichosa,"
                    HPOS="969"
                    VPOS="263"
                    WIDTH="569"
                    HEIGHT="81"></String>
          </TextLine>

          
          
          <TextLine ID="tl_45"
                    TAGREFS="LT83"
                    BASELINE="976 374 1115 375 1169 374 1372 375 1529 377" 
                    HPOS="971"
                    VPOS="319"
                    WIDTH="556"
                    HEIGHT="76">
            <Shape><Polygon POINTS="975 373 975 319 1039 329 1053 319 1053 319 1053 319 1055 319 1055 319 1057 319 1057 319 1057 319 1059 319 1059 319 1059 319 1061 319 1066 321 1094 329 1134 321 1152 319 1152 319 1154 319 1154 319 1154 319 1156 319 1156 319 1165 323 1181 329 1299 325 1499 319 1501 319 1501 319 1503 319 1503 319 1503 319 1527 331 1527 375 1523 395 1424 385 1398 393 1393 395 1393 395 1391 395 1391 395 1389 395 971 385"/></Shape>
	    <String CONTENT="cuando el nocturno morféo"
                    HPOS="971"
                    VPOS="319"
                    WIDTH="556"
                    HEIGHT="76"></String>
          </TextLine>

          
          
          <TextLine ID="tl_46"
                    TAGREFS="LT83"
                    BASELINE="976 426 995 426 1070 428 1250 428 1455 430" 
                    HPOS="973"
                    VPOS="377"
                    WIDTH="480"
                    HEIGHT="68">
            <Shape><Polygon POINTS="975 424 973 379 1449 377 1453 428 1449 445 1109 434 973 443"/></Shape>
	    <String CONTENT="á los sentidos susponde"
                    HPOS="973"
                    VPOS="377"
                    WIDTH="480"
                    HEIGHT="68"></String>
          </TextLine>

          
          
          <TextLine ID="tl_47"
                    TAGREFS="LT83"
                    BASELINE="975 479 1008 479 1196 480 1400 486" 
                    HPOS="971"
                    VPOS="428"
                    WIDTH="427"
                    HEIGHT="70">
            <Shape><Polygon POINTS="973 478 973 428 1396 434 1398 484 1396 498 971 498"/></Shape>
	    <String CONTENT="el ejercicio supremo,"
                    HPOS="971"
                    VPOS="428"
                    WIDTH="427"
                    HEIGHT="70"></String>
          </TextLine>

          
          
          <TextLine ID="tl_48"
                    TAGREFS="LT83"
                    BASELINE="973 532 1112 534 1233 534 1300 534 1491 534" 
                    HPOS="969"
                    VPOS="490"
                    WIDTH="521"
                    HEIGHT="60">
            <Shape><Polygon POINTS="971 531 971 490 1488 490 1490 533 1488 550 969 550"/></Shape>
	    <String CONTENT="cuando todos los moríales"
                    HPOS="969"
                    VPOS="490"
                    WIDTH="521"
                    HEIGHT="60"></String>
          </TextLine>

          
          
          <TextLine ID="tl_49"
                    TAGREFS="LT83"
                    BASELINE="972 586 1103 586 1157 588 1311 587 1365 586 1513 593" 
                    HPOS="969"
                    VPOS="533"
                    WIDTH="542"
                    HEIGHT="70">
            <Shape><Polygon POINTS="971 585 971 533 1511 537 1511 591 1509 601 969 603"/></Shape>
	    <String CONTENT="rinden el tributo al sueño,"
                    HPOS="969"
                    VPOS="533"
                    WIDTH="542"
                    HEIGHT="70"></String>
          </TextLine>

          
          
          <TextLine ID="tl_50"
                    TAGREFS="LT83"
                    BASELINE="971 654 995 654 1154 640 1209 640 1303 641 1452 641" 
                    HPOS="969"
                    VPOS="585"
                    WIDTH="482"
                    HEIGHT="76">
            <Shape><Polygon POINTS="969 653 969 593 1004 601 1084 591 1113 589 1113 589 1115 589 1115 589 1132 591 1173 599 1187 591 1200 585 1200 585 1200 585 1202 585 1202 585 1202 585 1204 585 1449 591 1451 640 1451 649 969 661"/></Shape>
	    <String CONTENT="y cuando el ave canora"
                    HPOS="969"
                    VPOS="585"
                    WIDTH="482"
                    HEIGHT="76"></String>
          </TextLine>

          
          
          <TextLine ID="tl_51"
                    TAGREFS="LT83"
                    BASELINE="971 693 1158 693 1211 694 1291 694 1332 698 1381 693 1524 699" 
                    HPOS="967"
                    VPOS="636"
                    WIDTH="558"
                    HEIGHT="77">
            <Shape><Polygon POINTS="969 692 969 647 1101 647 1101 647 1125 636 1125 636 1127 636 1127 636 1127 636 1130 636 1130 636 1130 636 1132 636 1132 636 1156 647 1181 636 1181 636 1183 636 1183 636 1183 636 1185 636 1185 636 1187 636 1187 636 1187 636 1189 636 1189 636 1204 649 1206 649 1226 649 1499 640 1501 640 1501 640 1503 640 1503 640 1503 640 1525 653 1523 698 1519 713 1346 702 967 706"/></Shape>
	    <String CONTENT="suspende la voz y el vuelo,"
                    HPOS="967"
                    VPOS="636"
                    WIDTH="558"
                    HEIGHT="77"></String>
          </TextLine>

          
          
          <TextLine ID="tl_52"
                    TAGREFS="LT83"
                    BASELINE="968 759 989 759 1114 746 1187 743 1311 746 1392 746 1514 747" 
                    HPOS="965"
                    VPOS="686"
                    WIDTH="548"
                    HEIGHT="80">
            <Shape><Polygon POINTS="967 758 965 713 1057 692 1057 692 1057 692 1059 692 1059 692 1061 692 1061 692 1092 702 1130 690 1132 690 1132 690 1134 690 1214 690 1214 690 1214 690 1216 690 1216 690 1216 690 1218 690 1218 690 1218 692 1226 700 1245 690 1245 690 1245 690 1247 690 1247 690 1247 690 1249 690 1249 690 1251 690 1251 690 1251 690 1276 702 1278 702 1284 702 1381 686 1381 686 1381 686 1383 686 1511 696 1513 746 1511 760 1396 752 1352 762 1344 764 1342 764 1342 764 1342 766 967 766"/></Shape>
	    <String CONTENT="y entre las hojas del árbol"
                    HPOS="965"
                    VPOS="686"
                    WIDTH="548"
                    HEIGHT="80"></String>
          </TextLine>

          
          
          <TextLine ID="tl_53"
                    TAGREFS="LT83"
                    BASELINE="968 798 1078 798 1266 799 1318 798 1486 806" 
                    HPOS="962"
                    VPOS="741"
                    WIDTH="522"
                    HEIGHT="75">
            <Shape><Polygon POINTS="967 797 965 754 1012 743 1012 743 1012 743 1014 743 1014 743 1016 743 1016 743 1016 743 1018 743 1018 743 1018 746 1020 746 1024 752 1026 756 1092 756 1097 752 1109 741 1109 741 1111 741 1111 741 1111 741 1113 741 1113 741 1115 741 1115 741 1115 741 1165 752 1187 756 1208 752 1237 743 1239 743 1239 743 1241 743 1241 743 1243 743 1243 743 1264 750 1282 758 1290 750 1294 746 1294 746 1297 746 1297 746 1297 746 1299 746 1299 746 1301 746 1360 746 1360 746 1360 746 1363 746 1379 750 1422 760 1480 750 1484 805 1480 816 962 805"/></Shape>
	    <String CONTENT="busca defensas al tiempo,"
                    HPOS="962"
                    VPOS="741"
                    WIDTH="522"
                    HEIGHT="75"></String>
          </TextLine>

          
          
          <TextLine ID="tl_54"
                    TAGREFS="LT83"
                    BASELINE="973 852 1062 852 1243 852 1283 851 1373 851 1477 859" 
                    HPOS="967"
                    VPOS="795"
                    WIDTH="509"
                    HEIGHT="76">
            <Shape><Polygon POINTS="971 851 969 805 1101 795 1103 795 1103 795 1103 795 1105 795 1105 795 1107 795 1107 795 1121 805 1212 797 1212 797 1214 797 1214 797 1216 797 1253 807 1253 807 1253 807 1282 797 1282 797 1284 797 1284 797 1286 797 1286 797 1286 797 1288 797 1288 797 1313 809 1317 811 1474 811 1476 857 1472 871 967 863"/></Shape>
	    <String CONTENT="salió Lucinda á una reja,"
                    HPOS="967"
                    VPOS="795"
                    WIDTH="509"
                    HEIGHT="76"></String>
          </TextLine>

          
          
          <TextLine ID="tl_55"
                    TAGREFS="LT83"
                    BASELINE="972 911 995 911 1048 905 1193 905 1392 905" 
                    HPOS="967"
                    VPOS="857"
                    WIDTH="424"
                    HEIGHT="66">
            <Shape><Polygon POINTS="971 910 967 859 1387 857 1391 904 1389 912 1000 912 973 923"/></Shape>
	    <String CONTENT="y el adonis caballero"
                    HPOS="967"
                    VPOS="857"
                    WIDTH="424"
                    HEIGHT="66"></String>
          </TextLine>

          
          
          <TextLine ID="tl_56"
                    TAGREFS="LT83"
                    BASELINE="975 958 1033 957 1087 957 1214 958 1282 958 1365 958 1553 965" 
                    HPOS="971"
                    VPOS="906"
                    WIDTH="581"
                    HEIGHT="74">
            <Shape><Polygon POINTS="973 956 973 906 1552 910 1552 964 1550 970 1461 980 1461 980 1459 980 1459 980 1387 970 1365 968 971 968"/></Shape>
	    <String CONTENT="allí la habló de sus amores,"
                    HPOS="971"
                    VPOS="906"
                    WIDTH="581"
                    HEIGHT="74"></String>
          </TextLine>

          
          
          <TextLine ID="tl_57"
                    TAGREFS="LT83"
                    BASELINE="969 1010 1005 1011 1169 1012 1252 1012 1446 1017" 
                    HPOS="962"
                    VPOS="954"
                    WIDTH="483"
                    HEIGHT="74">
            <Shape><Polygon POINTS="967 1009 967 954 1181 966 1226 962 1284 956 1284 956 1286 956 1286 956 1286 956 1332 966 1346 968 1358 966 1398 958 1398 958 1398 958 1400 958 1400 958 1402 958 1445 970 1445 1015 1441 1028 962 1020"/></Shape>
	    <String CONTENT="la declaró sus intentos,"
                    HPOS="962"
                    VPOS="954"
                    WIDTH="483"
                    HEIGHT="74"></String>
          </TextLine>

          
          
          <TextLine ID="tl_58"
                    TAGREFS="LT83"
                    BASELINE="974 1063 1006 1064 1080 1065 1248 1065 1315 1065 1479 1069" 
                    HPOS="971"
                    VPOS="1009"
                    WIDTH="507"
                    HEIGHT="68">
            <Shape><Polygon POINTS="973 1061 973 1009 1476 1020 1478 1067 1476 1075 971 1077"/></Shape>
	    <String CONTENT="la dió palabra de esposo,"
                    HPOS="971"
                    VPOS="1009"
                    WIDTH="507"
                    HEIGHT="68"></String>
          </TextLine>

          
          
          <TextLine ID="tl_59"
                    TAGREFS="LT83"
                    BASELINE="974 1117 1041 1118 1101 1118 1248 1118 1315 1118 1468 1124" 
                    HPOS="969"
                    VPOS="1059"
                    WIDTH="497"
                    HEIGHT="78">
            <Shape><Polygon POINTS="973 1116 971 1071 1072 1059 1072 1059 1074 1059 1074 1059 1074 1059 1076 1059 1076 1059 1078 1059 1078 1059 1078 1059 1088 1069 1092 1071 1121 1069 1208 1061 1208 1061 1210 1061 1210 1061 1212 1061 1212 1061 1231 1067 1245 1073 1461 1067 1466 1123 1461 1137 969 1127"/></Shape>
	    <String CONTENT="ella la aceptó en efecto,"
                    HPOS="969"
                    VPOS="1059"
                    WIDTH="497"
                    HEIGHT="78"></String>
          </TextLine>

          
          
          <TextLine ID="tl_60"
                    TAGREFS="LT83"
                    BASELINE="974 1176 995 1176 1059 1170 1168 1174 1297 1170 1406 1175" 
                    HPOS="971"
                    VPOS="1112"
                    WIDTH="433"
                    HEIGHT="77">
            <Shape><Polygon POINTS="973 1174 973 1112 1121 1112 1121 1112 1121 1112 1123 1112 1123 1112 1123 1112 1125 1112 1132 1116 1144 1127 1224 1127 1231 1121 1239 1112 1239 1112 1239 1112 1241 1112 1241 1112 1243 1112 1243 1112 1243 1112 1245 1112 1245 1112 1323 1123 1336 1125 1338 1125 1354 1112 1356 1112 1356 1112 1356 1112 1358 1112 1358 1112 1360 1112 1360 1112 1360 1112 1363 1112 1404 1127 1404 1174 1400 1189 1177 1178 1084 1189 1084 1189 1084 1189 1082 1189 1082 1189 1082 1189 1080 1189 1080 1189 1080 1189 1078 1189 1064 1178 971 1189"/></Shape>
	    <String CONTENT="y le dijo; señor mió,"
                    HPOS="971"
                    VPOS="1112"
                    WIDTH="433"
                    HEIGHT="77"></String>
          </TextLine>

          
          
          <TextLine ID="tl_61"
                    TAGREFS="LT83"
                    BASELINE="974 1223 1175 1224 1297 1224 1412 1224" 
                    HPOS="969"
                    VPOS="1170"
                    WIDTH="443"
                    HEIGHT="68">
            <Shape><Polygon POINTS="973 1222 969 1182 1010 1170 1012 1170 1012 1170 1014 1170 1014 1170 1014 1170 1064 1180 1379 1170 1381 1170 1381 1170 1381 1170 1383 1170 1383 1170 1412 1182 1410 1222 1410 1238 973 1238"/></Shape>
	    <String CONTENT="estimando como debo"
                    HPOS="969"
                    VPOS="1170"
                    WIDTH="443"
                    HEIGHT="68"></String>
          </TextLine>

          
          
          <TextLine ID="tl_62"
                    TAGREFS="LT83"
                    BASELINE="974 1276 1004 1276 1157 1277 1276 1276 1360 1276 1441 1277 1594 1282" 
                    HPOS="969"
                    VPOS="1232"
                    WIDTH="624"
                    HEIGHT="68">
            <Shape><Polygon POINTS="973 1275 973 1232 1593 1240 1593 1281 1589 1300 969 1285"/></Shape>
	    <String CONTENT="el mucho amor que me tienes,"
                    HPOS="969"
                    VPOS="1232"
                    WIDTH="624"
                    HEIGHT="68"></String>
          </TextLine>

          
          
          <TextLine ID="tl_63"
                    TAGREFS="LT83"
                    BASELINE="973 1329 1128 1330 1180 1330 1346 1331 1523 1336" 
                    HPOS="967"
                    VPOS="1283"
                    WIDTH="554"
                    HEIGHT="62">
            <Shape><Polygon POINTS="971 1327 971 1283 1519 1283 1521 1335 1517 1345 967 1339"/></Shape>
	    <String CONTENT="cumplir la palabra ofrezco,"
                    HPOS="967"
                    VPOS="1283"
                    WIDTH="554"
                    HEIGHT="62"></String>
          </TextLine>

          
          
          <TextLine ID="tl_64"
                    TAGREFS="LT83"
                    BASELINE="974 1382 1077 1382 1153 1383 1259 1382 1298 1383 1382 1382 1548 1382" 
                    HPOS="971"
                    VPOS="1331"
                    WIDTH="575"
                    HEIGHT="64">
            <Shape><Polygon POINTS="973 1380 971 1331 1544 1341 1546 1380 1544 1393 973 1395"/></Shape>
	    <String CONTENT="usted me pida á mis padres."
                    HPOS="971"
                    VPOS="1331"
                    WIDTH="575"
                    HEIGHT="64"></String>
          </TextLine>

          
          
          <TextLine ID="tl_65"
                    TAGREFS="LT83"
                    BASELINE="975 1434 1055 1435 1200 1435 1293 1435 1495 1434" 
                    HPOS="971"
                    VPOS="1378"
                    WIDTH="523"
                    HEIGHT="70">
            <Shape><Polygon POINTS="973 1432 971 1378 1031 1391 1078 1378 1082 1378 1084 1378 1084 1378 1086 1378 1160 1378 1160 1378 1160 1378 1162 1378 1162 1378 1162 1378 1165 1378 1165 1378 1165 1380 1177 1391 1214 1380 1222 1378 1224 1378 1224 1378 1226 1378 1226 1378 1226 1378 1239 1380 1284 1391 1332 1382 1354 1378 1354 1378 1356 1378 1356 1378 1356 1378 1358 1378 1371 1382 1398 1391 1488 1384 1494 1432 1490 1448 971 1446"/></Shape>
	    <String CONTENT="Don Cárlos dijo contento:"
                    HPOS="971"
                    VPOS="1378"
                    WIDTH="523"
                    HEIGHT="70"></String>
          </TextLine>

          
          
          <TextLine ID="tl_66"
                    TAGREFS="LT83"
                    BASELINE="978 1487 1085 1488 1142 1487 1300 1492 1377 1487 1581 1493" 
                    HPOS="973"
                    VPOS="1432"
                    WIDTH="606"
                    HEIGHT="72">
            <Shape><Polygon POINTS="977 1485 977 1432 1579 1448 1579 1492 1575 1504 973 1502"/></Shape>
	    <String CONTENT="luego al punto, sol hermoso,"
                    HPOS="973"
                    VPOS="1432"
                    WIDTH="606"
                    HEIGHT="72"></String>
          </TextLine>

          
          
          <TextLine ID="tl_67"
                    TAGREFS="LT83"
                    BASELINE="979 1540 1081 1555 1228 1541 1268 1541 1523 1540" 
                    HPOS="977"
                    VPOS="1485"
                    WIDTH="544"
                    HEIGHT="66">
            <Shape><Polygon POINTS="977 1539 977 1500 1090 1500 1090 1498 1103 1487 1103 1487 1105 1487 1105 1487 1105 1487 1107 1487 1107 1487 1107 1487 1109 1487 1276 1498 1288 1498 1288 1498 1297 1487 1299 1487 1299 1485 1299 1485 1301 1485 1301 1485 1303 1485 1303 1485 1303 1485 1305 1485 1519 1498 1521 1539 1519 1549 977 1551"/></Shape>
	    <String CONTENT="estoy pronto á obedeceros."
                    HPOS="977"
                    VPOS="1485"
                    WIDTH="544"
                    HEIGHT="66"></String>
          </TextLine>

          
          
          <TextLine ID="tl_68"
                    TAGREFS="LT83"
                    BASELINE="976 1593 1130 1598 1198 1594 1268 1593 1308 1593 1390 1593 1559 1598" 
                    HPOS="971"
                    VPOS="1535"
                    WIDTH="587"
                    HEIGHT="78">
            <Shape><Polygon POINTS="975 1590 975 1535 1195 1549 1239 1537 1247 1535 1249 1535 1249 1535 1249 1535 1251 1535 1251 1535 1253 1535 1253 1535 1253 1535 1255 1535 1255 1535 1255 1537 1257 1537 1270 1551 1321 1551 1358 1537 1363 1537 1363 1537 1365 1537 1365 1537 1367 1537 1367 1537 1367 1537 1379 1539 1449 1551 1461 1541 1461 1539 1461 1539 1464 1539 1464 1539 1464 1539 1464 1539 1466 1539 1466 1539 1468 1539 1558 1541 1558 1597 1554 1613 971 1601"/></Shape>
	    <String CONTENT="Pidióla, en fin á sus padres,"
                    HPOS="971"
                    VPOS="1535"
                    WIDTH="587"
                    HEIGHT="78"></String>
          </TextLine>

          
          
          <TextLine ID="tl_69"
                    TAGREFS="LT83"
                    BASELINE="975 1659 1062 1646 1174 1646 1241 1646 1300 1646 1355 1646 1514 1649" 
                    HPOS="965"
                    VPOS="1590"
                    WIDTH="548"
                    HEIGHT="75">
            <Shape><Polygon POINTS="973 1658 965 1607 1204 1593 1206 1593 1206 1593 1290 1603 1290 1603 1292 1603 1379 1590 1379 1590 1381 1590 1381 1590 1511 1603 1513 1648 1511 1658 973 1665"/></Shape>
	    <String CONTENT="pero ellos no se la dieron,"
                    HPOS="965"
                    VPOS="1590"
                    WIDTH="548"
                    HEIGHT="75"></String>
          </TextLine>

          
          
          <TextLine ID="tl_70"
                    TAGREFS="LT83"
                    BASELINE="975 1713 1114 1700 1197 1700 1288 1699 1433 1698 1583 1705" 
                    HPOS="969"
                    VPOS="1650"
                    WIDTH="612"
                    HEIGHT="72">
            <Shape><Polygon POINTS="973 1712 969 1656 1577 1650 1581 1704 1577 1712 1121 1710 973 1722"/></Shape>
	    <String CONTENT="porque era don Cárlos pobre,"
                    HPOS="969"
                    VPOS="1650"
                    WIDTH="612"
                    HEIGHT="72"></String>
          </TextLine>

          
          
          <TextLine ID="tl_71"
                    TAGREFS="LT83"
                    BASELINE="973 1767 996 1767 1057 1754 1154 1753 1305 1752 1406 1765 1498 1757" 
                    HPOS="967"
                    VPOS="1706"
                    WIDTH="530"
                    HEIGHT="68">
            <Shape><Polygon POINTS="971 1766 967 1710 1490 1706 1497 1755 1492 1768 1028 1764 971 1774"/></Shape>
	    <String CONTENT="y es este borron muy feo,"
                    HPOS="967"
                    VPOS="1706"
                    WIDTH="530"
                    HEIGHT="68"></String>
          </TextLine>

          
          
          <TextLine ID="tl_72"
                    TAGREFS="LT83"
                    BASELINE="974 1819 1113 1806 1178 1806 1303 1804 1491 1804" 
                    HPOS="969"
                    VPOS="1747"
                    WIDTH="521"
                    HEIGHT="80">
            <Shape><Polygon POINTS="973 1817 969 1766 1340 1759 1344 1757 1363 1747 1363 1747 1363 1747 1365 1747 1365 1747 1365 1747 1367 1747 1488 1755 1490 1803 1490 1813 973 1827"/></Shape>
	    <String CONTENT="porque no valen noblezas"
                    HPOS="969"
                    VPOS="1747"
                    WIDTH="521"
                    HEIGHT="80"></String>
          </TextLine>

          
          
          <TextLine ID="tl_73"
                    TAGREFS="LT83"
                    BASELINE="975 1859 1053 1859 1143 1872 1248 1858 1356 1857 1514 1864" 
                    HPOS="971"
                    VPOS="1809"
                    WIDTH="542"
                    HEIGHT="66">
            <Shape><Polygon POINTS="973 1858 971 1813 1511 1809 1513 1862 1511 1873 971 1875"/></Shape>
	    <String CONTENT="sino hay con ellas dinero;"
                    HPOS="971"
                    VPOS="1809"
                    WIDTH="542"
                    HEIGHT="66"></String>
          </TextLine>

          
          
          <TextLine ID="tl_74"
                    TAGREFS="LT83"
                    BASELINE="974 1916 996 1919 1147 1911 1208 1912 1267 1911 1410 1911" 
                    HPOS="971"
                    VPOS="1860"
                    WIDTH="437"
                    HEIGHT="64">
            <Shape><Polygon POINTS="973 1914 971 1867 1404 1860 1408 1910 1406 1924 971 1922"/></Shape>
	    <String CONTENT="y porque no se casára"
                    HPOS="971"
                    VPOS="1860"
                    WIDTH="437"
                    HEIGHT="64"></String>
          </TextLine>

          
          
          <TextLine ID="tl_75"
                    TAGREFS="LT83"
                    BASELINE="964 1960 1039 1963 1149 1965 1214 1964 1277 1964 1486 1964" 
                    HPOS="958"
                    VPOS="1912"
                    WIDTH="526"
                    HEIGHT="62">
            <Shape><Polygon POINTS="962 1959 960 1916 1480 1912 1484 1963 1480 1974 958 1972"/></Shape>
	    <String CONTENT="la meten en un convento."
                    HPOS="958"
                    VPOS="1912"
                    WIDTH="526"
                    HEIGHT="62"></String>
          </TextLine>

          
          
          <TextLine ID="tl_76"
                    TAGREFS="LT83"
                    BASELINE="962 2018 1054 2017 1195 2014 1380 2013 1438 2018 1558 2013" 
                    HPOS="956"
                    VPOS="1959"
                    WIDTH="600"
                    HEIGHT="81">
            <Shape><Polygon POINTS="960 2017 956 1963 1041 1974 1066 1963 1072 1961 1072 1961 1074 1961 1074 1961 1074 1961 1076 1961 1076 1961 1078 1961 1086 1963 1117 1972 1127 1963 1130 1961 1130 1961 1132 1961 1132 1961 1132 1961 1134 1961 1134 1961 1136 1961 1136 1961 1167 1963 1224 1970 1231 1963 1235 1961 1235 1959 1235 1959 1237 1959 1237 1959 1237 1959 1239 1959 1239 1959 1239 1959 1241 1959 1241 1959 1278 1966 1311 1970 1325 1966 1342 1959 1342 1959 1344 1959 1344 1959 1346 1959 1552 1968 1556 2011 1554 2029 960 2040"/></Shape>
	    <String CONTENT="Don Cárlos sabiendo el caso,"
                    HPOS="956"
                    VPOS="1959"
                    WIDTH="600"
                    HEIGHT="81"></String>
          </TextLine>

          
          
          <TextLine ID="tl_77"
                    TAGREFS="LT83"
                    BASELINE="973 2071 1148 2071 1227 2071 1390 2076" 
                    HPOS="967"
                    VPOS="2015"
                    WIDTH="422"
                    HEIGHT="70">
            <Shape><Polygon POINTS="971 2069 969 2023 1125 2015 1127 2015 1127 2015 1130 2015 1130 2015 1130 2015 1150 2025 1152 2025 1160 2025 1228 2017 1228 2017 1231 2017 1389 2029 1389 2075 1385 2085 967 2079"/></Shape>
	    <String CONTENT="enfadado del suceso,"
                    HPOS="967"
                    VPOS="2015"
                    WIDTH="422"
                    HEIGHT="70"></String>
          </TextLine>

          
          
          <TextLine ID="tl_78"
                    TAGREFS="LT83"
                    BASELINE="974 2124 1122 2125 1250 2123 1303 2124 1426 2124" 
                    HPOS="971"
                    VPOS="2073"
                    WIDTH="453"
                    HEIGHT="70">
            <Shape><Polygon POINTS="973 2122 971 2079 1420 2073 1424 2122 1422 2143 971 2143"/></Shape>
	    <String CONTENT="dispone robar la dama"
                    HPOS="971"
                    VPOS="2073"
                    WIDTH="453"
                    HEIGHT="70"></String>
          </TextLine>

          
          
          <TextLine ID="tl_79"
                    TAGREFS="LT83"
                    BASELINE="973 2192 994 2192 1148 2179 1226 2178 1482 2183" 
                    HPOS="967"
                    VPOS="2116"
                    WIDTH="513"
                    HEIGHT="109">
            <Shape><Polygon POINTS="971 2190 967 2139 1064 2118 1064 2118 1064 2118 1066 2118 1066 2118 1068 2118 1068 2118 1068 2118 1070 2118 1090 2132 1117 2118 1117 2118 1117 2118 1119 2118 1119 2118 1121 2118 1121 2118 1121 2118 1173 2128 1193 2132 1200 2128 1208 2120 1208 2120 1210 2120 1210 2120 1210 2120 1212 2120 1212 2120 1214 2120 1214 2120 1214 2120 1216 2120 1216 2120 1216 2120 1218 2120 1226 2126 1243 2137 1476 2116 1480 2182 1478 2223 1437 2215 1379 2219 1321 2225 1321 2225 1319 2225 1319 2225 1317 2225 1317 2225 1317 2225 1315 2225 1303 2217 1292 2211 1270 2215 1241 2221 1241 2221 1241 2221 1239 2221 1239 2221 1237 2221 1237 2221 1218 2213 1206 2209 1198 2213 1177 2223 1177 2223 1177 2223 1175 2223 1175 2223 1173 2223 1173 2223 1173 2223 1171 2223 1132 2211 1101 2200 971 2203"/></Shape>
	    <String CONTENT="y sacarla del monasterio,"
                    HPOS="967"
                    VPOS="2116"
                    WIDTH="513"
                    HEIGHT="109"></String>
          </TextLine>

          
        </TextBlock>
        

        
      </PrintSpace>
    </Page>
  </Layout>
</alto>
