1765 2512
257 198 423 59 El Sol le dijo á la Luna

211 238 444 67 que se fuera á recoger,

213 280 513 65 que á deshora de la noche

209 332 509 59 no andan mujeres de bien.

247 370 556 67 Tres fincas tengo en Madrid,

209 418 458 59 siendo un pobre militar:

209 462 467 65 la cárcel, el cementerio,

213 506 413 63 y también el hospital.

253 550 460 63 Un ciego estaba mirando

207 596 486 65 cómo se quema una casa,

207 632 462 69 un mudo llamaba gente,

207 680 490 69 y un cojo llevaba el agua.

253 728 452 63 Viva Cádiz porque tiene

203 764 498 73 las murallas hácia el mar,

205 814 391 65 y cañones apuntando

200 862 419 56 al Peñón de Gibraltar.

247 910 435 55 Una mora me enamora

200 933 467 80 y'no es mora de nación;

200 992 495 63 es mora porque ella mora

203 1034 420 62 dentro de mi corazón.

247 1080 446 62 Eres tú la que le quitas

203 1124 406 62 todos los rayos al sol,

200 1170 419 60 á la nieve la blancura

203 1209 462 67 y á la manzana el color.

247 1258 454 64 Cásale y tendrás mujer,

203 1293 494 71 si es bonita, que guardar,

205 1343 460 72 si es fea, que aborrecer,

207 1389 481 65 si es rica, que contentar,

207 1436 517 73 si es pobre, que mantener.

295 148 39 61 4

927 242 345 59 salero, viva la sal,

971 200 402 59 Salero, viva el salero,

925 284 450 61 que tiene V. mas salero

929 330 444 65 que el salero universal.

931 410 501 73 todo está lleno de estrellas,

977 378 436 53 El marco de tu ventana

929 466 427 61 y así que te asomas tú,

927 510 500 57 sale el sol, y se van ellas.

929 598 509 57 sorprendas alguna lágrima,

975 548 647 65 Cuando en los ojos de un hombre

927 640 484 59 compadece al desgraciado

927 686 459 57 sin preguntarle la causa.

971 732 438 55 Si ves llorar á una niña

925 774 505 61 consuélala en su aflicción,

925 814 511 63 que las lágrimas que vierte

927 864 427 59 se las'arranca el amor.

971 906 484 59 Cuando las viejas sollozan

927 952 496 59 no se las debe hacer caso,

923 992 483 65 pues solo lloran las viejas

927 1042 412 54 al recodar su pasado.

969 1082 530 63 Me aconsejan que te olvide;

927 1126 412 65 ¡mira qué barbaridad!

929 1176 454 56 ¡Como no saben querer,

927 1212 373 62 no saben aconsejar!

971 1260 569 65 Todo el mundo en contra mia,

929 1289 498 75 Serrana, porque te quiero,

931 1348 555 60 todo el mundo en contra mia,

935 1394 543 67 y yo contra el mundo entero.

868 1831 136 76 FI1T.

280 2323 1267 25 CARMONA:—Imp y lib. de D. José M. Moreno, Madre de Dios, 1.
