1737 2508
413 415 918 90 Antonio Narvaez y Rosaura.

1168 334 240 56 (Número 6.)

466 1279 815 121 PRIMERA PARTE.

177 1383 1409 84 DE LOS AMOROSOS LANCES Y PARTICULARES SUCESOS QUE

181 1452 1405 61 acaecieron á una hermosa dama llamada Rosaura, y á su amante D. Anto-

179 1492 1397 60 nio Narvaez, natural de Córdoba; dase cuenta del modo con que se des-

181 1538 1395 65 cubrió á la dama en Sierra-Morena que la guardaba un Oso, y como di-

238 1580 1289 69 cho caballero lo mató; con todo lo demás que verá el curioso lector.

221 1728 550 65 A olvidar vanas memorias

173 1772 508 73 á divertir pensamientos,

175 1828 629 63 á dar principio á mis ancias,

179 1876 613 67 (esta es la verdad y lo ciento.)

173 1924 493 63 Salí, pues una mañana,

175 1970 590 65 cuando Abril de flores lleno,

171 2023 548 58 consuela con su fragancias

171 2064 594 67 los valles, montes y cerros:

173 2117 391 64 alegre me divertía

167 2163 533 64 en la maleza y saliendo

169 2215 600 90 dandole vista á unos montes

902 1728 527 65 donde para un arroyuelo,

902 1776 573 67 que en derretidos cristales

900 1828 588 65 sirve á una selva de espejo:

907 1876 545 65 y mirando sus corrientes

898 1931 548 60 en una sombra me siento:

900 1970 462 67 y acabo de breve rato

902 2029 498 61 que estaba sentado, veo

900 2073 508 62 que bajaba por el agua

898 2117 644 90 un guante el que yo de presto

900 2165 529 90 lo saqué de la corriente,

900 2221 406 86 y sacudiendolo, veo
