1765 2512
177 232 423 61 luego dice la comadre.

217 284 409 61 Y si tiene por ventura

173 316 440 67 la parida algún querido

171 368 545 63 cuando se marcha el marido

171 414 415 57 viste bien la criatura:

173 456 434 61 y con pena y amargura

169 502 423 52 dice con llanto fingido

167 537 444 70 llámeme V* á fulaniyo

167 584 526 67 que á mi niño venga á ver,

169 638 404 56 por si puede conocer

165 674 500 67 si es chiquilla ó chiquillo.

211 720 463 58 El querido toma el niño

167 764 396 62 y le abraza con amor

165 808 385 62 y dice válgame Dios

163 849 412 61 retrato de tu marido:

159 891 441 69 pero con llanto fingido

161 939 502 63 responde la ingrata madre

161 979 475 65 hijo tuyo es bien lo sabes

163 1029 467 61 todo lleno de hermosura

165 1069 394 61 O! que bella criatura

159 1119 443 67 todo parece á su padre.

205 1212 456 52 Son capaces las mugeres

159 1251 485 63 con las trazas que se dan,

152 1291 480 69 parar un barco á la vela

163 1335 431 71 y amarrar al Capitán.

203 1429 492 57 No importa que te lo diga

157 1469 370 65 para tenerte afición

159 1511 441 63 si eres mi restauración

157 1559 485 63 prenda del alma querida:

154 1601 444 61 lo que me resta de vida

154 1647 428 56 tendré finos pareceres

157 1687 479 75 no le afirmo que le fueres

902 242 490 78 y has de tenor entendido,

900 286 400 65 pero bastante te digo

900 334 465 57 son capaces las mugeres.

942 378 469 65 Luego lomas la mantilla

900 412 421 71 dices que á visitas vas

900 464 498 65 y á donde sueles marchar

898 506 433 61 donde tienes una silla;

898 554 521 59 que siempre está prevenida

898 592 458 67 para la que quiere usar

898 636 456 75 lo que V. puede pensar,

896 686 598 67 que esas son gatos que aruñan

894 722 500 71 y se agarran con las uñas

889 774 503 65 por las trazas que se dan.

891 845 407 78 de lujo y de vanidad,

933 810 419 69 Hay algunas casaditas

891 908 551 57 que también suelen marchar

891 948 436 71 á cumplir estas visitas;

889 990 396 62 allí se está sentadita

889 1025 543 76 brindándose con cualquiera,,

891 1080 425 62 y si este tiene moneda

889 1122 442 67 lo procuran desplumar,

889 1165 375 67 y sin saber navegar

885 1209 484 67 paran un vareo á la vela.

931 1253 492 63 Hay otras mas tunantonas

889 1297 543 72 que á tu lado siempre están»

887 1339 436 69 si ven plata que gastar

887 1385 450 63 todo se les proporciona:

887 1433 429 59 ehachito mió, perdona

887 1471 452 73 te dice con mucho afan

889 1517 354 67 y luego te dejarán

885 1559 494 73 cuando no tengas dinero,

885 1609 404 63 prenden al marinero

887 1649 406 84 y amarran al Capitán.

776 1940 172 103 FIN.

678 2164 398 105 CARMONA:— 1855 .

278 2246 1164 92 Imprenta de D. José María Moreno, Descalzas núm. f.
