1737 2508
181 873 1204 130 COPLAS GLOSADAS

537 996 501 65 EN DECIMAS Y RFK

1201 148 268 83 (Num. 269.)

526 1222 529 57 Si por querer á otro quieres

480 1256 468 69 que yo la muerte reciba,

487 1312 376 54 hágase tu voluntad,

484 1350 533 71 muera yo, porque otro viva.

121 1383 503 69 Ingrata, cruel, homicida,

85 1444 458 64 pido ni Cielo con enojos

89 1481 483 63 muerta le vean mis ojos,

89 1525 500 63 con seis velas encendidas;

87 1567 487 73 pero no, que eres mi vida

89 1617 460 65 y dueña de mis haberes;

87 1661 496 67 goza, pues de tus placeres

91 1703 523 58 con el que mas te merezca,

89 1745 450 67 y sea yo el que padezca

89 1782 531 71 si por querer á otro quieres.

135 1830 527 65 Por tu infamia y tu maldad,

91 1881 510 56 falsa, alevosa, inconstante,

96 1922 432 61 á puñaladas tu amante,

94 1968 388 55 el alma te arrancara;

94 2004 472 69 pero no, que es impiedad

91 2054 442 63 que tu beldad aperciba

96 2094 449 62 tal pena y dolor reciba,

96 2142 453 65 viva tu hermosa beldad,

100 2186 412 62 y pues mas razon será

98 2221 453 82 que yo la muerte reciba.

852 1398 456 52 Si me matáran los celos

813 1437 518 57 viéndote en agenos brazos,

813 1475 487 61 estrechada en otros lazos,

817 1525 443 61 un rayo caiga del cielo:

817 1557 562 69 mas no, que eres mi consuelo

819 1607 422 65 y te adoro con lealtad;

815 1649 472 62 cuando tú con impiedad,

817 1694 472 65 me das pesar tan injusto,

817 1738 531 65 mas si matarme es tu gusto

815 1780 374 65 hayase tu voluntad.

865 1830 384 55 En fin, hechizo leal,

821 1868 493 63 cuando aspiro á tu desden,

819 1912 468 63 he de morir yo tambien,

821 1964 458 52 siendo causa de mi mal,

821 1998 489 62 muera al filo de un puñal;

823 2041 502 65 no, dama, no sé homicida;

819 2092 441 58 pues me privara la vida

821 2131 424 61 herida tan penetrante,

823 2173 567 65 vive, mi bien, con tu amante,

819 2215 535 79 muera yo, porque otro viva.
