1765 2512
295 186 23 67 6

600 1651 559 111 TERCERA PARTE.

213 1785 366 55 Habiéndose despedido

175 1823 344 54 de la discreta Sultana

173 1858 442 61 aquellos cuatro Cristianos,

173 1900 484 61 que en la otra segunda plana

176 1952 384 43 dije que la defendieron,

175 1984 402 54 dejando limpia su fama,

173 2020 442 56 dando muerte á los aleves,

173 2053 444 63 que traidores le infamaban

173 2099 446 61 y haciendo que por su boca

173 2139 383 56 esta verdad declararan:

173 2174 406 59 quedó esta noble señora

173 2214 425 63 muy triste y desconsolada,

173 2256 484 57 sintiendo mucho su ausencia;

173 2288 388 85 y al verse tan obligada,

906 226 402 75 un puñal, y en el sobaco

171 244 436 53 y cuando lo tuvo á trecho,

169 276 410 65 alzando brazo y espada,

904 280 362 61 repitió dos puñaladas;

175 322 360 56 tan recio golpe le dió,

891 309 436 71 y el Moro muy mal herido

906 360 360 58 furioso sacó una daga

173 355 423 65 que corló casco y adarga,

171 395 364 65 y parte de la cabeza.

900 404 406 56 para herirle y no podía,

169 424 530 76 Cayó el Moro ardiendo en rabia,

900 437 439 57 por ser la hoja muy ancha.

902 483 358 48 Tercera vez el Alcaide

171 477 482 58 y volviendo en pie á ponerse,

171 514 367 59 le dió con la cimitarra

906 525 381 52 le metió pof una lujada

171 561 463 54 á don Manuel en el hombro,

902 558 400 53 el puñal, y cayó el Moro:

169 602 467 55 pero no le ofendió en nada;

902 594 421 63 y alli antes que acabara,

171 640 427 52 y alzando el invicto brazo,

904 638 435 52 puesta la rodilla al pecho,

171 674 444 62 le dió tan gran cuchillada,

906 680 379 54 le obligó que confesara

902 711 454 65 la traición, y que los Jueces

169 713 408 59 que la cabeza le hundió

171 751 406 59 hasta cerca de la barba.

902 751 385 61 viesen loque declaraba.

171 799 423 52 Al instante cayó el Moro,

902 799 437 52 De parte pues de la Reina

908 831 438 60 mil instrumentos sonaban

167 831 429 62 y alli sin remedio acaba:

171 868 404 61 alzó don Manuel los ojos,

896 877 389 52 en señal de la victoria.

171 912 503 61 y á Dios le rindió mil gracias,

902 910 463 63 Muza se fue en su compaña

175 956 436 50 y montando en su caballo,

904 952 341 54 por el Zacatín arriba,

167 988 467 60 fue á donde los dos estaban.

902 994 387 52 é iban haciéndole salva

171 1029 358 61 El Alcaide y el Zegrí,

902 1027 425 59 los muy sonoros clarines,

171 1075 563 55 blandiendo entrambos las lanzas,

902 1065 444 61 hasta llegar á la Alhambra.

171 1109 463 56 se encontraron los caballos,

904 1111 404 57 Alli fueron bien curados;

904 1142 354 65 la Reina los visitaba,

175 1149 402 58 y los dos á tierra saltan,

904 1186 425 63 rindiéndoles mil aplausos,

173 1184 444 65 y con la espada en la mano

173 1230 402 49 empiezan nueva batalla.

906 1228 362 55 y la siguiente mañana

173 1270 499 63 Viendo el Moro que el Alcaide

904 1266 461 61 marcharon, por ser preciso,

171 1299 308 63 no le cedia ventaja,

906 1308 360 58 y alegre toda Granada

173 1348 482 52 muy confiado en sus fuerzas,

906 1352 402 54 con rendidas espresiones

904 1379 304 57 el valor victoreaba

171 1383 427 59 porque eran agigantadas,

171 1427 436 52 se abruzó con el Cristiano,

904 1410 427 72 de los turcos mas bizarros

173 1461 459 60 y un grande ralo luchaban,

173 1505 484 56 cuando el muy astuto Alcayde

902 1465 463 58 en la acción mas arriesgada.

904 1509 385 46 Y en otra tercera parte

171 1546 408 72 se acordo de que llevaba

906 1536 402 75 se dirá lo que aqui falta.

902 1781 310 56 agradecida quisiera

904 1825 442 52 el partirse en su compaña,

904 1858 306 63 para recibir gozosa

904 1902 423 51 con el bautismo la gracia.

904 1938 425 59 Tres años con desconsuelo

902 1976 385 56 vivió, por verse privada

904 2013 425 59 de este favor, basta tanto

902 2053 525 61 que el cielo abrió puerta franca

906 2091 362 60 á sus vivas diligencias,

904 2133 383 56 porque el deseo lograra.

904 2172 387 57 El Campeón invencible

906 2210 318 61 y Católico Monarca

904 2252 505 59 don Fernando, que ahora mora

906 2292 404 75 entre angélicas escuadras
