1765 2512
127 297 34 60 8

79 349 544 59 para esta noche á las doce

81 387 545 73 vendrás, dueño mio, solo,

81 439 515 65 y en una reja que tiene

79 494 563 60 dos palmos, estarás pronto

77 535 469 69 en hacer alguna seña,

81 579 603 69 que este es mi retiro propio,

85 636 564 65 y una cuerda de diez varas

75 678 576 65 has de traer que es forzoso

79 730 477 67 bajar desde una azotea,

83 774 674 88 que aunque el paso es peligroso,

83 833 404 65 atropellaré peligros

81 875 542 64 porque tú seas mi esposo.

75 921 525 69 No dijo mas, y con esto,

79 977 486 57 señores quedé tan loco,

81 1019 530 69 que no llegué á presumir

77 1073 467 63 si era mio tanto gozo.

85 1117 509 65 Tocó el reloj à las doce,

81 1161 442 65 tomè la calle brioso,

79 1209 611 76 llegué al postigo y tocando,

83 1272 570 53 con pasos muy presurosos

79 1316 534 61 salió Rosaura y me dijo:

83 1366 528 61 amante y querido esposo,

79 1406 551 67 recibe esta ropa y dame

83 1459 586 67 la cuerda, y disela pronto.

81 1509 463 58 Aseguróla, y bajando

77 1549 553 64 con un denuedo animoso,

85 1605 547 57 recibiéndola en los brazos

87 1649 486 69 tomé la calle animoso.

797 341 586 65 El placer que aquella noche

801 391 511 63 tuve, nótele el curioso.

799 441 484 65 Al siguiente dia salgo

801 479 515 71 con un ingenio mañoso,

803 531 522 67 en un coche que pasaba

806 579 510 67 á Córdoba, la acomodo,

806 625 485 65 donde iba un caballero

806 676 506 71 y una señora, gustosos

806 724 536 69 de haber un pleito ganado

801 776 520 63 nos recibieron gustosos

808 826 504 65 y Rosaura á los señores

810 881 469 61 contó su suceso todo.

808 916 508 72 A su casa nos llevaron,

808 962 605 76 y en persona pasó él propio,

801 1015 605 84 dió cuenta al Señor Obispo:

806 1069 490 67 pero el pastor animoso

806 1109 590 71 mandó que nos desposaran,

812 1161 484 67 y lo ejecutaron pronto,

816 1205 549 76 y componiendo las partes

816 1264 532 75 quedaron todos gustosos.

820 1306 524 65 Y porque de los oyentes

808 1350 515 69 habrá algunos deseosos

806 1402 557 67 de saber mi nombre, digo

814 1456 519 61 que me llamo D. Antonio

810 1498 486 65 de Narvaez y me obligo

806 1549 479 71 para servirlos á todos,

812 1588 578 80 porque perdonen mis faltas

818 1641 614 73 y yerros que no habrá pocos.

663 1886 256 165 FIN.

607 2168 397 71 CARMONA:—1858.

169 2214 1256 88 Imp. de D. José M. Moreno, calle Juan de la Cabra núm. 4.
