1737 2508
129 277 617 97 aunque con bastante miedo,

106 346 610 72 por si se armaba camorra:

131 401 703 77 cuando Dios, y en hora buena,

133 451 686 75 veo, que un hombre con sorna

129 514 456 58 á la una de las dos,

133 558 575 77 le dijo, con mucha prosa:

137 606 492 81 Señora, querida mia,

135 666 604 73 yo he de acompañar ahora,

140 710 616 77 sin que nadie me lo impida,

135 773 542 65 á vuestra noble persona:

137 817 634 75 yo entonces me quedé elado,

137 871 611 71 viendo entre manos la cosa,

135 927 709 76 con mas miedo, que vergüenza,

135 980 544 69 le dije con la voz ronca,

129 1036 548 71 cada cual á su negocio,

133 1088 596 61 si no quiere usté camorra:

131 1145 579 60 respondió muy mesurado,

135 1199 508 57 haciendo la socarrona,

148 1251 491 59 vayase muy noramala

146 1295 504 76 el so patas de pistolas,

131 1350 562 69 que si le doy un sopapo,

150 1394 652 85 ha de ir à Teluan por Monas,

142 1450 685 79 quien le mete á èl so canique,

140 1506 589 69 con esas barbas de Mona,

156 1569 506 59 cara de caranta maula,

152 1611 424 65 narices de paviota,

154 1655 644 77 en guardar Damas de Corte?

148 1722 656 62 Mire usted, que cosi, y cosa,

148 1774 681 67 que si le agarro en mis manos

152 1820 627 69 le he de echar como pelota.

146 1874 591 63 Yo viendome en lance tal,

160 1924 556 82 le dije, de aquesta forma,

154 1981 627 69 vaya el muy desvergonzado,

148 2039 623 65 que es un picaro sin honra:

144 2085 587 73 asi que oyó estas razones,

156 2138 682 73 me embistió, como una Onza,

148 2188 575 98 y á palos, y á punta pies,

850 265 556 86 bajé con grande zozobra

857 334 541 79 por el genchidero abajo,

857 384 541 71 me llevaba de tal forma,

859 428 691 86 que huyendo por los Pelambres

859 491 570 79 y él detras dandome soga

859 547 608 63 caí en un pozo de aquellos;

848 593 592 79 él se escapò, como Mosca,

854 654 492 64 y dando una risotada,

861 698 572 69 dijo: Dios te de su Gloria.

867 750 546 75 Yo me puse chorreando,

867 815 500 66 todito hecho una sopa,

869 869 449 58 no era esto lo peor,

873 909 634 77 sino que el agua está honda,

875 971 552 57 y yo no alcanzaba arriba

859 1017 556 78 á agarrarme de la boca,

875 1074 540 71 conque todo era arañar,

871 1132 496 65 y gatear como mona:

877 1170 607 73 en fin, yo ya iba subiendo,

877 1233 571 71 y al echar mano á la boca

877 1274 636 78 me escurri, y caí de espaldas

882 1337 524 71 otra vez sobre la broza,

871 1389 483 65 me encaniculé todito,

882 1433 616 78 pelo, barba, y á un la boca:

873 1488 560 69 de veras clamaba á Dios,

884 1546 608 67 que el estoraque me ahoga,

882 1596 691 84 vino un hombre, que fuéun Angel

869 1651 521 73 me sacó con una soga,

879 1699 586 79 yo le di cuatro mil gracias,

877 1755 577 75 me dijo, vaya usted ahora

884 1816 514 60 á su casa á desnudarse,

875 1864 485 62 lavese bien esa ropa;

875 1908 481 75 llenito todo de caldo,

884 1960 547 71 y chorreando la esponja,

877 2010 561 75 he llegado hasta mi Casa,

886 2071 621 62 dejando rastro, y á un soga.

886 2121 627 73 Esta es mi historia, Señores,

882 2179 614 76 Señoras, esta es mi historia,
