1737 2508
888 1993 136 84 FIN.

213 248 434 63 y espera tristeza miles,

211 294 564 65 ¡a que llegue á veinte obriles,

209 334 466 67 y no le saliere un novio.

255 384 432 56 Cuando tal linea tocase

211 409 497 77 la muger, y mas si es fea,

206 466 527 62 que no piense, que no crea»

211 512 430 60 en su vida desposarse;

211 560 541 58 muy bien puede lamentarse

213 595 430 63 las delicias suspirando

209 639 497 65 ya para ellas contrabando,

213 693 514 55 ya aquella arquita secreta

215 731 460 63 llave y cerraja completa

215 773 470 60 bien le puede ir echando.

259 829 510 50 No hay remedio, concidero

213 861 497 64 que ha nacido desgraciada

211 907 447 66 si nadie la quiere nada,

209 950 572 65 que consige ella? ¿que quiere?

211 999 462 64 aumentar sus padeceres,

211 1036 418 69 vivir en un pulgatorio,

215 1084 516 61 no haga un castillo ilusorio

213 1130 401 61 allá en su imaginacio

215 1172 432 63 y eche con resignación

213 1216 480 65 una llave á su escritorio.

495 1306 129 65 OTRAS

261 1398 508 56 Tengo quince, me acomoda

211 1440 413 58 es preciso madre mia,

211 1481 418 59 el mundo se acabaría,

211 1519 516 67 si como usted fuesen todas.

259 1615 485 59 Yo no quito que una niña

213 1657 493 63 guarde su punto y decoro,

209 1707 510 56 por que esta prenda de oro

211 1747 472 65 á cualquier muger aliña;

215 1789 458 73 pero estraño se me riña

936 252 566 65 porque anhele el pan de boda

936 290 566 65 si, ya la edad me incomoda....

934 340 577 63 casarme antes que abrazarme,

936 380 500 58 usted no debe privarme...,.

940 424 537 65 tengo quince, y me acomoda.

982 478 522 48 Yo siento aca un comenzon

938 505 512 71 que por dentro me aniquila

940 560 518 67 voy quedando cual anguila,

942 604 353 62 y mi triste corazón

938 643 531 67 siempre esta en egitaekm...

940 687 422 65 esta grande pena mia,

944 741 356 53 creo que la curaría

942 773 491 67 El cura, con mi Pepito....

944 825 481 61 no hay remedio, lo rapito,

944 869 412 58 es preciso, madre mia.

986 915 516 56 Madre, en el mundo entero

942 957 477 62 cada cual vá á su pareja,

944 996 454 65 esta es una ley tan vieja

944 1038 443 61 como su fin verdadero;

942 1082 510 65 es claro, yo á Pepe quiero,

942 1128 452 65 Juanito quiere á María,

942 1172 391 69 Eduardo á Estefanía,

946 1218 364 63 y Manolito á Isabel,

944 1256 435 66 sin esta inclinación fiel

944 1310 416 58 el mundo se acabaría.

986 1354 427 58 Usted no se vá á casar,

940 1389 523 67 que soy yo madre querida,

940 1433 483 67 y es para toda mi vida;

942 1481 445 63 luego está muy regular

938 1523 585 67 que á mi me ha de acomodar;

942 1571 420 65 y Pepito me acomoda,

942 1609 504 63 el cuerpo me pide boda...

942 1655 573 69 y usted querrá madre amada.,

942 1701 529 62 no hubiera hija desgraciada

940 1759 514 82 si como usted fuesen todas.

731 2221 389 65 CARMONA:—1855.

336 2267 1168 75 Imprenta de D. José María Moreno, Descalzas, nitro. 4.
