1765 2512
154 265 482 72 los que quedaron, huyeron,

161 324 469 54 que el miedo les acobarda;

154 362 436 58 y despaché así á Pelagio,

152 406 419 50 sin que nada le faltára.

165 439 417 59 Y caminando á Morales,

152 477 354 63 puse pública aduana

161 514 431 61 de tabaco, vino y carne,

159 558 416 61 de pólvora y de barajas.

161 596 433 65 A los presos los liberto,

159 644 464 55 y socorro al que me llama.

154 674 390 62 Dígalo la real Sevilla.

167 722 486 52 cuando un jueves de mañana

163 755 471 59 iban á ahorcar á un hombre,

157 795 383 63 y compasivas lloraban

159 826 458 65 dos mujeres en sus calles,

163 870 496 61 les pregunte: qué es la causa

157 910 479 59 de vuestra grande aflicción?

163 952 458 54 Y al punto me replicaban:

159 990 502 62 hoy le dan muerte á mi padre,

161 1034 418 56 quedamos desamparadas;

159 1067 521 65 porque un hombre mató á otro,

163 1113 412 57 el agresor se ausentaba,

169 1153 379 52 y el escribano traidor

171 1201 425 44 á mi padre se la carga;

167 1230 373 57 les dije se retirasen,

159 1270 441 57 y previniendo las armas,

165 1308 473 61 al punto me fui á la cárcel,

169 1352 440 54 donde el secretario estaba

173 1389 411 63 para dar fé y testimonio

175 1436 453 50 de sus letras mal fundadas;

173 1471 383 59 y vide sacar al pobre,

169 1503 500 64 que los padres le auxiliaban,

169 1553 500 52 caminando hacia el suplicio,

171 1590 444 59 y llegándome á la escala,

173 1628 360 57 les hice allí detener,

169 1666 410 61 y al escribano llamaba:

177 1706 430 56 ven acá, hombre infeliz,,

177 1741 480 59 condenado y de mal alma,

177 1785 398 59 cómo por tu culpa dan

173 1817 534 60 muerte al que no tiene causa?

180 1863 464 62 Me respondió: del Consejo

180 1902 406 59 que tal justicia se haga,

175 1942 360 55 ha salido decretado.

182 1978 420 63 Y desnudando la espada,

180 2022 326 58 la cabeza le corté

186 2061 454 57 dejando el cuerpo sin alma.

184 2099 339 61 Pedian favor al Rey

180 2131 479 67 los soldados de la guardia,

171 2183 408 56 y brioso con mi acero

188 2221 371 56 despejé toda la plaza,

186 2254 452 63 donde hice doce muertes,

188 2294 488 63 otros las piernas quebradas;

182 2334 529 67 metí el reo en san Francisco,

184 2386 477 50 sin que nadie lo estorvara.

885 253 434 79 Y caminando á mi tierra,

883 311 379 61 hallé mi casa cercada

883 357 517 57 de un gran cordon de soldados,

881 397 444 55 que con órden de la Sala

889 431 390 60 venian para prenderme,

881 471 521 62 vivo ó muerto me entregaran;

875 512 416 61 y viéndome ya perdido,

889 556 469 53 echando mano á las armas,

889 590 419 58 los aventé como moscas,

885 634 423 56 que salen desperdigadas.

879 674 496 56 A este tiempo en Cataluña,

885 713 440 53 en su eminente montaña,

883 749 490 54 andaban cuarenta hombres,

887 793 400 54 que robaban y mataban

885 835 381 50 á todos los pasageros,

885 860 486 65 y á muchos pueblos asaltan.

900 906 370 61 Tenían órden del rey,

887 944 482 62 que aquel término cercaran,

889 981 461 69 y prendiéndoles, en horcas

887 1027 446 57 pongan en públicas plazas;

896 1073 389 53 y el señor gobernador

891 1103 421 60 no pudo adelantar nada.

885 1142 469 61 porque los dichos ladrones

894 1189 397 54 alguna gente le matan.

894 1230 402 53 A la ciudad se volvió,

894 1258 508 60 y al punto escribió una carta,

889 1304 497 54 dando parte á don Rodulfo,

891 1341 425 55 diciéndole que esperaba,

900 1383 370 53 no se dilate en venir,

902 1421 408 56 que le dá firme palabra

898 1459 481 56 de ser su padrino en todo.

900 1498 463 65 Y sin temer mi desgracia,

902 1549 362 48 en un ligero caballo,

902 1584 394 52 cual águila que volaba,

902 1607 494 67 llegué á los montes de Berga,

896 1657 477 65 y el marqués de Huelva pasa

902 1703 496 51 con su esposa y sus dos hijas,

902 1735 394 61 mayordomo y criadas:

906 1783 402 52 salieron ocho ladrones,

904 1821 412 56 y á todos los maniatan:

902 1848 458 65 quieren violar la marquesa,

902 1896 475 61 y aquellas doncellas castas,

902 1938 456 48 en presencia del marqués:

912 1974 465 56 por socorro al cielo claman.

908 2001 534 75 Fui corriendo á estos lamentos:

906 2055 469 61 y antes que á ellos llegára,

902 2097 327 57 me salen á recibir

906 2137 410 56 con escopetas cargadas,

908 2166 457 61 diciendo: quien viene allá?

914 2210 469 59 Les dí la respuesta en balas;

910 2252 461 56 de los ocho maté á cinco,

912 2300 436 50 y los otros tres con álas,

917 2327 389 63 fiados en sus caballos,

906 2373 402 67 y con fuga apresurada,
