1765 2512
192 213 343 71 y sin poderse valer,

205 255 402 63 les quitó todas las armas:

194 295 415 69 hice acudir los soldados,

198 341 425 58 y con sogas los amarran ,

194 380 402 65 y antes que fuera de dia,

196 420 350 61 tomamos la caminata

198 456 358 63 de vuelta á Barcelona,

198 500 409 61 y un soldado se adelanta,

198 540 381 56 diciendo al gobernador;

190 571 482 67 desde que España es España,

188 617 513 63 no hubo hombre mas valiente,

194 657 421 56 ni de mas heróica hazaña;

186 694 475 70 él solo prendió los hombres,

190 741 412 58 sin que nadie le ayudara.

192 774 402 61 Victorioso con mi presa,

186 816 419 61 al conde se la entregaba,

188 851 364 59 en ocasion que venian

190 893 394 59 los soldados de la playa,

182 935 418 55 y á su escelencia dijeron:

184 975 351 54 de turcos una fragata

186 1008 465 82 á otra que era de cristianos

180 1057 364 58 se la llevan apresada,

177 1096 363 51 y aprisa pide socorro.

177 1126 423 63 Muy suspenso se quedaba

173 1165 413 65 al oirlo: y dijo entonces;

182 1207 515 61 mande vuescencia que una barca

175 1249 461 71 me fleten, y unos soldados,

173 1293 425 57 y veran cortar mi espada

184 1333 383 56 cabezas de los paganos,

173 1371 411 54 si el cielo me dá ventaja

177 1410 358 53 en poderles alcanzar;

171 1450 392 55 y al punto se ejecutaba.

175 1490 415 61 Con valor los marineros

169 1532 410 48 y con cuidado remaban,

177 1570 367 54 hasta llegar á abordar,

173 1613 390 53 y saltando en la fragata,

169 1651 444 52 cortando brazos y arneces

171 1689 358 50 sus cabezas derribaba.

171 1722 377 61 Veinte moros les maté,

159 1762 452 59 sin que agravio me tocara;

169 1806 387 57 y viéndose mal heridos,

165 1844 414 86 todos soltaron las armas,

921 213 423 80 diciendo noble cristiano,

921 278 439 56 cese el rigor de tu espada.

919 311 433 63 Desembarcamos en tierra,

917 351 435 65 nos hicieron grande salva,

917 393 399 52 y los cautivos cristianos

914 427 453 64 por mi la victoria aclaman.

912 473 369 56 Alegres los caballeros

912 500 488 81 y el gobernador, me abrazan;

914 552 382 61 y luego al siguiente dia

912 592 352 50 se dispuso la jornada

910 632 354 54 á la córte de Madrid

908 665 379 59 á contarle las hazañas

910 709 371 61 de mi valor invencible

900 751 349 54 al Católico Monarca.

906 780 526 76 Mandóme el Rey entrar dentro,

910 831 406 56 y asi que llegué á la sala,

904 860 406 67 hincándome de rodillas,

900 906 483 63 me preguntó por mi patria.

902 944 419 60 Soy de Morales del Rey,

910 983 434 57 y venero vuestras plantas.

906 1019 398 61 Generoso me responde:

908 1063 438 63 ya es Morales de Pedrajas,

906 1107 427 52 y marqués de Santa Cruz,

896 1140 467 74 conde insigne do la Habana,

898 1184 374 55 de Méjico gran Virey,

898 1224 389 59 y general de las armas,

898 1266 385 52 caballero comandante.

898 1295 479 71 Con doña alberta Constanza

900 1343 421 53 es mi gusto que os caseis:

891 1381 459 50 en breve los desposaban.

894 1410 469 78 Su magestad la dió un dote,

894 1459 366 54 el manto que cobijaba

898 1498 360 55 con él liberte los reos

898 1534 441 59 que tengan algunas causas.

891 1574 432 65 Puestos á los pies del Rey

889 1620 448 54 rinden las debidas gracias,

885 1653 454 67 viviendo los dos consortes

891 1697 398 53 con union y paz amada,

889 1739 394 54 dando envidias al valor,

894 1777 399 63 y asunto noble á la fama.

894 1810 460 59 Y aquí Juan Antonio Lopez

879 1852 454 88 pide perdon de sus faltas.

820 2070 82 65 FIN.

659 2233 398 94 CARMONA:—1856.

226 2302 1262 76 Imprenta de D. José M.a Moreno, calle Juan de la Cabra n.° 5.
