1737 2508
225 223 500 69 Mi marido fué á las Indias,

177 273 416 65 por acrecer su caudal;

181 319 435 63 trajo mucho que decir,

179 357 412 77 pero poco que contar.

229 407 456 59 Yo me llamo Poca pena,,

181 447 437 73 pariente de Mala gana,

186 489 382 71 y por apellido tengo,

188 537 445 62 á mi no se me dá nada.

229 585 471 54 Cuando salgo de mi casa,

186 627 499 60 mi madre se echa á llorar;

190 668 441 69 ¡qué lástima de mi niño

186 704 482 75 que me lo van á engañar!

232 754 461 65 En la calle no sé donde,

190 802 485 59 mataron yo no sé á quien:

192 844 449 65 el vivo cayó en el suelo,

192 892 491 63 el muerto apretó á correr.

238 936 481 58 Niña de los veinte novios,

194 982 502 58 Que con ninguno te casas.

196 1022 481 64 Si te guardas para un rey

198 1070 422 60 Cuatro tiene la baraja.

244 1116 491 58 Cuando paso por tu puerta

202 1157 548 59 Compro pan y voy comiendo,

198 1201 481 63 Porque no diga tu madre

200 1245 516 65 Que del aire me mantengo.

246 1287 368 63 Eres avellana vana,

206 1335 431 61 Eres almendro sin flor,

206 1379 416 58 Eres rosal sin capullo,

204 1423 375 65 Eres clavel sin olor.

250 1471 464 58 Niña de los veinte novios

209 1513 464 58 Y conmigo veinte y uno;

211 1561 390 56 Si todos son como yo

204 1596 506 65 Nunca has tenido ninguno.

257 1646 455 57 En frente del sol saliente

211 1686 445 63 tiene mi niña el balcón;

211 1736 445 59 sale el sol, sale mi niña

209 1772 424 69 salen mi niña y el sol.

257 1824 413 59 Eres hermana del sol,

213 1868 501 65 prima hermana de la luna,

211 1914 416 61 sobrina del alabastro,

217 1958 487 56 de el alba prima segunda.

261 2000 493 60 Una estrella se ha perdido

217 2048 441 62 y en el cielo no parece,

219 2092 487 60 en tu cuarto se ha metido

219 2133 481 67 y en tu cara resplandece.

265 2181 418 55 Para guisar esta liebre

225 2221 368 63 solo me falta la sal;

227 2261 464 65 ustéd que de sobra tiene

227 2301 506 83 ¿me la quiere usté prestar?

940 213 406 60 Desde que V. se pasea

894 252 437 71 por las calles del lugar,

898 305 387 62 está perdida la venta

898 338 435 73 de las cañas de pescar.

942 390 412 61 Compañerita del alma

898 428 439 73 ¿por donde caminas tú?

898 474 435 69 yo camino por la arena

900 518 402 73 y tú por el cielo azul.

944 568 519 61 Cuando me dieron la nueva

902 616 477 59 de que tú no me querías,

900 652 492 62 se me quedó el corazón...

905 704 420 58 lo mismo que le tenia.

951 746 390 58 El amor que te tenia

911 790 428 62 lo metí en un agujero,

909 831 422 63 y como vino el verano

907 873 535 69 las chinches se lo comieron.

955 919 512 65 Está tu imágen que admiro

909 969 435 59 tan pegada á mi deseo,

905 1005 466 65 que si al espejo me miro

911 1059 458 54 en ver de verme, le veo.

955 1095 447 64 Te pintaré en un cantar

915 1145 477 58 la rueda de la existencia,

915 1180 435 74 pecar, hacer penitencia

917 1233 481 66 y luego vuelta á empezar.

963 1276 541 57 Por mucho que el tren corría

921 1320 544 61 corre tanto un «yo te adoro,»

915 1364 506 61 que era tuya en Valdemoro

917 1412 502 61 y en Aranjuez ya eras mia.

967 1454 347 59 Ni contigo ni sin tí

923 1494 496 63 hallan mis penas remedio,

921 1542 483 56 contigo porque me matas

921 1584 510 67 y sin tí, porque me muero.

969 1628 638 62 Nunca aunque estés quejumbrosa,

930 1680 501 56 tus quejas puedo escuchar,

925 1713 550 69 pues como eres tan hermosa,

928 1761 505 61 no le oigo, te miro hablar.

957 1803 537 67 Dios, que nos crió á los dos,

930 1853 579 65 podrá hacer que yo me muera,

932 1899 543 61 pero hacer que no te quiera,

934 1943 554 59 Dios podría... porque es Dios.

976 1987 468 63 Las malas son esas penas

932 2027 547 63 que sin matar nos maltratan;

934 2079 579 56 las que de un golpe nos matan,

936 2119 500 56 esas sí que son las buenas.

986 2163 443 62 A una piedra de la calle

942 2209 381 58 la contaba mi dolor,

946 2255 370 56 ¡mira lo que la diría

940 2286 437 81 que la piedra se partió!

1467 158 19 65 o
