1648 2404
120 218 435 62 Una corona le trazan

120 262 555 74 con setenta y dos espinas,

118 312 483 66 traspasando su cerebro

116 362 529 64 aquellas puntas malignas.

116 408 507 66 Amarrado á una columna

114 460 627 66 el que es la inocencia misma,

116 502 507 72 seis verdugos lo azotaron

116 552 381 67 con rigor y tiranía.

112 605 505 64 Con ramales y con varas,

110 647 509 70 garfios, cadenas impías,

112 699 557 72 cinco mil golpes le dieron,

112 751 505 62 que los huesos se veian.

112 787 473 76 Lastimóse de él Pilato,

112 841 451 68 y por ver si les movia

108 885 509 76 á un balcón asi le asoma,

108 933 461 70 y Ese Homo les decía,

108 973 607 82 tened piedad de este hombre.

106 1031 633 72 Y el vil pueblo á una voz grita:

106 1077 585 78 crucifícale, á qué aguardas?

106 1125 463 74 Por librarle, proponía

106 1189 485 51 debía soltar á un preso

106 1222 557 78 por la Pascua, y le pedian,

106 1272 559 72 que á Barrabas les soltase,

110 1328 503 62 y que si asi no lo hacia

106 1380 481 50 era enemigo del César.

106 1422 529 72 Viendo tal mortal envidia,

106 1468 507 66 lavadas antes sus manos

102 1512 557 72 esta cruel sentencia firma;

98 1566 609 68 que en una Cruz muera Cristo.

102 1612 487 68 A cuestas se la ponían,

102 1658 583 78 y moviéndole á empellones,

104 1710 409 68 á pocos pasos caía.

100 1758 559 69 Los pregoneros clamaban,

102 1809 507 68 y sus clamores decian:

98 1861 537 64 ya viene el sacro Cordero

100 1901 537 68 á ofrecer muerte por vida.

100 1961 607 62 Cayó en tierra por tres veces,

104 1997 485 72 y una muger compasiva

104 2053 481 58 con la toca que llevaba

100 2103 533 60 su rostro sagrado limpia.

100 2139 503 76 Llegó Cristo (qué dolor!)

100 2191 483 74 al Calvario (qué fatiga!)

844 226 525 68 donde los crudos sayones

844 270 511 70 las vestiduras le quitan.

842 314 583 82 Tienden la cruz en el suelo,

842 366 483 74 y tres barrenos le fijan

840 418 465 66 enclavando su persona

840 466 583 74 con tres clavos (qué agonía!)

838 510 459 70 Le levantaron en alto,

840 560 481 67 y cuando ansioso dccia;

838 611 607 72 tener sed, aun por mas penas,

842 653 553 76 hiel y vinagre le aplican.

836 701 559 78 Dos ladrones le acompañan,

838 751 386 72 y el paraíso ofrecia

836 799 487 68 al que pidió se acordaso

836 853 585 68 cuando en su reino estaría.

832 893 537 76 En las manos de su Padre

834 939 509 72 Cristo su Espíritu envía;

836 985 509 82 luega inclinó la cabeza,

834 1041 485 70 en señal de que moria;

838 1093 613 72 peñas y aun montes sé parten,

838 1137 531 73 el sol y luna se eclipsan.

834 1181 489 77 Para mas mofa trageron

834 1230 531 78 á Longínos, que no veia,

836 1286 455 64 y dándole una lanzada,

830 1330 402 72 el corazón le partía;

832 1380 533 64 de él salió sangro y agua

830 1426 531 72 con que recobró la vista;

832 1478 505 68 y reconociendo el yerro,

830 1520 507 72 llorando el perdón pedia.

830 1570 509 74 El cuerpo pidió á Pilalo,

830 1620 342 58 José Abarimatia,

830 1670 505 70 Nicodemus y él lo bajan,

834 1716 429 66 y tristes lo depositan

828 1758 581 79 en los brazos de su Madre,

830 1807 481 74 que estaba casi sin vida;

832 1861 529 70 todo lo insensible siente

830 1905 429 72 viendo llorar á María.

826 1963 505 64 A la tarde lo enterraron,

830 2009 453 66 y el domingo resusita,

828 2061 479 60 para subirse á la gloria,

826 2099 483 70 la cual tiene prometida

826 2155 555 62 á quien su ley y preceptos

826 2195 479 66 observase en esta vida.

108 2291 1399 76 CARMONA;—1856. Imp. de D. J. M. M. calle Juan de la Cabra n.
