1737 2508
225 284 615 67 quiero la hereden los sastres,

957 296 497 63 porque la codicia infame

223 330 581 67 porque sus desastres quiero.

951 334 614 77 me ha traído á este despecho.

221 374 489 66 También á los tejedores

951 395 545 66 No seré solo en el mundo,

221 432 638 63 con trama y urdiembre premio,

951 436 645 76 que por quien soy Ies prometo,

219 470 617 75 que yo, mas que de tramarlas,

948 482 579 67 que ciegos me han de seguir

219 518 479 69 supe derramar enredos.

948 530 561 69 millares de entrega y beso.

219 576 468 57 La horma de mi zapato

946 585 487 67 Asi obrarán los Judillas,

217 620 568 65 se entregue á los zaapteros.

946 629 682 75 que han de ir mis pasos siguiendo,

221 670 673 71 que aunque tiene veinte puntos,

944 672 423 72 que por el vil interés

217 712 456 65 es el punto para ellos.

944 731 544 59 venderán su padre mesmo.

215 767 493 62 Cuatro cordeles breados

944 769 579 71 Tendré en el infierno ancho

215 802 570 82 mando luego á los logreros,

944 815 533 73 seno con Luzbel soberbio,

213 861 545 64 que valiendo poco el trigo,

942 869 537 67 para que quepan los Judas

211 900 547 78 mueran sin decir el credo.

942 925 537 63 que producirá mi ejemplo.

209 959 516 67 Los mercaderes estudien,

940 971 550 67 A los que dan los caudales

209 1001 599 73 y aprendan con mis consejos,

940 1013 435 67 á los marítimos leños

209 1055 606 67 que estrechando las medidas,

938 1059 506 73 sin ser poeta les mando,

209 1095 645 71 les vendrá el abismo estrecho.

940 1111 598 69 que mueran haciendo versos.

204 1141 517 73 Fúndense cien Paralvillos

938 1166 581 62 Que los que fian la hacienda

204 1193 529 71 en Judéa y demas reinos,

938 1208 550 66 al mar, al agua y al viento,

204 1249 623 61 que del cuerpo de mi hacienda

936 1254 543 73 ó mueran pobres en suma,

202 1289 521 71 saldrán infinitos cuerpos.

936 1299 531 76 ó mueran como yo muero.

204 1333 448 75 Producirá tanto Judas

936 1358 416 59 Dejo mis habilidades

202 1379 450 79 este Sahuco perverso,

934 1398 435 71 á todos I03 figoneros,

202 1435 554 69 que no bastaran mil horcas

932 1450 583 73 aunque es ocioso enseñarlos,

202 1485 550 65 para estirar sus pescuezos.

932 1496 560 69 que ya son gastos profesos.

202 1536 625 71 Ksta hacienda dejo al mundo,

934 1550 608 67 Cien gruesas de naipes falsos

202 1586 657 71 que después que yo sea muerto,

932 1588 430 67 reparto á los gaiteros

200 1630 514 71 cada piedra sea un Judas,

930 1644 566 63 que los fulleros los buscan,

198 1672 495 73 cada pared sea un beso,

932 1697 614 62 y se entienden bien con ellos.

196 1720 652 85 cada amistad treinta embustes,

930 1745 485 58 A los peregrinos mando

196 1776 566 71 como en mí treinta dineros.

928 1782 516 73 diez calabazs, y advierto,

196 1824 428 71 A mi maestro vendí,

930 1841 466 60 que no la lleven vacias

200 1874 585 71 gran maldad! yo lo confieso,

925 1876 596 69 hasta que se hallan repletos.

198 1916 456 71 como vi la paga al ojo,

925 1926 477 63 Unos anteojos sin lunas

196 1964 575 71 no reparé en cumplimientos.

923 1981 619 71 dejo á un tuerto por derecho;

194 2025 449 56 Pero luego enfurecido

925 2025 552 69 y á un corcobado un jubón

192 2056 545 79 arrojé el dinero al templo,

923 2081 475 57 estofado con pimientos.

192 2117 558 64 por que para tan gran culpa

921 2129 594 69 ¥ pues no tengo mas bienes,

194 2163 598 73 fué muy pequeño el cohecho.

921 2169 573 73 que los que aquí manifiesto,

192 2202 453 76 Nólanme de codicioso,

923 2215 510 69 mando mi malas medidas

190 2307 457 27 y tienen razón en eso,

921 2273 456 78 á todos los taberneros.
