1737 2508
190 192 489 56 esta congoja me ofende,

192 234 608 60 y esta aflicción me contrista,

190 284 593 52 con ljas palabras que hablaba

186 317 453 69 las piedras enternecía,

190 363 589 63 y al murmullo que formaban

188 407 528 65 los que en compañía iban

192 451 432 65 de sollosos y suspiros,

188 497 608 67 ayes que al viento esparcían,

188 541 551 65 por las calles que pasaban,

190 587 437 58 á las ventanas salían,

190 635 539 56 acompañando en el llanto.

190 672 489 65 Llegó por fin la noticia

190 714 572 65 al padre que salió en breve

192 758 403 65 á recibir á su hija.

190 806 533 61 Viendo que tan deshonesto

192 856 558 61 trage entre el tumulto iba,

192 894 570 65 llegó á ella, y con penosas

192 936 501 69 ansias la dijo: hija mia,

192 990 575 59 no te aflijas, pues yo tengo

192 1028 489 62 en un rincón escondida

190 1065 501 76 la ropa que le quitaste,

192 1118 483 69 cuando de gala vestida,

194 1159 416 63 te saliste de mi casa

194 1212 474 54 con contento y alegría;

194 1245 418 69 para ser feliz esposa

194 1291 602 65 del marqués que tu desdicha

194 1339 522 59 sola esa fue. Y  ella dijo:

194 1383 474 61 padre mió de mi vida,

194 1419 497 66 no fui yo la desdichada,

192 1469 554 60 que quien tuvo la desdicha

192 1511 524 69 fue mi esposo, que casóse

198 1559 452 58 con una que no valia

196 1598 460 63 tanto como él, esa fué

196 1642 520 63 mi fortuna y su desdicha.

196 1699 460 50 Y para aliviar su pena,

196 1734 587 61 no obstante de que yo viva,

196 1780 560 65 permito el Papa otra esposa

196 1828 523 57 á mi esposo, porque sirva

198 1862 533 67 de paz y quietud á todos.

192 1920 441 52 Yo vengo con alegría

194 1960 456 56 á vuestra casa, señor,

192 2000 432 62 para volver á la vida

194 2044 552 64 como fueron mis principios,

194 2094 453 50 entre pobreza metida.

194 2127 535 71 Llevósela el padre á casa,

198 2179 472 61 y de humilde pastorcita

198 2225 510 53 tomó otra vez el vestido.

198 2261 410 65 Pasados algunos dias

200 2307 535 65 énvió el marqués Guallero

198 2353 381 71 á la aldea referida

911 190 570 58 un page, y dijo á Griselda,

907 231 606 59 que esté en palacio á otro dia

911 273 562 59 de mañana, porque importa.

909 317 531 63 Viendo nueva tan precisa,

909 361 518 63 dió el sí; y el mensagero

907 409 393 61 para palacio volvía.

909 453 593 69 Fué Griselda, y á su esposo,

909 491 495 67 cuando presente la mira,

909 543 441 52 con humildad cariñosa

911 583 474 64 de esta suerte le decía’:

915 631 518 60 mándame esposo y señor,

911 675 516 56 en que humillada te sirva

911 718 596 57 que mi gusto es complacerte.

911 754 520 71 Dijo Guallero; pues mira,

913 806 487 63 mañana viene mi esposa

913 854 426 55 con toda su comitiva

915 892 581 63 tú has de disponer las mesas

913 938 408 61 para la boda lucida,

913 982 420 56 llizolo con humildad;

909 1013 608 71 quién del caso no se admiral

915 1070 460 58 A otro dia de mañana

913 1109 441 61 llegó la gran comitiva

915 1155 533 61 con la novia del marqués.

915 1199 456 63 Salió pues á recibirla

913 1245 545 69 aquel Job de la paciencia,

915 1283 414 73 y dióla la bienvenida

915 1339 479 57 como los demás, alegre.

917 1375 450 62 ¡Oh pasmosa maravilla!

915 1423 418 58 Sentáronse á comer,

917 1463 489 62 y ella á la mesa servia,

917 1511 439 54 donde fueron asistidos

915 1550 518 65 con la ostentación debida.

917 1596 631 67 Y habiendo dado á Dios gracias

919 1644 535 63 dijo el marqués que quería

917 1680 525 73 hacer alli unas preguntas,

921 1726 506 60 que no dejasen sus sillas.

911 1772 537 69 Llamó entonces á Griselda

915 1822 399 59 y amoroso la decia;

917 1866 462 60 Griselda, qué te paroce

917 1906 642 69 de mi esposa? no es muy linda?

919 1949 560 65 no es agraciada? no es bella

919 1993 562 63 su perfección? y no es cifra

915 2037 577 71 de la hermosura, su cuerpo?

917 2092 544 54 Y ella entonces de rodillas

919 2127 448 63 dijo delante de lodos:

917 2167 573 73 señor, juzgo que en mi vida

921 2219 512 63 no he visto ni espero ver

919 2267 554 63 ni el claro sol que registra

921 2309 498 63 con sus reflejos lucientes

923 2361 439 138 desde su esfera lucida

1433 177 17 19 7
