1628 2432
1461 135 21 63 3

220 186 455 57 Griselda también venia

216 235 499 54 con un cántaro de agua,

220 271 418 69 y dejándolo do prisa,

216 316 532 56 salió con otras muchachas

218 358 550 67 á ver del marques la novia

218 403 485 61 y Gualtero con palabras

218 453 538 53 halagüeñas por su nombro

216 488 477 63 llamándola, así le habla:

218 535 592 62 Griselda donde está tu padre?

218 579 463 61 Y Griselda con vos baja

218 624 473 63 le responde: Señor mió,

218 674 594 57 mi padre está dentro en casa.

218 711 390 63 Apeóse el caballero,

220 755 489 69 y dijo á los que llevaba

216 798 558 63 que un poco se detuviesen

220 841 505 64 que saldría sin tardanza.

220 889 483 61 Entróse solo allá dentro,

223 930 549 63 con el padre se encontraba

220 976 485 61 do Griselda, y le saluda,

220 1023 552 63 y de esta suerte le habla:

220 1072 489 54 Janículo muy bien sabes

218 1102 574 69 que eres mi vasallo, y tanta

218 1155 503 65 voluntad tengo á tu hija,

220 1199 497 59 que dispongo de tomarla

220 1242 475 63 por esposa, es tu gusto,

223 1288 547 63 mas juzgo que repugnancia

223 1329 652 57 no habrá alguna puesto que eres

220 1372 528 68 dichoso en esta embajada,

223 1418 527 61 tu respuesta espero ahora.

223 1467 508 55 Y con vergüenza sobrada

220 1503 451 65 Janículo les responde:

220 1548 511 65 señor, no merezco nada,

220 1594 623 67 mas si gustáis de este empleo,

220 1637 503 63 vuestra voluntad se haga.

223 1686 525 58 Llámala al punto, le dice,

220 1728 601 61 que quiero hablar dos palabras

220 1775 455 67 con ella, si es gustosa;

223 1813 395 61 y Janículo la llama.

218 1858 467 63 Vino Griselda corriendo

220 1911 483 56 á ver lo que le manda

220 1943 483 65 su padre: y el caballero

218 1984 477 71 le dice: Griselda amada,

218 2034 568 67 tú gustas de ser mi esposa?

220 2085 503 65 Y ella responde turbada,

220 2123 473 63 señor mió yo tu esposa?

223 2172 559 65 no gastes conmigo chanzas,

223 2211 545 62 que soy pobre, y diferentes

220 2265 509 51 son tu palacio y mi casa:

220 2296 497 77 conoció en esto Gualtero,

220 2342 463 73 que ella se consideraba

936 178 485 65 indigna de un tal empleo;

936 224 448 67 y le dice estas palabras:

938 267 469 67 dime, tú serás constante

940 312 454 64 en todo cuanto yo haga?

938 362 477 59 Y ella respondió, señor,

940 407 497 57 si de improviso'mandáras

938 449 469 59 que me quitaran la vida

938 492 544 55 con la muerte mas amarga

940 537 458 58 que bárbaros intentasen

940 583 533 53 no romperé mi constancia.

940 630 564 59 Bastante has dicho con eso,

944 666 509 63 dijo, y al instante manda

940 711 485 63 á dos dueñas que traía,

942 755 493 63 que la ropa que llevaba,

944 804 456 57 la quitasen y vistiesen

944 845 523 56 de aquellas costosas galas

938 883 458 67 que traían prevenidas.

942 938 501 57 Y muy en breve la saca

944 978 414 59 ataviada y compuesta

946 1025 531 55 á la puerta y en voz alta

944 1068 501 62 dijo esta es mi consorte,

944 1110 481 59 esta es la que destinada

944 1161 604 59 tengo, ya hace mucho tiempo

944 1199 540 61 para ser mi esposa amada.

942 1248 467 55 Esto que todos oyeron,

940 1286 521 67 los sombreros y las capas

944 1335 538 59 por los aires se estendian,

946 1382 495 56 con Víctores y alabanzas,

942 1424 507 61 pues su señor les cumplía

942 1473 462 55 el gusto que deseaban.

944 1513 450 59 A Griselda la pusieron

946 1558 633 55 en un coche: y luego marchan

944 1592 458 65 á la ciudad diligentes,

946 1649 499 53 en donde alegre se cosa

946 1688 576 63 el marqués. Pero que gozo!

946 1730 531 63 que júbilo! que alabanzas!

942 1773 546 69 qué placeres! que alegrías!

942 1819 566 65 quo toros! juegos de cañas!

944 1862 542 67 que comedias! qué deleites!

944 1909 491 60 por la córte celebraban!

944 1955 505 61 Quéde pues en la alegría

944 1994 454 71 aquesta primera plana,

946 2038 572 69 que en la segunda prometo,

946 2087 542 63 de penas, aunque calladas,

944 2128 578 62 darle a mi auditorio atento

946 2170 477 73 una noticia muv larga.

1096 2265 367 69 SEGUNDA PARTE.

989 2354 559 69 Ya dije con cuantas glorias
