1765 2512
242 242 549 59 Cuando el Rey en sí hubo vuelto,

244 286 463 57 dijo, ardiendo en viva rabia:

242 324 367 59 iodos los A bencerrages

244 357 463 74 hoy han de morir, y manda

242 410 425 50 que los llamen unoá uno,

242 447 381 59 y con este ardid y traza

244 479 451 67 degolló hasta treinta y seis:

244 525 335 59 y con lodos acabara,

247 569 372 54 á no revelarlo un page.

242 607 333 52 Alborotóse Granada,

247 646 401 53 dividida toda en bandos,

247 684 429 59 y á gran desdichas llegara,

244 722 382 58 si el muy valeroso Muza

244 764 315 52 todo no lo sosegara.

244 799 555 61 Mandó el Rey llamar los Grandes,

244 843 392 61 y juntos en la real sala,

247 879 433 58 salió el Rey todo enlutado,

247 925 370 58 y les propúsola causa:

242 960 438 57 que eran los Abencerrages

242 1002 434 50 traidores, pues intentaban

244 1038 421 58 quitarle el reino y la vida;

244 1078 373 60 y que la Reina trataba

244 1119 425 55 con Albín líamete amores,

247 1157 431 57 habiendo dentro en la sala

249 1201 387 55 cuatro testigos de vista,

247 1239 425 52 que unánimes declaraban.

247 1274 383 61 Levantóse allí, diciendo

249 1318 393 57 un Amoradien voz alta:

249 1358 416 52 es la Reina muy honesta,

249 1396 433 60 y en ella no cabe mancha,

249 1442 427 54 y esos caballeros mienten,

247 1477 466 57 y lo mantendré en campaña,

249 1517 444 53 ijijo aqui el discreto Muza:

247 1551 479 62 lo que importa es el llamarla

249 1599 425 50 aquí a presencia de todos,

251 1634 372 61 y la acusación se haga.

249 1674 467 55 Vino con pompa y grandeza,

249 1714 435 52 con sus doncellas y damas.

251 1756 437 52 Dijo Muza; Reina hermosa,

251 1785 465 63 sabrás, como aquí en la sala

251 1831 421 57 hay Caballeros que ponen

251 1875 454 52 dolo en tu honor y tu fama,

251 1909 393 62 y que ton Albín líamete

255 1950 435 57 e y conyugal quebrantas,

247 1994 345 55 Este juicio se remite

249 2028 406 56 al tribunal de las armas:

247 2072 477 54 cuatro son los que te acusan,

249 2112 416 56 otros cuatro por tí salgan

278 2147 358 59 defender lo contrario,

249 2187 408 61 y si vence su arrogancia,

251 2231 439 50 tu honor queda acrisolado;

249 2267 410 56 mas si queda la campaña

247 2302 485 69 por los cuatro que le acusan,

362 219 27 42 2

965 232 400 71 se amancillará tu fama,

977 284 339 59 y por alcoranas leyes

975 320 429 60 tienes de morir quemada;

977 366 402 50 treinta dias hay de plazo.

977 399 417 59 Ella sin turbarse en nada,

979 445 457 51 mirando á un lado y á otro,

977 481 438 54 como que se hallaba salva,

979 521 459 56 viendo que los circunstantes

981 561 400 54 muy mesurados estaban,

979 594 407 59 tuvo por cierta evidencia

977 640 465 54 lo que discurrió ser chanza.

979 678 346 56 Y dijo muy animosa,

981 720 350 50 con gallardía bizarra:

977 759 425 53 cualquier Caballero Moro,

979 797 549 61 que en mi honor ha puesto tacha,

977 839 406 52 miente traidor y villano;

977 877 423 56 y aqui ahora sin tardanza

977 910 381 63 pónganme la acusación

981 956 453 55 tan sin fundamento y falsa,

977 998 352 54 que yo confio en Alá,

977 1032 499 58 queme lia de sacar en palmas.

979 1067 419 61 Y guardando ceremonias,

977 1107 409 63 los traidores se leventan,

979 1153 350 61 y ponen en acusación

984 1199 460 50 con todas las circunstancias.

981 1232 382 55 La triste Reina afligida

981 1272 379 57 se despoja de sus galas,

986 1308 389 61 y en la torre de Gomares

986 1352 414 52 mandó el Rey asegurarla,

984 1385 433 61 con la orden muy espresa,

984 1429 341 57 que no fuera visitada

981 1475 382 48 de nadie, sino de Muza

977 1503 392 60 por ser de su confianza.

983 1553 405 48 De sus damas se despide,

984 1582 427 63 llevándose en su compaña

984 1626 406 57 tan solo la mas querida,

986 1660 513 60 que era la hermosa Esperanza.

986 1701 397 59 En tan amargo conflicto

986 1743 360 59 tal vez ya desesperada

979 1779 411 63 quería abrirse las venas,

979 1819 402 69 porque no se les logrará

984 1860 443 59 el ver su muerte afrentosa.

981 1904 428 53 Y animando la Esperanza,

981 1938 384 61 le dijo: sabrás, señora,

977 1971 471 70 que yo conozco en mi patria

981 2015 348 63 un famoso Caballero,

979 2061 518 63 que don Juan Chacón se llama,

986 2099 423 57 y sé que si de él te vales;

986 2135 452 58 libre ha de quedar tu fama.

988 2183 435 50 La Reina lomó el consejo,

984 2214 485 63 y al punto escribió una carta,

984 2254 429 63 diciendo: señor don Juan,

984 2292 360 77 á quien realza la fama
