1765 2512
94 238 435 67 Visitáronle los Reyes

94 293 481 58 con contento y alegría,

87 337 515 69 y al niño le presentaron

90 380 536 65 el oro, el incienso y mira.

92 429 582 69 Thyéndole desde el templo,

94 481 532 63 se les perdió y con fatiga,

92 533 588 61 sus padres que le buscaban,

92 573 510 65 á cualquiera que veian,

92 619 538 69 le preguntaban, diciendo,

92 667 613 69 si lian visto al bien de su vida,

96 720 511 71 linas mugerespes dieron

96 776 561 61 noticias con que se animan,

96 818 607 69 y en el templo le encontraron,

96 868 513 71 que la Escritura esponia

100 916 484 61 á principes y doctores,

98 971 414 58 con tanta sabiduría,

98 1008 636 72 que á contradecir no aciertan,

96 1059 590 71 pues confundidos se miran.

102 1111 463 61 Su entretenido recreo

102 1153 463 71 le encontraba cada dia

98 1195 517 79 por los sitios escusados

106 1258 459 62 en el árbol de la vida;

106 1287 555 90 con las cruces conversaba,

106 1350 484 65 y de esta suerte decia;

108 1404 436 57 dulcísima semejanza,

106 1440 536 67 donde fin tendrá mi vida,

106 1496 509 65 por eso os estimo tanto,

106 1540 561 67 cruz amada y cruz querida,

106 1580 637 77 que me lias de servir de lecho,

108 1636 486 65 en mis penas y fatigas.

110 1689 635 71 Cumplió los treinta y tres años

106 1729 444 71 el Señor, y determina

113 1785 387 69 caminar á padecer:

113 1823 510 69 con su madre lo platica.

113 1879 510 65 Un jueves por la mañana

115 1923 439 69 la llamaba y la decia:

108 1963 693 82 ya es tiempo,Madre, ya es tiempo

115 2020 513 71 de cumplir las profecías;

113 2068 552 75 yo he de ir á sufrir muerte

119 2118 636 71 porque el hombre tenga vida.

119 2172 414 63 Hijo de mi corazón,

121 2218 458 63 dulcísima prenda mia,

121 2260 559 84 que me quieres dejar sola

820 232 509 61 metida en tantas fatigas?

820 280 605 61 Cristo y su Madre se abrazan

820 326 455 69 llorando se despedían:

820 372 503 67 mi bendición os alcance.

818 418 584 80 Quedaos en paz, hasta el dia

820 473 488 71 pue subáis á las alturas

822 521 505 67 á estar en mi compañía.

822 571 438 61 A su sagrado Colegio

824 615 557 67 le dio en la cena, su misma

827 661 630 73 carne y sangre (qué portento!)

827 713 556 65 y lavó los pies (qué dicha!)

824 761 440 63 Un atrevido lo vendo

824 814 486 65 por una infame codicia,

827 854 554 71 que fueron treinta dineros;

831 910 557 67 ¡ay Dios, quien tal imagina!

833 962 479 61 Solo tres llevó consigo,

831 998 630 73 cuando al huerto se encamina,

829 1052 607 63 que son Pedro, Juan y Diego,

831 1092 534 71 porque de testigos sirvan.

829 1142 586 70 Llegé el redentor al huerto,

831 1189 555 71 y un poco á orar se retira;

833 1247 483 65 hizo oración á su Padre

831 1291 456 67 y de esta suerte decia:

835 1333 525 77 pase, señor, si es posible,

833 1392 406 60 este cáliz de agonía

835 1431 582 65 en mí; mas siempre se haga

835 1482 484 62 tu voluntad, no la mia.

837 1532 509 65 Gotas de sangre le hace

839 1580 482 65 sudar pena tan crecida,

837 1630 534 65 y un Angel se le aparece,

835 1670 515 73 que le conforta y anima.

839 1722 488 65 Partióse mas esforzado

841 1770 431 65 á su noble compañía,

841 1810 586 80 halló que estaban durmiendo

841 1865 413 77 y llamándoles decia:

843 1913 511 69 velad y atended, amigos,

847 1967 484 61 que ya veloces caminan

850 2005 575 69 los que vienen á prenderme

850 2059 456 72 para quitarme la vida.

852 2114 504 58 Llegó Judas el malvado,

850 2156 628 69 con su infamo escuadra impía;

847 2198 585 85 dijo Cristo á quién buscáis?

852 2258 454 99 A Jesús le respondían;
