1765 2512
182 138 39 71 4

102 196 444 61 estaba, que la ventana

98 249 421 60 caía al sitio derecho,

106 297 484 65 con el Retrato que trajo

102 341 676 83 de ella hablaba amante, y tierno.

104 401 450 74 y en la razón conoció,

98 458 404 63 que seria Caballero.

102 510 496 69 Mas al lin como curiosa,

100 558 523 72 muger al lin, al momento

104 604 570 80 bajó al Jardin¡ (¡que delirio!)

104 676 519 56 contra su decoro honesto,

108 715 497 72 sin duda á su precipicio,

100 766 479 75 con tan raro desacierto,

100 822 511 65 se despeña otro Faetorite

100 879 519 69 en ansias tantas ardiendo.

100 935 538 63 Quien á Principes bizarros

98 979 477 76 uo estima, ahora vemos

102 1029 507 80 (quizá de Dios castigada)

102 1084 532 67 humillada á un Jardinero.

102 1140 475 69 Viola venir, y á su lado

106 1193 515 75 la Duquesa, mas él luego

102 1245 454 67 se fingió loco, por ver

106 1295 517 71 lo que resulta de aquesto.

108 1350 568 69 Las dos llegaron á hablarle,

110 1398 492 77 y el dijo: Ola, qué veo?

106 1454 522 65 Son ellas las Principónos?

106 1509 540 61 O quién? Válgalas el Cielo.

106 1557 488 69 Confusa quedó Rosaura;

102 1611 630 76 juzgó, que hubiese á Jo menos

106 1664 511 69 mas. capaz alma en aquel

104 1718 423 69 tan peregrino sujeto,

106 1770 513 72 Fu lin, por ver el retrato

115 1819 504 69 le dijo: A ver Caballero,

100 1863 578 79 qué es esto? Y él dijo: Qué?

106 1923 551 69 Cria. Santa, no está viendo?

115 1976 540 75 Mostróle el Retrato, y ella

102 2041 500 56 se admiró toda de verlo;

106 2087 490 73 pues era la misma copia

106 2137 492 69 de su original tan bello.

843 177 561 72 Hombre, le dijo; de donde

837 232 507 69 hubiste á tus manos esto

835 278 410 75 que Retrato mió es?

843 337 526 71 Y el dijo: Donoso cuento!

839 395 542 69 No vé, que es una Santica

839 439 626 80 muy linda, y á lo que entiendo

837 491 438 78 es Santa Marina esta?

831 544 532 73 que viene con embelecos?

839 607 591 62 Duquesa, este es mi Retrato:

837 651 611 69 Princesa no hay duda en ello.

839 701 593 77 Hombre, quién te lo dió á tí?

839 749 557 82 Quien? Me costó mi dinero,

841 812 555 69 Este Retrato lias de darme;

843 864 478 69 si se lo daré por cierto,

841 910 522 80 si ella otra prenda me dá.

841 973 505 65 Pues como así, desatento

839 1017 503 75 hablas conmigo? No vés,

837 1078 536 67 que soy, ignorante, ciego,

841 1130 519 69 Princesa de Dinamarca?

843 1184 664 65 Pues, qué se me dá á mi de eso?

839 1232 465 72 Vaya con su Prineeria,

841 1285 593 84 y hágale muy buen provecho.

841 1337 522 71 Mas al lin, por alcahuetas

843 1392 601 79 hay maldades, y asi fué esto;

837 1442 542 71 que fué causa la Duquesa,

837 1496 538 71 haciendo burla, en efecto,

843 1546 570 76 de que una prenda le diese,

837 1603 559 80 quedó abrasada á su fuego,

827 1664 473 69 • confusa, y enamorada,

837 1703 569 72 que en mugeres es defecto,

841 1760 406 71 inclinarse á lo peor,

841 1802 565 86 y en ellas esto no es nuevo.

841 1869 530 65 El príncipe de esta suerte

839 1911 565 79 quedó alentado, y contento.

839 1965 580 71 Donde á esta primera parle,

841 2022 505 69 noble Auditorio discreto,

845 2078 513 69 Manuel Martin le dá lin,

843 2122 469 84 y la segunda comienzo,

464 2233 716 113 FIN DE LA PRIMERA PARTE.
