1612 2285
28 165 625 73 Promete la gloria de una eternidad.

182 201 336 57 Venid á rezar, etc.

28 245 459 59 Son saétas las Ave-Marías,

26 285 627 57 Que á Luzbel causan herida mortal;

26 323 621 76 Y son llaves que el abismo cierran,

318 430 720 66 OTRAS COPLAS AL MISMO INTENTO.

22 546 561 48 Ya Domingo, promete azucenas,

22 575 551 59 Jazmines y lirios ofrece Tomás;

22 618 473 57 Catalina presenta las rosas,

24 662 583 53 Y san Fio Quinto la gracia les dá.

57 700 535 52 Miró Juan ó esta Reina Divina

24 742 627 53 Vestida y hermosa cual rayos del sol;

20 778 549 56 Coronada su frente de estrellas,

22 822 627 53 Y de la luz blanca los pies la calzó.

62 856 591 61 Al balcón de los cielos se asoma

19 900 630 57 La Aurora brillante con rostro gentil,

19 944 548 53 Y la aplauden dulcísimamente,

20 944 557 95 Batiendo sus alas avecillas mil.

60 1028 488 49 Es María el divino portento

22 1066 627 53 Que deja confusa la humana razón;

20 1098 629 61 Porque siendo de Dios hija amada;

19 1140 651 61 Se humilla áservirnosla madre do Dios

59 1182 588 59 La Judith mas valiente y gallarda,

19 1228 628 61 Que al dragón horrible supo degollar,

19 1270 607 51 Con la gracia que le dió su esposo

19 1308 638 57 El Eterno, á Vethulia puso en libertad.

59 1351 449 52 A la sierpe tirana y astuta

17 1376 632 69 Que al hombre primero la gracia quitó

19 1430 487 49 Al impulso del pie de María

19 1466 628 61 Rindió la cabeza el infernal dragón.

62 1508 526 59 Si David con cinco piedrecitas

19 1549 567 60 Y una honda embistió á Goliath,

20 1595 547 46 Con la honda del santo Rosario

19 1635 628 59 Puedes al demonio guerra publicar.

57 1671 466 54 Es María la caña del trigo,

15 1711 560 59 San José el árbol, el Hijo la flor,

15 1755 535 55 Y el Espíritu Santo es el grano

19 1793 626 69 Que allí está metido por obra de Dios.

699 165 594 59 Y el cielo nos abren para descansa

866 201 279 61 Salid sin tardar:

697 249 625 57 Que impaciente os espera la Aurora,

691 283 627 65 Gustosa de oíros sus glorias cantar.

847 329 351 65 Venid á rezar, etc.

714 536 610 54 Labradores, que los campos vuestros

693 569 627 70 Están pereciendo por la sequedad,

695 613 543 61 Aeudid, pues, al santo Rosario,

697 668 621 47 Si copiosas aguas queréis alcanzar.

693 731 656 66 Que á todos convida elbendito Guzman;

733 698 524 57 Sacudid la coyunda del sueño,

691 774 564 56 Vamos todos, cogiendo las rosas

691 814 629 58 Que ofrece tan pitras el sacro rosal.

737 862 429 55 Alabar á la Aurora María

691 900 629 59 Intentan acordes mi acento y mi voz,

691 938 549 54 Publicando mi canto el aplauso

693 978 566 59 Con ecos sonoros del Ave mejor.

714 1016 507 59 Dios te salve, sagrada María,

693 1056 646 59 De cielo y de tierra reina Celestial;

693 1100 497 59 El Señor teelijió por esposa,

691 1138 627 61 Que otra en el mundo no pudo hallar.

733 1190 524 47 El devoto que mas madrugare

687 1226 587 59 A coger las rosas del santo rosal,

685 1260 511 67 Hallará una corona de gloria,

687 1308 633 53 Que la Virgen María labrándole está.

731 1353 583 50 San Miguel, como pesa las almas,

687 1376 629 69 Las pesa con tiento y con claridad,

687 1424 631 61 Para ver la que es mala ó es buena

689 1466 587 57 Para darle cuenta á su Magestad.

729 1517 589 50 Al balcón de los cielos se asoma

687 1538 656 71 La Virgen brillan te n uestra emperatriz;

687 1589 532 54 Y los ángeles todos se alegran

685 1624 631 66 Dover que el Rosario empiezan salir.

727 1677 547 55 A la Aurora teneis á la puerta,

689 1700 629 78 Pidiendo limosna, si le queréis dar,

687 1751 627 65 Para ayudar de hacerse una ermita,

689 1795 587 82 Que no tiene dónde poder habitar.

615 1898 107 65 FIN.

53 2008 1261 63 NOTA:—Hay concedidas muchasindulgancias por varios Prelados, á todos

15 2048 1116 73 los que cón devoción rezaren el santo rosario á María Sanlisima.

36 2144 1255 85 CARMONA:—1856. ímp. de D, J. M. Moreno, Descalzas, núm. 1.
