1724 2326
329 145 1203 68 mas mirado elante de sus hermanos; pues conoció que estos no po¬

331 201 1206 66 drian menos de envidiarle y mirarle con malos ojos, como efectiva¬

310 248 275 60 mente sucedia.

376 286 1157 70 El deseo de vengarse del inocente José, era el único pensamíento

312 345 1214 50 que dominaba en sus hermanos, y lo satisfacieron del modo siguien¬

310 383 1218 64 te. Un dia en que estaban apacentando los ganados, envió Jacob á

314 430 1198 58 su hijo á que viese lo que estaban haciendo sus hermanos. En cuan¬

306 471 1210 58 to le vieron ellos se reunieron diciéndose el uno al otro: allí viene el

306 527 1210 54 soñador ¡qué magnífica ocasion para vengarnos de él! Matémosle,

306 564 1210 62 y arrojando el cadáver á una cisterna ya no nos incomodará más, y

306 612 1210 52 así no hay cuidado de que pueda nunca descubrirse nuestra accion.

300 653 1206 64 Para quitar toda sospecha á nuestro padre despedazaremos su túnica,

302 697 1220 62 la que teñida con sangre de un cordero le haremos creer que una

306 742 1206 58 fiera le ha devorado, lo cual demostrará la túnica ensangrentada y

294 783 274 71 hecha pedazos.

356 831 1156 62 Ruben, el mayor de los hermanos, hizo cuanto le fué posible

304 876 1216 67 para que abandonasen tan perversa determinacion, diciéndoles que

290 928 1226 50 no matasen á José, que se acordaran que eran hermanos suyos, que

296 969 1214 54 tenian su misma sangre; que para vengarse de él bastaba con arro¬

290 1007 1220 64 jarle á una cisterna de las que allí habia, dejando que el hambre y la

288 1058 1216 62 sed le dieran la muerte. Esto les decia con el único objeto de salir

288 1100 1214 61 del paso, pues él pensaba sacarle despues y conducirlo á su anciano

298 1151 105 56 padre.

345 1194 1169 56 Conformáronse todos con el parecer de Ruben y así que llegó á

287 1234 1212 60 ellos el inocente José, en vez de corresponder á sus caricias, le co¬

281 1285 1216 56 gieron entre todos y despues de haberle quitado la túnica, le ataron

279 1333 1223 49 una cuerda á la cintura y le bajaron á una cisterna, que estaba sin

271 1370 729 62 agua, para que en esta acabara sus dias.

333 1411 1167 58 Sentáronse luego cerca de la cisterna, y con toda tranquilidad

273 1457 1226 62 pusiéronse á comer; pero como no podia menos de suceder, la con¬

275 1511 1220 53 versacion recayó sobre la accion inícua que habian cometido. Sin

283 1544 1214 60 duda, y es muy natural, José desde el fondo de la cisterna clamaria

273 1587 1214 64 á sus hermanos demandando compasion; pues estos fueron ablandán¬

267 1635 1222 64 dose, y conociendo por fin que era una infamia obrar de tal modo

269 1684 1218 60 con un inocente, que á más era su propio hermano, mudaron todos

281 1723 186 62 le parecer.

318 1763 1169 70 Estando en esto vieron pasar por aquel sitio á unos Ismaelitas

275 1814 1208 60 que iban á Egipto á vender sus mercancías, y Judá dijo á sus her¬

265 1862 1230 51 manos, que era de parecer que más valía que matar á José, venderle

263 1903 1224 58 á aquellos mercaderes, los que se lo llevarian á lugares donde no

265 1948 1228 54 sabrian más de él. Aprobaron todos tal pensamiento, y sacando de la

267 1984 1218 70 cisterna al jóven cautivo lo llevaron á los Ismaelitas para ofrecérselo

263 2033 1220 75 en venta. Aceptaron estos, y dando por él veinte dineros, siguieron

259 2075 450 70 su camino hácia Egipto.

919 96 35 76 4
