<?xml version="1.0" encoding="UTF-8"?>
<alto xmlns:xsi="http://www.w3.org/2001/XMLSchema-instance"
      xmlns="http://www.loc.gov/standards/alto/ns-v4#"
      xsi:schemaLocation="http://www.loc.gov/standards/alto/ns-v4# http://www.loc.gov/standards/alto/v4/alto-4-2.xsd">
  <Description>
    <MeasurementUnit>pixel</MeasurementUnit>
    <sourceImageInformation>
      <fileName>Varios_458_2.jpg</fileName>
      
    </sourceImageInformation>
  </Description>
  
  <Tags>
    <OtherTag ID="BT225" LABEL="GraphicZone:ornamentation" DESCRIPTION="block type GraphicZone:ornamentation"/><OtherTag ID="BT226" LABEL="MainZone" DESCRIPTION="block type MainZone"/><OtherTag ID="BT228" LABEL="MarginTextZone:colophon" DESCRIPTION="block type MarginTextZone:colophon"/><OtherTag ID="BT227" LABEL="MainZone:columns" DESCRIPTION="block type MainZone:columns"/><OtherTag ID="BT229" LABEL="MarginTextZone:note" DESCRIPTION="block type MarginTextZone:note"/><OtherTag ID="BT230" LABEL="MusicZone" DESCRIPTION="block type MusicZone"/><OtherTag ID="BT231" LABEL="NumberingZone:page" DESCRIPTION="block type NumberingZone:page"/><OtherTag ID="BT232" LABEL="QuireMarksZone:catchwords" DESCRIPTION="block type QuireMarksZone:catchwords"/><OtherTag ID="BT233" LABEL="QuireMarksZone:signature" DESCRIPTION="block type QuireMarksZone:signature"/><OtherTag ID="BT234" LABEL="RunningTitleZone" DESCRIPTION="block type RunningTitleZone"/><OtherTag ID="BT221" LABEL="CustomZone:impresorNum" DESCRIPTION="block type CustomZone:impresorNum"/><OtherTag ID="BT222" LABEL="CustomZone:numero_pliego" DESCRIPTION="block type CustomZone:numero_pliego"/><OtherTag ID="BT223" LABEL="CustomZone:title" DESCRIPTION="block type CustomZone:title"/><OtherTag ID="BT224" LABEL="GraphicZone:illustration" DESCRIPTION="block type GraphicZone:illustration"/>
    <OtherTag ID="LT83" LABEL="DefaultLine" DESCRIPTION="line type DefaultLine"/><OtherTag ID="LT81" LABEL="CustomLine:propriedad" DESCRIPTION="line type CustomLine:propriedad"/><OtherTag ID="LT82" LABEL="CustomLine:trailer" DESCRIPTION="line type CustomLine:trailer"/><OtherTag ID="LT84" LABEL="HeadingLine" DESCRIPTION="line type HeadingLine"/>
  </Tags>
  
  <Layout>
    <Page WIDTH="1842"
          HEIGHT="2600"
          PHYSICAL_IMG_NR="301"
          ID="eSc_dummypage_">
      <PrintSpace HPOS="0"
                  VPOS="0"
                  WIDTH="1842"
                  HEIGHT="2600">
        
        <TextBlock HPOS="30"
                   VPOS="230"
                   WIDTH="769"
                   HEIGHT="2303"
                   ID="block_1"
                   TAGREFS="BT227">
          <Shape><Polygon POINTS="717 230 799 1564 782 2533 30 2533 42 247"/></Shape>
          
          
          <TextLine ID="line_0"
                    TAGREFS="LT83"
                    BASELINE="67 284 689 270" 
                    HPOS="66"
                    VPOS="238"
                    WIDTH="623"
                    HEIGHT="66">
            <Shape><Polygon POINTS="499 274 485 274 470 274 456 274 442 274 427 274 413 274 398 274 384 274 369 277 355 277 340 277 326 277 312 277 297 277 283 277 268 277 254 277 239 277 225 277 210 277 196 277 182 277 167 277 153 277 138 277 124 277 109 277 95 277 80 277 66 277 67 284 67 304 128 293 150 304 151 304 153 304 157 304 254 290 468 297 486 297 488 297 489 297 491 297 505 284 528 296 530 296 531 296 535 296 605 284 615 293 616 293 618 293 619 293 689 291 689 270 684 238 525 241 524 241 511 247 499 251 499 274"/></Shape>
	    <String CONTENT="¡ó quién de amor no supiera!"
                    HPOS="66"
                    VPOS="238"
                    WIDTH="623"
                    HEIGHT="66"></String>
          </TextLine>

          
          
          <TextLine ID="line_1"
                    TAGREFS="LT83"
                    BASELINE="114 333 681 325" 
                    HPOS="112"
                    VPOS="286"
                    WIDTH="569"
                    HEIGHT="72">
            <Shape><Polygon POINTS="114 333 114 349 164 358 166 358 167 358 183 349 193 343 203 349 213 356 215 356 216 356 218 356 219 356 221 356 221 355 226 349 232 343 262 340 307 348 309 348 492 336 514 348 515 348 517 348 551 342 566 349 570 352 572 352 573 352 574 352 576 352 579 349 590 343 603 349 605 351 606 351 608 351 681 349 681 325 680 297 653 290 651 290 650 290 586 297 579 297 577 297 556 286 554 286 553 286 551 286 527 294 476 287 475 287 473 287 472 287 472 288 462 297 460 299 456 297 417 287 416 287 414 287 413 287 391 297 385 300 378 297 353 288 352 288 301 288 300 288 299 288 297 288 284 297 278 301 268 297 251 291 249 291 248 291 247 291 223 297 203 304 166 304 160 297 153 293 153 291 151 291 150 291 148 291 112 297 114 333"/></Shape>
	    <String CONTENT="De mi dolor te doy parte,"
                    HPOS="112"
                    VPOS="286"
                    WIDTH="569"
                    HEIGHT="72"></String>
          </TextLine>

          
          
          <TextLine ID="line_2"
                    TAGREFS="LT83"
                    BASELINE="67 385 663 375" 
                    HPOS="66"
                    VPOS="336"
                    WIDTH="597"
                    HEIGHT="72">
            <Shape><Polygon POINTS="67 385 67 408 117 398 144 408 145 408 147 408 148 408 150 408 163 397 189 407 190 407 192 407 193 407 212 398 348 404 349 404 351 404 352 404 368 392 404 392 417 403 418 403 420 403 421 404 429 404 478 404 478 403 479 403 481 403 496 390 616 390 660 398 663 375 660 346 440 336 439 336 437 336 436 336 427 343 421 349 358 351 338 343 322 338 320 338 319 338 264 343 144 355 125 342 124 342 122 342 66 342 67 385"/></Shape>
	    <String CONTENT="pues me esplico enternecido,"
                    HPOS="66"
                    VPOS="336"
                    WIDTH="597"
                    HEIGHT="72"></String>
          </TextLine>

          
          
          <TextLine ID="line_3"
                    TAGREFS="LT83"
                    BASELINE="83 436 653 426" 
                    HPOS="82"
                    VPOS="388"
                    WIDTH="571"
                    HEIGHT="71">
            <Shape><Polygon POINTS="83 436 83 459 124 450 156 457 161 459 163 459 164 459 359 455 361 455 362 455 365 452 377 446 653 446 653 426 648 391 561 397 553 392 547 388 546 388 544 388 491 388 489 388 446 395 417 400 404 395 390 391 388 391 387 391 385 391 384 391 384 392 379 397 374 401 345 397 317 394 316 394 314 394 306 398 297 403 254 400 184 394 183 394 182 394 167 401 158 407 127 407 122 403 117 397 115 397 114 397 112 397 82 403 83 436"/></Shape>
	    <String CONTENT="¡ó quién antes de adorarte"
                    HPOS="82"
                    VPOS="388"
                    WIDTH="571"
                    HEIGHT="71"></String>
          </TextLine>

          
          
          <TextLine ID="line_4"
                    TAGREFS="LT83"
                    BASELINE="67 488 573 479" 
                    HPOS="66"
                    VPOS="439"
                    WIDTH="507"
                    HEIGHT="69">
            <Shape><Polygon POINTS="67 488 67 505 138 508 140 508 141 508 153 505 173 499 189 505 195 507 196 507 197 508 319 508 319 507 343 504 404 495 455 502 466 504 468 504 573 501 573 479 570 444 486 439 485 439 483 439 482 439 470 446 460 453 351 453 320 450 236 443 235 443 234 443 232 443 232 444 221 453 221 455 218 453 190 444 189 444 187 444 186 444 153 456 147 457 141 456 114 446 112 446 111 446 109 446 108 446 92 457 91 459 66 459 67 488"/></Shape>
	    <String CONTENT="no te hubiera conocido!"
                    HPOS="66"
                    VPOS="439"
                    WIDTH="507"
                    HEIGHT="69"></String>
          </TextLine>

          
          
          <TextLine ID="line_5"
                    TAGREFS="LT83"
                    BASELINE="70 540 589 531" 
                    HPOS="69"
                    VPOS="494"
                    WIDTH="520"
                    HEIGHT="66">
            <Shape><Polygon POINTS="70 540 70 560 161 550 208 557 222 559 223 559 225 559 226 559 229 556 242 547 265 554 274 557 275 557 277 557 333 556 335 556 343 551 355 546 384 546 388 550 394 554 394 556 395 556 397 556 398 556 470 547 491 544 499 546 537 553 538 553 587 541 589 531 586 501 501 494 499 494 465 501 449 504 436 501 417 495 416 495 414 495 413 495 397 501 382 507 287 507 265 501 254 498 252 498 251 498 249 498 248 498 248 499 245 501 238 509 206 509 193 501 190 499 189 499 187 499 186 499 184 499 179 501 153 509 69 502 70 540"/></Shape>
	    <String CONTENT="para no llegar á amarte."
                    HPOS="69"
                    VPOS="494"
                    WIDTH="520"
                    HEIGHT="66"></String>
          </TextLine>

          
          
          <TextLine ID="line_6"
                    TAGREFS="LT83"
                    BASELINE="121 589 615 583" 
                    HPOS="119"
                    VPOS="544"
                    WIDTH="496"
                    HEIGHT="65">
            <Shape><Polygon POINTS="121 589 121 599 180 608 182 608 183 608 205 600 228 609 229 609 231 609 232 609 260 602 531 605 533 605 576 596 590 603 592 603 593 603 595 603 615 593 615 583 612 553 554 544 553 544 511 551 508 551 504 551 426 544 424 544 423 544 404 551 398 553 392 551 374 544 372 544 371 544 369 544 355 550 349 553 343 550 333 547 332 547 330 547 296 550 241 557 212 557 206 550 203 548 203 547 202 547 200 547 199 547 119 548 121 589"/></Shape>
	    <String CONTENT="Mi martirio ponderarte"
                    HPOS="119"
                    VPOS="544"
                    WIDTH="496"
                    HEIGHT="65"></String>
          </TextLine>

          
          
          <TextLine ID="line_7"
                    TAGREFS="LT83"
                    BASELINE="69 642 512 637" 
                    HPOS="67"
                    VPOS="596"
                    WIDTH="445"
                    HEIGHT="68">
            <Shape><Polygon POINTS="69 642 70 664 93 655 156 661 171 663 173 663 174 663 179 661 202 651 219 660 222 661 223 661 225 663 264 663 264 661 265 661 267 661 267 660 270 658 274 654 278 658 280 660 281 660 283 660 284 660 286 660 287 660 287 658 288 657 296 651 335 655 346 657 348 657 358 655 381 650 391 654 401 658 403 658 404 658 405 658 417 654 430 648 509 650 512 637 507 596 470 609 456 598 455 598 453 598 421 598 411 598 410 598 408 598 407 598 381 613 351 613 339 602 339 600 338 600 336 600 335 600 333 600 332 600 332 602 319 612 290 605 288 605 287 605 229 613 153 602 151 602 150 602 125 615 67 602 69 642"/></Shape>
	    <String CONTENT="amada prenda no sé"
                    HPOS="67"
                    VPOS="596"
                    WIDTH="445"
                    HEIGHT="68"></String>
          </TextLine>

          
          
          <TextLine ID="line_8"
                    TAGREFS="LT83"
                    BASELINE="70 694 563 687" 
                    HPOS="69"
                    VPOS="644"
                    WIDTH="494"
                    HEIGHT="69">
            <Shape><Polygon POINTS="70 694 70 712 330 713 332 713 333 713 361 706 366 704 377 704 443 712 444 712 446 712 466 703 468 703 540 710 541 710 543 710 563 700 563 687 561 655 550 645 550 644 548 644 547 644 495 644 494 644 492 644 491 644 491 645 478 657 455 648 453 648 452 648 403 655 381 645 379 645 378 645 377 645 336 657 327 660 320 657 301 651 300 651 299 651 297 651 271 658 262 661 164 663 157 658 148 652 147 652 145 652 144 652 143 652 128 658 118 663 69 660 70 694"/></Shape>
	    <String CONTENT="será preciso olvidarte,"
                    HPOS="69"
                    VPOS="644"
                    WIDTH="494"
                    HEIGHT="69"></String>
          </TextLine>

          
          
          <TextLine ID="line_9"
                    TAGREFS="LT83"
                    BASELINE="72 748 580 739" 
                    HPOS="70"
                    VPOS="702"
                    WIDTH="510"
                    HEIGHT="70">
            <Shape><Polygon POINTS="72 748 72 759 239 772 241 772 304 771 306 771 340 756 382 769 384 769 385 769 494 756 507 765 508 765 509 765 511 765 512 765 514 765 524 755 580 751 580 739 576 702 492 715 453 715 442 706 440 704 439 704 437 704 436 704 434 704 427 707 407 715 335 710 241 706 239 706 238 706 218 716 213 719 154 719 148 719 93 709 92 709 91 709 70 719 72 748"/></Shape>
	    <String CONTENT="si me preguntas porqué"
                    HPOS="70"
                    VPOS="702"
                    WIDTH="510"
                    HEIGHT="70"></String>
          </TextLine>

          
          
          <TextLine ID="line_10"
                    TAGREFS="LT83"
                    BASELINE="75 801 648 788" 
                    HPOS="73"
                    VPOS="756"
                    WIDTH="575"
                    HEIGHT="63">
            <Shape><Polygon POINTS="75 801 75 819 124 813 166 817 183 819 184 819 186 819 193 816 212 810 264 813 300 816 301 816 303 816 316 811 330 807 349 810 372 814 374 814 375 814 387 808 394 806 442 807 546 810 547 810 548 810 582 801 585 801 586 801 621 808 622 808 624 808 648 798 648 788 645 764 512 756 511 756 509 756 508 756 508 758 499 767 453 767 395 758 394 758 339 759 338 759 336 759 336 761 335 761 327 769 290 761 288 761 244 771 91 767 89 767 88 767 86 767 73 772 75 801"/></Shape>
	    <String CONTENT="porque sino he de gozarte."
                    HPOS="73"
                    VPOS="756"
                    WIDTH="575"
                    HEIGHT="63"></String>
          </TextLine>

          
          
          <TextLine ID="line_11"
                    TAGREFS="LT83"
                    BASELINE="124 853 681 842" 
                    HPOS="122"
                    VPOS="797"
                    WIDTH="559"
                    HEIGHT="78">
            <Shape><Polygon POINTS="124 853 124 863 174 875 176 875 231 873 232 873 234 873 234 872 235 872 239 866 326 872 327 872 329 872 330 872 330 871 332 871 338 862 364 868 365 868 466 858 476 856 478 856 494 868 495 868 496 868 498 869 541 869 541 868 543 868 579 856 638 865 640 865 641 865 642 865 642 863 655 853 680 853 681 842 679 811 632 811 632 810 618 798 618 797 616 797 615 797 614 797 612 797 599 804 585 797 583 797 582 797 580 797 550 810 541 813 533 808 524 806 522 806 521 806 498 808 489 810 486 808 473 798 472 798 470 798 469 798 351 803 349 803 348 803 342 807 338 810 327 807 309 801 307 801 306 801 304 801 291 807 264 820 244 820 231 806 228 804 228 803 226 803 225 803 223 803 208 806 170 814 122 806 124 853"/></Shape>
	    <String CONTENT="En fin, mi fé solo espera"
                    HPOS="122"
                    VPOS="797"
                    WIDTH="559"
                    HEIGHT="78"></String>
          </TextLine>

          
          
          <TextLine ID="line_12"
                    TAGREFS="LT83"
                    BASELINE="73 905 534 894" 
                    HPOS="72"
                    VPOS="855"
                    WIDTH="462"
                    HEIGHT="68">
            <Shape><Polygon POINTS="73 905 73 914 127 923 128 923 130 923 131 923 141 914 170 921 171 921 173 921 174 921 176 921 187 912 189 912 195 912 238 920 239 920 241 920 242 920 249 912 252 911 261 912 301 918 303 918 304 918 319 911 320 911 326 911 359 917 361 917 362 917 382 911 392 908 533 908 534 894 530 863 475 863 472 863 462 855 460 855 459 855 457 855 456 855 439 863 437 863 430 856 430 855 429 855 427 855 426 855 424 855 405 863 401 865 400 863 392 856 391 856 390 856 388 856 387 856 385 856 375 863 369 866 353 863 333 858 332 858 330 858 329 858 327 858 320 863 312 868 283 863 275 862 274 862 273 862 271 862 271 863 265 869 249 863 241 859 239 859 238 859 236 859 235 859 235 860 234 860 232 863 229 866 180 863 164 862 163 862 161 862 160 862 160 863 148 873 111 873 101 865 101 863 99 863 98 863 72 863 73 905"/></Shape>
	    <String CONTENT="de ti un íntimo favor"
                    HPOS="72"
                    VPOS="855"
                    WIDTH="462"
                    HEIGHT="68"></String>
          </TextLine>

          
          
          <TextLine ID="line_13"
                    TAGREFS="LT83"
                    BASELINE="75 957 624 944" 
                    HPOS="73"
                    VPOS="899"
                    WIDTH="551"
                    HEIGHT="84">
            <Shape><Polygon POINTS="75 957 75 983 153 983 153 982 154 982 156 982 156 980 157 979 161 976 163 979 166 980 166 982 167 982 169 982 170 982 235 980 236 980 238 980 238 979 242 976 247 972 267 975 296 979 297 979 299 979 310 973 319 969 351 972 390 975 391 975 433 967 449 966 455 967 476 975 478 975 479 975 481 975 502 966 520 973 521 973 522 973 573 964 596 972 598 972 599 972 600 972 624 960 624 944 618 899 599 908 533 902 501 901 499 901 479 905 452 911 391 910 329 907 327 907 273 914 248 917 241 915 219 908 218 908 216 908 215 908 196 917 193 918 180 918 99 911 98 911 96 911 73 920 75 957"/></Shape>
	    <String CONTENT="que me muero considera,"
                    HPOS="73"
                    VPOS="899"
                    WIDTH="551"
                    HEIGHT="84"></String>
          </TextLine>

          
          
          <TextLine ID="line_14"
                    TAGREFS="LT83"
                    BASELINE="82 1011 642 998" 
                    HPOS="80"
                    VPOS="959"
                    WIDTH="562"
                    HEIGHT="75">
            <Shape><Polygon POINTS="82 1011 82 1029 228 1034 229 1034 231 1034 254 1024 260 1022 261 1024 270 1031 270 1032 271 1032 273 1032 274 1032 392 1031 394 1031 431 1018 433 1018 434 1018 449 1025 450 1025 452 1025 512 1016 520 1015 522 1015 550 1024 551 1024 553 1024 554 1024 556 1024 556 1022 564 1014 642 1011 642 998 640 969 533 959 531 959 530 959 502 966 394 962 392 962 391 962 369 972 345 963 343 963 342 963 340 963 339 963 339 964 327 975 326 976 225 976 218 976 190 967 189 967 187 967 186 967 184 967 184 969 176 977 80 979 82 1011"/></Shape>
	    <String CONTENT="mas sino premias mi amor"
                    HPOS="80"
                    VPOS="959"
                    WIDTH="562"
                    HEIGHT="75"></String>
          </TextLine>

          
          
          <TextLine ID="line_15"
                    TAGREFS="LT83"
                    BASELINE="76 1061 658 1048" 
                    HPOS="75"
                    VPOS="1006"
                    WIDTH="583"
                    HEIGHT="75">
            <Shape><Polygon POINTS="76 1061 76 1081 322 1081 322 1080 323 1080 325 1080 333 1073 338 1071 349 1073 397 1079 398 1079 400 1079 420 1070 423 1070 433 1070 521 1076 522 1076 524 1076 550 1067 551 1067 616 1073 618 1073 658 1063 658 1048 654 1006 527 1008 525 1008 515 1012 495 1022 455 1015 426 1011 424 1011 423 1011 421 1011 421 1012 416 1016 410 1024 330 1027 278 1027 275 1024 257 1015 255 1015 254 1015 252 1015 232 1025 228 1028 209 1027 153 1022 151 1022 150 1022 130 1031 128 1031 106 1019 105 1019 104 1019 102 1019 75 1031 76 1061"/></Shape>
	    <String CONTENT="de que sirve que te quiera?"
                    HPOS="75"
                    VPOS="1006"
                    WIDTH="583"
                    HEIGHT="75"></String>
          </TextLine>

          
          
          <TextLine ID="line_16"
                    TAGREFS="LT83"
                    BASELINE="27 1116 680 1100" 
                    HPOS="27"
                    VPOS="1053"
                    WIDTH="653"
                    HEIGHT="85">
            <Shape><Polygon POINTS="27 1116 27 1129 171 1128 179 1129 202 1138 203 1138 205 1138 307 1128 332 1126 345 1128 379 1133 381 1133 417 1126 424 1126 455 1126 559 1129 560 1129 608 1128 609 1128 615 1125 631 1116 679 1123 680 1100 677 1053 629 1053 628 1053 627 1053 625 1053 625 1054 624 1054 615 1063 585 1055 572 1054 570 1054 553 1058 507 1070 387 1071 365 1067 336 1060 335 1060 333 1060 332 1060 332 1061 323 1068 320 1071 261 1074 248 1071 216 1066 215 1066 166 1076 164 1076 163 1076 125 1066 124 1066 122 1066 121 1066 119 1066 102 1077 39 1067 37 1067 36 1067 34 1067 34 1068 27 1076 27 1116"/></Shape>
	    <String CONTENT="IV. Llegó el dia ¡trance fuerte!"
                    HPOS="27"
                    VPOS="1053"
                    WIDTH="653"
                    HEIGHT="85"></String>
          </TextLine>

          
          
          <TextLine ID="line_17"
                    TAGREFS="LT83"
                    BASELINE="78 1167 648 1151" 
                    HPOS="76"
                    VPOS="1109"
                    WIDTH="572"
                    HEIGHT="79">
            <Shape><Polygon POINTS="78 1167 78 1188 648 1177 648 1151 647 1118 625 1109 624 1109 622 1109 621 1109 619 1109 609 1118 463 1115 462 1115 384 1125 382 1125 381 1125 336 1116 335 1116 275 1125 242 1119 241 1119 239 1119 219 1129 135 1122 134 1122 76 1133 78 1167"/></Shape>
	    <String CONTENT="de mi ausencia ¡ que rigor!"
                    HPOS="76"
                    VPOS="1109"
                    WIDTH="572"
                    HEIGHT="79"></String>
          </TextLine>

          
          
          <TextLine ID="line_18"
                    TAGREFS="LT83"
                    BASELINE="83 1219 681 1204" 
                    HPOS="82"
                    VPOS="1164"
                    WIDTH="599"
                    HEIGHT="75">
            <Shape><Polygon POINTS="83 1219 83 1239 681 1222 681 1204 677 1164 557 1174 551 1168 550 1168 550 1167 548 1167 547 1167 546 1167 476 1168 452 1172 420 1180 379 1177 322 1171 320 1171 319 1171 317 1171 307 1180 301 1183 281 1181 248 1177 247 1177 245 1177 244 1177 238 1183 235 1184 208 1184 117 1181 115 1181 82 1188 83 1219"/></Shape>
	    <String CONTENT="ya me despido ¡qué muerte!"
                    HPOS="82"
                    VPOS="1164"
                    WIDTH="599"
                    HEIGHT="75"></String>
          </TextLine>

          
          
          <TextLine ID="line_19"
                    TAGREFS="LT83"
                    BASELINE="80 1271 600 1256" 
                    HPOS="78"
                    VPOS="1216"
                    WIDTH="522"
                    HEIGHT="81">
            <Shape><Polygon POINTS="80 1271 80 1297 132 1287 203 1292 219 1294 221 1294 235 1291 271 1284 278 1289 283 1292 283 1294 284 1294 286 1294 287 1294 288 1294 301 1288 310 1285 349 1287 442 1289 443 1289 491 1287 492 1287 494 1287 494 1285 495 1285 499 1279 501 1279 515 1287 517 1287 518 1287 520 1287 521 1287 531 1278 534 1275 600 1274 600 1256 598 1224 548 1216 547 1216 453 1219 452 1219 436 1224 426 1229 369 1226 340 1224 339 1224 329 1226 301 1232 293 1226 290 1224 288 1224 287 1224 286 1224 284 1224 283 1224 283 1226 281 1226 275 1233 218 1227 215 1227 213 1227 210 1227 121 1237 112 1230 112 1229 111 1229 109 1229 78 1229 80 1271"/></Shape>
	    <String CONTENT="lloremos juntos los dos."
                    HPOS="78"
                    VPOS="1216"
                    WIDTH="522"
                    HEIGHT="81"></String>
          </TextLine>

          
          
          <TextLine ID="line_20"
                    TAGREFS="LT83"
                    BASELINE="132 1323 677 1308" 
                    HPOS="131"
                    VPOS="1266"
                    WIDTH="546"
                    HEIGHT="81">
            <Shape><Polygon POINTS="132 1323 132 1339 184 1347 186 1347 255 1336 257 1336 258 1336 290 1344 291 1344 293 1344 294 1344 296 1344 307 1334 326 1343 327 1343 329 1343 330 1343 356 1333 400 1333 408 1340 410 1340 411 1340 413 1340 414 1340 416 1340 416 1339 423 1331 442 1340 443 1340 444 1340 618 1336 660 1334 661 1334 663 1334 677 1324 677 1308 674 1268 535 1266 534 1266 533 1266 524 1271 509 1278 348 1282 323 1275 320 1275 319 1275 317 1275 316 1275 313 1275 294 1282 248 1278 236 1276 235 1276 234 1276 232 1276 231 1278 221 1285 196 1278 187 1276 186 1276 184 1276 131 1279 132 1323"/></Shape>
	    <String CONTENT="Mi vida por no perderte,"
                    HPOS="131"
                    VPOS="1266"
                    WIDTH="546"
                    HEIGHT="81"></String>
          </TextLine>

          
          
          <TextLine ID="line_21"
                    TAGREFS="LT83"
                    BASELINE="85 1375 602 1363" 
                    HPOS="83"
                    VPOS="1326"
                    WIDTH="519"
                    HEIGHT="63">
            <Shape><Polygon POINTS="85 1375 85 1389 602 1382 602 1363 599 1336 538 1326 537 1326 535 1326 511 1337 509 1337 504 1337 418 1328 417 1328 416 1328 414 1328 414 1330 403 1340 401 1340 377 1331 375 1331 374 1331 329 1341 326 1341 325 1341 304 1331 303 1331 301 1331 300 1331 299 1331 281 1341 281 1343 179 1344 177 1344 148 1334 147 1334 145 1334 83 1346 85 1375"/></Shape>
	    <String CONTENT="mas apreciara el morir,"
                    HPOS="83"
                    VPOS="1326"
                    WIDTH="519"
                    HEIGHT="63"></String>
          </TextLine>

          
          
          <TextLine ID="line_22"
                    TAGREFS="LT83"
                    BASELINE="86 1427 641 1415" 
                    HPOS="85"
                    VPOS="1370"
                    WIDTH="556"
                    HEIGHT="83">
            <Shape><Polygon POINTS="86 1427 86 1451 153 1453 154 1453 156 1453 167 1448 190 1441 226 1447 252 1450 254 1450 255 1450 265 1444 273 1440 277 1444 283 1448 283 1450 284 1450 286 1450 287 1450 362 1448 390 1447 391 1447 392 1447 392 1445 400 1440 403 1435 570 1432 573 1432 619 1443 621 1443 622 1443 624 1443 641 1431 641 1415 640 1379 616 1370 615 1370 614 1370 468 1379 411 1382 336 1379 251 1376 249 1376 248 1376 239 1379 221 1388 192 1388 184 1379 183 1379 183 1378 182 1378 180 1378 179 1378 85 1379 86 1427"/></Shape>
	    <String CONTENT="mejor quisiera la muerte,"
                    HPOS="85"
                    VPOS="1370"
                    WIDTH="556"
                    HEIGHT="83"></String>
          </TextLine>

          
          
          <TextLine ID="line_23"
                    TAGREFS="LT83"
                    BASELINE="89 1476 583 1467" 
                    HPOS="88"
                    VPOS="1432"
                    WIDTH="495"
                    HEIGHT="70">
            <Shape><Polygon POINTS="89 1476 89 1493 102 1502 104 1502 105 1502 106 1502 108 1502 125 1493 150 1500 151 1500 153 1500 154 1500 156 1500 171 1490 202 1499 203 1499 205 1500 205 1499 206 1499 238 1490 323 1499 325 1499 583 1482 583 1467 579 1432 88 1440 89 1476"/></Shape>
	    <String CONTENT="que no llegarte á decir"
                    HPOS="88"
                    VPOS="1432"
                    WIDTH="495"
                    HEIGHT="70"></String>
          </TextLine>

          
          
          <TextLine ID="line_24"
                    TAGREFS="LT83"
                    BASELINE="89 1529 661 1515" 
                    HPOS="88"
                    VPOS="1469"
                    WIDTH="573"
                    HEIGHT="85">
            <Shape><Polygon POINTS="89 1529 89 1545 134 1554 135 1554 205 1544 488 1545 489 1545 661 1531 661 1515 657 1469 587 1479 551 1473 537 1471 535 1471 534 1471 528 1474 508 1486 469 1486 455 1479 450 1476 449 1476 447 1476 446 1476 444 1476 442 1479 430 1487 416 1482 414 1482 413 1482 317 1490 291 1486 241 1479 239 1479 238 1479 208 1490 202 1493 200 1492 190 1482 190 1480 189 1480 187 1480 164 1480 163 1480 161 1480 160 1480 148 1490 125 1484 124 1484 122 1484 121 1484 88 1496 89 1529"/></Shape>
	    <String CONTENT="llegó el dia ¡trance fuerte!"
                    HPOS="88"
                    VPOS="1469"
                    WIDTH="573"
                    HEIGHT="85"></String>
          </TextLine>

          
          
          <TextLine ID="line_25"
                    TAGREFS="LT83"
                    BASELINE="140 1581 785 1562" 
                    HPOS="137"
                    VPOS="1519"
                    WIDTH="648"
                    HEIGHT="88">
            <Shape><Polygon POINTS="140 1581 140 1607 309 1604 310 1604 326 1599 349 1591 358 1597 364 1603 365 1603 366 1603 368 1603 369 1603 395 1596 418 1590 434 1594 453 1600 455 1600 456 1600 569 1588 580 1597 582 1597 583 1597 585 1597 621 1596 622 1596 624 1596 640 1584 644 1581 785 1577 785 1562 781 1522 748 1526 739 1523 731 1519 729 1519 728 1519 726 1519 716 1523 707 1528 683 1525 653 1521 651 1521 622 1526 598 1532 579 1528 566 1525 564 1525 563 1525 561 1525 560 1525 556 1529 547 1535 440 1536 390 1535 333 1532 332 1532 330 1532 313 1536 299 1541 284 1538 255 1532 254 1532 137 1542 140 1581"/></Shape>
	    <String CONTENT="No hay dolor que á mi dolor"
                    HPOS="137"
                    VPOS="1519"
                    WIDTH="648"
                    HEIGHT="88"></String>
          </TextLine>

          
          
          <TextLine ID="line_26"
                    TAGREFS="LT83"
                    BASELINE="92 1632 608 1622" 
                    HPOS="91"
                    VPOS="1584"
                    WIDTH="517"
                    HEIGHT="69">
            <Shape><Polygon POINTS="92 1632 93 1653 111 1645 154 1652 164 1653 166 1653 239 1652 241 1652 245 1651 262 1643 299 1649 312 1651 313 1651 314 1651 316 1651 317 1649 333 1640 606 1642 608 1622 602 1588 576 1596 564 1588 559 1584 557 1584 556 1584 554 1584 507 1586 505 1586 494 1588 469 1597 444 1590 437 1587 436 1587 434 1587 433 1587 427 1590 411 1599 394 1590 388 1587 387 1587 385 1587 384 1587 382 1587 379 1590 366 1599 309 1601 244 1593 242 1593 241 1593 239 1593 239 1594 238 1594 231 1603 163 1593 161 1593 160 1593 158 1593 158 1594 147 1604 91 1593 92 1632"/></Shape>
	    <String CONTENT="le iguale, y asi te digo,"
                    HPOS="91"
                    VPOS="1584"
                    WIDTH="517"
                    HEIGHT="69"></String>
          </TextLine>

          
          
          <TextLine ID="line_27"
                    TAGREFS="LT83"
                    BASELINE="95 1682 561 1675" 
                    HPOS="93"
                    VPOS="1635"
                    WIDTH="468"
                    HEIGHT="70">
            <Shape><Polygon POINTS="95 1682 95 1697 137 1705 138 1705 140 1705 141 1705 141 1704 150 1697 156 1703 157 1703 158 1703 160 1703 161 1703 163 1703 163 1701 164 1701 169 1695 169 1694 229 1694 232 1695 247 1704 248 1704 249 1704 251 1704 299 1703 300 1703 301 1703 313 1694 372 1703 374 1703 420 1701 421 1701 423 1701 423 1700 424 1700 430 1692 459 1701 460 1701 462 1701 514 1690 537 1700 538 1700 540 1700 541 1700 561 1688 561 1675 559 1649 492 1635 491 1635 489 1635 488 1635 466 1648 462 1651 423 1651 418 1648 405 1636 404 1636 403 1636 401 1636 317 1638 316 1638 314 1638 314 1639 307 1645 270 1639 268 1639 267 1639 252 1646 241 1652 184 1653 93 1645 95 1682"/></Shape>
	    <String CONTENT="que no me falta valor,"
                    HPOS="93"
                    VPOS="1635"
                    WIDTH="468"
                    HEIGHT="70"></String>
          </TextLine>

          
          
          <TextLine ID="line_28"
                    TAGREFS="LT83"
                    BASELINE="102 1736 615 1723" 
                    HPOS="101"
                    VPOS="1684"
                    WIDTH="514"
                    HEIGHT="73">
            <Shape><Polygon POINTS="102 1736 104 1757 121 1749 183 1749 196 1755 203 1757 205 1757 206 1757 208 1757 209 1757 212 1755 222 1747 248 1753 267 1756 268 1756 407 1752 408 1752 427 1747 449 1742 459 1746 469 1750 470 1750 472 1750 502 1744 525 1740 540 1743 557 1747 559 1747 560 1747 615 1740 615 1723 614 1694 579 1684 577 1684 576 1684 574 1684 537 1694 535 1695 365 1698 361 1697 348 1690 346 1690 345 1690 343 1690 342 1690 333 1697 330 1698 316 1697 273 1691 271 1691 226 1698 203 1701 199 1698 195 1694 193 1694 192 1694 190 1694 101 1698 102 1736"/></Shape>
	    <String CONTENT="y el cielo solo es testigo"
                    HPOS="101"
                    VPOS="1684"
                    WIDTH="514"
                    HEIGHT="73"></String>
          </TextLine>

          
          
          <TextLine ID="line_43"
                    TAGREFS="LT83"
                    BASELINE="96 1786 671 1772" 
                    HPOS="95"
                    VPOS="1733"
                    WIDTH="576"
                    HEIGHT="74">
            <Shape><Polygon POINTS="96 1786 96 1796 231 1796 251 1807 252 1807 254 1807 296 1798 496 1801 498 1801 499 1801 524 1789 593 1798 595 1798 596 1798 598 1798 611 1789 653 1792 654 1792 655 1792 671 1783 671 1772 667 1733 611 1744 570 1737 556 1734 554 1734 553 1734 538 1739 515 1744 507 1740 501 1736 499 1736 498 1736 496 1736 470 1742 437 1749 407 1744 378 1740 377 1740 375 1740 359 1746 355 1747 349 1747 314 1742 313 1742 312 1742 310 1742 310 1743 303 1749 300 1749 210 1743 209 1743 208 1743 206 1743 192 1755 190 1756 140 1756 121 1747 119 1747 118 1747 117 1747 95 1756 96 1786"/></Shape>
	    <String CONTENT="de mi ausencia ¡qué rigor!"
                    HPOS="95"
                    VPOS="1733"
                    WIDTH="576"
                    HEIGHT="74"></String>
          </TextLine>

          
          
          <TextLine ID="line_44"
                    TAGREFS="LT83"
                    BASELINE="148 1837 788 1822" 
                    HPOS="147"
                    VPOS="1779"
                    WIDTH="641"
                    HEIGHT="82">
            <Shape><Polygon POINTS="148 1837 148 1850 210 1861 212 1861 213 1861 236 1853 392 1857 394 1857 395 1857 397 1857 413 1847 447 1856 449 1856 450 1856 452 1856 494 1846 538 1853 540 1853 541 1853 561 1844 570 1840 585 1843 593 1846 595 1846 596 1846 598 1846 603 1843 614 1837 754 1835 759 1840 767 1847 767 1848 768 1848 770 1848 771 1848 772 1848 788 1840 788 1822 784 1779 692 1789 640 1783 616 1782 615 1782 614 1782 606 1785 593 1792 563 1786 541 1783 540 1783 504 1789 466 1796 426 1796 423 1792 417 1788 417 1786 416 1786 414 1786 413 1786 411 1786 387 1794 377 1796 355 1795 290 1789 288 1789 287 1789 286 1789 275 1798 274 1799 268 1798 249 1794 248 1794 247 1794 147 1802 148 1837"/></Shape>
	    <String CONTENT="Posible es que no he de verte,"
                    HPOS="147"
                    VPOS="1779"
                    WIDTH="641"
                    HEIGHT="82"></String>
          </TextLine>

          
          
          <TextLine ID="line_45"
                    TAGREFS="LT83"
                    BASELINE="102 1893 741 1876" 
                    HPOS="99"
                    VPOS="1834"
                    WIDTH="642"
                    HEIGHT="81">
            <Shape><Polygon POINTS="102 1893 104 1915 124 1905 208 1903 242 1912 254 1915 255 1915 257 1915 278 1911 313 1905 333 1911 342 1912 343 1912 345 1912 475 1909 476 1909 483 1906 511 1896 525 1906 527 1906 528 1906 530 1906 531 1906 533 1906 533 1905 544 1893 598 1893 615 1903 616 1905 618 1905 619 1905 621 1905 622 1905 625 1903 648 1890 686 1890 738 1900 741 1876 736 1835 673 1844 650 1837 642 1834 641 1834 640 1834 622 1837 574 1847 535 1838 530 1838 528 1838 400 1841 398 1841 397 1841 382 1853 257 1856 235 1846 234 1846 232 1846 231 1846 206 1853 99 1848 102 1893"/></Shape>
	    <String CONTENT="y he de ausentarme y dejarte,"
                    HPOS="99"
                    VPOS="1834"
                    WIDTH="642"
                    HEIGHT="81"></String>
          </TextLine>

          
          
          <TextLine ID="line_46"
                    TAGREFS="LT83"
                    BASELINE="104 1944 732 1926" 
                    HPOS="102"
                    VPOS="1890"
                    WIDTH="630"
                    HEIGHT="80">
            <Shape><Polygon POINTS="104 1944 105 1970 156 1957 190 1957 205 1965 206 1967 208 1967 209 1967 210 1968 251 1968 251 1967 252 1967 254 1967 254 1965 257 1963 262 1958 277 1963 291 1965 293 1965 294 1965 361 1964 362 1964 364 1964 364 1963 365 1963 368 1958 369 1957 382 1957 465 1961 466 1961 521 1957 522 1957 524 1957 533 1950 538 1947 554 1948 615 1957 616 1957 618 1957 642 1944 645 1942 732 1939 732 1926 729 1900 686 1890 684 1890 683 1890 681 1890 681 1892 680 1892 674 1899 645 1893 644 1893 603 1902 576 1893 574 1893 573 1893 572 1893 548 1903 527 1898 525 1898 524 1898 522 1898 521 1898 509 1906 416 1908 312 1900 310 1900 102 1916 104 1944"/></Shape>
	    <String CONTENT="ya te quedas ¡ trance fuerte!"
                    HPOS="102"
                    VPOS="1890"
                    WIDTH="630"
                    HEIGHT="80"></String>
          </TextLine>

          
          
          <TextLine ID="line_47"
                    TAGREFS="LT83"
                    BASELINE="101 1997 596 1986" 
                    HPOS="99"
                    VPOS="1952"
                    WIDTH="497"
                    HEIGHT="54">
            <Shape><Polygon POINTS="101 1997 101 2006 596 2004 596 1986 593 1960 534 1954 533 1954 531 1954 509 1960 501 1961 494 1960 470 1952 469 1952 468 1952 392 1960 327 1967 218 1967 208 1960 206 1960 205 1960 203 1960 199 1960 156 1970 99 1961 101 1997"/></Shape>
	    <String CONTENT="el corazon se me parte,"
                    HPOS="99"
                    VPOS="1952"
                    WIDTH="497"
                    HEIGHT="54"></String>
          </TextLine>

          
          
          <TextLine ID="line_48"
                    TAGREFS="LT83"
                    BASELINE="106 2048 718 2032" 
                    HPOS="106"
                    VPOS="1993"
                    WIDTH="612"
                    HEIGHT="76">
            <Shape><Polygon POINTS="106 2069 144 2069 145 2069 147 2069 163 2058 309 2058 317 2062 325 2065 326 2065 327 2065 352 2061 391 2052 423 2052 429 2056 434 2061 434 2062 436 2062 437 2062 439 2062 489 2054 520 2049 528 2052 544 2059 546 2059 547 2059 618 2049 692 2055 693 2055 694 2055 718 2043 718 2032 713 1993 632 1994 631 1994 629 1994 603 2006 530 1997 525 1997 524 1997 522 1997 521 1997 492 2009 453 1999 449 1999 447 1999 446 1999 443 2000 413 2010 388 2002 385 2000 384 2000 382 2000 381 2000 379 2000 378 2002 365 2010 348 2004 346 2004 345 2004 343 2004 316 2013 284 2003 281 2003 280 2003 278 2003 271 2004 215 2017 131 2017 106 2009 106 2048 106 2069"/></Shape>
	    <String CONTENT="ya me despido ¡ que muerte!"
                    HPOS="106"
                    VPOS="1993"
                    WIDTH="612"
                    HEIGHT="76"></String>
          </TextLine>

          
          
          <TextLine ID="line_49"
                    TAGREFS="LT83"
                    BASELINE="154 2098 676 2087" 
                    HPOS="153"
                    VPOS="2045"
                    WIDTH="523"
                    HEIGHT="72">
            <Shape><Polygon POINTS="154 2098 154 2116 232 2117 234 2117 235 2117 236 2117 238 2114 245 2110 265 2114 281 2117 283 2117 284 2117 291 2114 304 2106 349 2106 372 2113 375 2113 377 2113 378 2113 388 2111 442 2104 470 2110 478 2111 479 2111 481 2111 485 2110 502 2103 674 2106 676 2087 673 2054 564 2045 563 2045 561 2045 560 2045 544 2056 543 2058 540 2056 530 2048 528 2048 527 2048 525 2048 524 2048 522 2048 511 2056 508 2058 491 2058 387 2052 385 2052 384 2052 382 2052 382 2054 375 2061 374 2062 296 2062 286 2054 286 2052 284 2052 283 2052 260 2052 258 2052 257 2052 216 2064 206 2055 206 2054 205 2054 203 2054 164 2054 163 2054 161 2054 160 2054 160 2055 153 2061 154 2098"/></Shape>
	    <String CONTENT="Recíbe el último á Dlos,"
                    HPOS="153"
                    VPOS="2045"
                    WIDTH="523"
                    HEIGHT="72"></String>
          </TextLine>

          
          
          <TextLine ID="line_50"
                    TAGREFS="LT83"
                    BASELINE="106 2153 624 2140" 
                    HPOS="105"
                    VPOS="2095"
                    WIDTH="519"
                    HEIGHT="83">
            <Shape><Polygon POINTS="106 2153 106 2169 141 2178 143 2178 144 2178 163 2169 164 2169 171 2169 277 2175 278 2175 280 2175 299 2168 303 2166 322 2168 378 2172 379 2172 381 2172 398 2166 410 2163 622 2163 624 2140 621 2104 517 2095 515 2095 514 2095 512 2095 504 2103 472 2097 470 2097 469 2097 450 2107 446 2108 442 2107 418 2098 417 2098 416 2098 414 2098 394 2108 388 2110 381 2108 349 2100 348 2100 346 2100 345 2100 343 2100 333 2108 329 2113 251 2113 244 2111 221 2103 219 2103 218 2103 216 2103 199 2111 197 2113 196 2111 184 2104 183 2104 182 2104 180 2104 179 2104 161 2113 160 2113 143 2106 141 2106 140 2106 138 2106 137 2106 137 2107 130 2113 127 2116 105 2114 106 2153"/></Shape>
	    <String CONTENT="que no puedo imaginar,"
                    HPOS="105"
                    VPOS="2095"
                    WIDTH="519"
                    HEIGHT="83"></String>
          </TextLine>

          
          
          <TextLine ID="line_51"
                    TAGREFS="LT83"
                    BASELINE="108 2204 641 2191" 
                    HPOS="106"
                    VPOS="2156"
                    WIDTH="535"
                    HEIGHT="75">
            <Shape><Polygon POINTS="108 2204 108 2231 167 2231 169 2231 170 2231 170 2230 183 2220 205 2224 206 2224 208 2224 235 2215 294 2225 296 2225 368 2212 431 2224 433 2224 434 2224 463 2210 507 2220 508 2220 509 2220 530 2211 540 2220 541 2220 543 2220 544 2221 641 2221 641 2191 638 2163 501 2158 499 2158 473 2163 457 2166 440 2163 404 2156 403 2156 364 2163 340 2168 319 2163 297 2159 296 2159 294 2159 283 2163 265 2172 241 2172 234 2163 231 2162 231 2160 229 2160 228 2160 226 2160 106 2163 108 2204"/></Shape>
	    <String CONTENT="que al apartarme de vos,"
                    HPOS="106"
                    VPOS="2156"
                    WIDTH="535"
                    HEIGHT="75"></String>
          </TextLine>

          
          
          <TextLine ID="line_52"
                    TAGREFS="LT83"
                    BASELINE="111 2257 625 2246" 
                    HPOS="109"
                    VPOS="2202"
                    WIDTH="516"
                    HEIGHT="74">
            <Shape><Polygon POINTS="111 2257 111 2276 624 2263 625 2246 622 2212 580 2202 579 2202 534 2212 495 2204 494 2204 427 2215 366 2207 365 2207 364 2207 348 2214 192 2211 190 2211 189 2211 187 2211 177 2221 109 2223 111 2257"/></Shape>
	    <String CONTENT="ya mi remedio es llorar,"
                    HPOS="109"
                    VPOS="2202"
                    WIDTH="516"
                    HEIGHT="74"></String>
          </TextLine>

          
          
          <TextLine ID="line_53"
                    TAGREFS="LT83"
                    BASELINE="109 2305 603 2293" 
                    HPOS="108"
                    VPOS="2259"
                    WIDTH="495"
                    HEIGHT="72">
            <Shape><Polygon POINTS="109 2305 109 2331 392 2331 392 2329 394 2329 414 2318 418 2316 421 2318 440 2328 442 2328 443 2328 444 2328 476 2316 481 2315 524 2315 530 2315 547 2325 548 2325 550 2325 551 2325 553 2325 603 2311 603 2293 600 2263 353 2259 352 2259 351 2259 349 2259 335 2269 322 2260 320 2260 319 2260 317 2260 316 2260 278 2270 274 2272 108 2273 109 2305"/></Shape>
	    <String CONTENT="lloremos juntos los dos."
                    HPOS="108"
                    VPOS="2259"
                    WIDTH="495"
                    HEIGHT="72"></String>
          </TextLine>

          
          
          <TextLine ID="line_54"
                    TAGREFS="LT83"
                    BASELINE="65 2361 608 2345" 
                    HPOS="63"
                    VPOS="2306"
                    WIDTH="545"
                    HEIGHT="77">
            <Shape><Polygon POINTS="65 2361 65 2381 105 2383 106 2383 108 2383 109 2383 111 2381 121 2374 212 2377 242 2379 244 2379 245 2379 247 2379 248 2377 257 2368 310 2367 338 2374 343 2376 345 2376 346 2376 348 2376 356 2374 387 2366 411 2371 416 2373 417 2373 418 2373 420 2373 423 2371 433 2366 440 2371 442 2373 443 2373 444 2373 446 2373 512 2370 514 2370 515 2370 515 2368 525 2361 606 2366 608 2345 605 2316 561 2306 560 2306 559 2306 557 2306 544 2316 527 2308 525 2308 524 2308 522 2308 495 2316 485 2321 420 2321 413 2318 405 2312 404 2312 403 2312 401 2312 400 2312 384 2318 371 2322 358 2318 345 2314 343 2314 342 2314 322 2318 291 2325 238 2319 215 2316 213 2316 200 2319 177 2324 63 2321 65 2361"/></Shape>
	    <String CONTENT="V. Cuantas veces pasarás"
                    HPOS="63"
                    VPOS="2306"
                    WIDTH="545"
                    HEIGHT="77"></String>
          </TextLine>

          
          
          <TextLine ID="line_55"
                    TAGREFS="LT83"
                    BASELINE="111 2412 729 2397" 
                    HPOS="109"
                    VPOS="2355"
                    WIDTH="620"
                    HEIGHT="78">
            <Shape><Polygon POINTS="111 2412 111 2433 160 2433 160 2432 161 2432 163 2432 187 2422 218 2431 219 2431 221 2431 222 2431 226 2431 268 2420 309 2428 310 2428 312 2428 313 2428 325 2419 388 2426 390 2426 391 2426 421 2416 473 2425 476 2425 478 2425 481 2425 544 2413 728 2419 729 2397 726 2367 671 2355 670 2355 592 2367 582 2368 576 2367 551 2360 550 2360 548 2360 547 2360 546 2360 546 2361 544 2361 538 2367 537 2370 527 2368 485 2360 483 2360 443 2368 421 2374 372 2374 368 2368 365 2367 365 2366 364 2366 362 2366 361 2366 333 2368 287 2376 258 2370 245 2367 244 2367 109 2370 111 2412"/></Shape>
	    <String CONTENT="por donde yo esté enterrado,"
                    HPOS="109"
                    VPOS="2355"
                    WIDTH="620"
                    HEIGHT="78"></String>
          </TextLine>

          
          
          <TextLine ID="line_56"
                    TAGREFS="LT83"
                    BASELINE="112 2464 572 2451" 
                    HPOS="109"
                    VPOS="2412"
                    WIDTH="463"
                    HEIGHT="73">
            <Shape><Polygon POINTS="112 2464 112 2475 151 2485 153 2485 154 2485 156 2485 156 2484 166 2475 167 2475 180 2484 182 2484 183 2484 184 2484 254 2483 255 2483 257 2483 265 2475 268 2472 278 2475 293 2478 294 2478 296 2478 297 2478 306 2475 317 2470 570 2472 572 2451 569 2422 468 2412 466 2412 465 2412 439 2425 437 2425 401 2419 400 2419 325 2428 313 2429 309 2429 262 2418 261 2418 196 2420 195 2420 169 2432 153 2422 151 2422 150 2422 148 2422 147 2422 109 2433 112 2464"/></Shape>
	    <String CONTENT="ni una vez sola dirás,"
                    HPOS="109"
                    VPOS="2412"
                    WIDTH="463"
                    HEIGHT="73"></String>
          </TextLine>

          
          
          <TextLine ID="line_67"
                    TAGREFS="LT83"
                    BASELINE="112 2514 638 2503" 
                    HPOS="111"
                    VPOS="2459"
                    WIDTH="527"
                    HEIGHT="89">
            <Shape><Polygon POINTS="112 2514 114 2548 138 2537 161 2546 163 2546 164 2546 166 2546 206 2543 208 2543 245 2527 290 2527 309 2542 310 2542 312 2542 313 2542 314 2542 316 2542 316 2540 325 2533 362 2536 364 2536 365 2536 366 2536 366 2535 368 2535 375 2526 413 2540 414 2540 416 2540 417 2540 450 2522 515 2522 579 2536 580 2537 638 2537 638 2503 635 2459 576 2459 574 2459 573 2459 572 2459 570 2461 550 2475 507 2467 505 2467 504 2467 479 2477 416 2470 414 2470 413 2470 411 2470 401 2478 384 2468 377 2465 375 2465 374 2465 372 2465 371 2465 371 2467 368 2470 355 2481 326 2481 310 2471 303 2467 301 2467 300 2467 299 2467 297 2467 296 2467 296 2468 290 2472 280 2481 111 2480 112 2514"/></Shape>
	    <String CONTENT="Dies te haya perdonado."
                    HPOS="111"
                    VPOS="2459"
                    WIDTH="527"
                    HEIGHT="89"></String>
          </TextLine>

          
        </TextBlock>
        
        <TextBlock HPOS="826"
                   VPOS="210"
                   WIDTH="770"
                   HEIGHT="2304"
                   ID="block_0"
                   TAGREFS="BT227">
          <Shape><Polygon POINTS="826 210 1415 213 1596 2007 1595 2514 826 2514 826 269"/></Shape>
          
          
          <TextLine ID="line_36"
                    TAGREFS="LT83"
                    BASELINE="904 268 1379 261" 
                    HPOS="902"
                    VPOS="200"
                    WIDTH="477"
                    HEIGHT="80">
            <Shape><Polygon POINTS="904 268 904 278 1376 280 1379 261 1375 200 1352 202 1350 202 1349 202 1319 225 1272 225 1252 208 1251 208 1249 208 1248 208 1246 208 1245 208 1245 209 1239 215 1222 206 1214 203 1213 203 1212 203 1162 209 1139 212 1135 210 1118 205 1116 205 1115 205 1113 205 1112 205 1102 212 1079 229 1030 229 1012 216 1002 209 1001 209 999 209 998 209 996 209 995 209 985 218 973 226 902 222 904 268"/></Shape>
	    <String CONTENT="De otro te enamorarás,"
                    HPOS="902"
                    VPOS="200"
                    WIDTH="477"
                    HEIGHT="80"></String>
          </TextLine>

          
          
          <TextLine ID="line_29"
                    TAGREFS="LT83"
                    BASELINE="856 323 991 316 1340 316" 
                    HPOS="855"
                    VPOS="274"
                    WIDTH="485"
                    HEIGHT="62">
            <Shape><Polygon POINTS="856 323 856 336 939 329 1031 336 1044 336 1045 336 1047 336 1048 336 1066 327 1083 335 1084 335 1086 335 1135 327 1339 333 1340 316 1339 284 1288 274 1287 274 1285 274 1284 274 1269 284 1261 277 1259 277 1258 277 1256 277 1255 277 1254 277 1242 284 1241 286 1147 286 1147 284 1138 277 1138 275 1136 275 1135 275 1071 275 1070 275 1069 275 1067 275 1067 277 1066 277 1058 286 1051 286 972 277 970 277 931 286 908 277 907 277 905 277 855 286 856 323"/></Shape>
	    <String CONTENT="y le dirás mil ternuras,"
                    HPOS="855"
                    VPOS="274"
                    WIDTH="485"
                    HEIGHT="62"></String>
          </TextLine>

          
          
          <TextLine ID="line_30"
                    TAGREFS="LT83"
                    BASELINE="850 372 1284 366" 
                    HPOS="849"
                    VPOS="325"
                    WIDTH="435"
                    HEIGHT="65">
            <Shape><Polygon POINTS="850 372 850 390 898 381 936 387 956 390 957 390 959 390 969 385 983 378 1066 378 1079 381 1100 387 1102 387 1103 387 1219 377 1272 385 1274 385 1275 385 1277 385 1277 384 1278 384 1284 377 1284 366 1281 338 1175 325 1174 325 1173 325 1136 338 1128 339 1116 338 1082 330 1080 330 1079 330 1077 330 1067 338 1060 342 1018 342 1014 338 1005 329 1005 327 1004 327 1002 327 1001 327 946 329 944 329 943 329 943 330 936 338 933 339 928 338 924 333 923 333 921 333 920 333 918 333 907 338 891 342 849 338 850 372"/></Shape>
	    <String CONTENT="con él te divertirás,"
                    HPOS="849"
                    VPOS="325"
                    WIDTH="435"
                    HEIGHT="65"></String>
          </TextLine>

          
          
          <TextLine ID="line_31"
                    TAGREFS="LT83"
                    BASELINE="858 424 1336 417" 
                    HPOS="856"
                    VPOS="379"
                    WIDTH="480"
                    HEIGHT="65">
            <Shape><Polygon POINTS="858 424 859 443 881 436 900 443 905 444 907 444 908 444 910 444 914 443 930 436 991 442 1008 443 1009 443 1011 443 1017 442 1050 433 1123 440 1141 442 1142 442 1144 442 1145 442 1147 440 1158 431 1168 440 1170 440 1171 440 1173 442 1239 442 1239 440 1241 440 1242 440 1243 439 1256 431 1334 437 1336 417 1333 388 1268 379 1267 379 1228 388 1223 390 856 390 858 424"/></Shape>
	    <String CONTENT="y asi por mi sepultura"
                    HPOS="856"
                    VPOS="379"
                    WIDTH="480"
                    HEIGHT="65"></String>
          </TextLine>

          
          
          <TextLine ID="line_32"
                    TAGREFS="LT83"
                    BASELINE="852 473 1307 468" 
                    HPOS="850"
                    VPOS="433"
                    WIDTH="457"
                    HEIGHT="66">
            <Shape><Polygon POINTS="852 473 853 499 879 488 897 498 898 498 900 498 901 498 902 498 904 498 920 488 944 496 954 499 956 499 957 499 996 494 1037 488 1053 492 1076 498 1077 498 1079 498 1080 498 1103 489 1118 485 1131 488 1161 496 1162 496 1164 496 1165 496 1197 486 1201 485 1204 485 1226 492 1228 492 1229 492 1307 481 1307 468 1304 436 1236 433 1235 433 1233 433 1223 437 1212 443 1196 439 1183 434 1181 434 1180 434 1178 434 1177 434 1171 439 1161 446 1070 446 1019 443 921 437 920 437 850 447 852 473"/></Shape>
	    <String CONTENT="cuantas veces pasarás."
                    HPOS="850"
                    VPOS="433"
                    WIDTH="457"
                    HEIGHT="66"></String>
          </TextLine>

          
          
          <TextLine ID="line_37"
                    TAGREFS="LT83"
                    BASELINE="897 527 1365 520" 
                    HPOS="895"
                    VPOS="482"
                    WIDTH="470"
                    HEIGHT="62">
            <Shape><Polygon POINTS="897 527 897 544 1365 531 1365 520 1363 494 1330 482 1329 482 1327 482 1267 492 1261 494 1256 492 1229 483 1228 483 1226 483 1225 483 1207 492 1204 494 1201 492 1178 483 1177 483 1175 483 1174 483 1173 483 1158 492 1154 495 1141 492 1123 489 1122 489 1086 492 1037 496 1030 492 1022 486 1021 486 1019 486 1018 486 993 492 967 498 952 492 941 488 940 488 939 488 895 491 897 527"/></Shape>
	    <String CONTENT="De tí no seré llorado"
                    HPOS="895"
                    VPOS="482"
                    WIDTH="470"
                    HEIGHT="62"></String>
          </TextLine>

          
          
          <TextLine ID="line_38"
                    TAGREFS="LT83"
                    BASELINE="853 579 1389 572" 
                    HPOS="852"
                    VPOS="533"
                    WIDTH="537"
                    HEIGHT="67">
            <Shape><Polygon POINTS="853 579 853 600 918 592 1040 598 1064 598 1066 598 1079 596 1129 589 1386 589 1389 572 1386 544 1339 544 1313 533 1311 533 1310 533 1308 533 1307 533 1293 541 1269 534 1268 534 1267 534 1212 544 1175 533 1174 533 1173 533 1095 534 1093 534 1063 547 973 535 972 535 970 535 943 550 900 550 868 538 866 538 865 538 863 538 862 538 852 546 853 579"/></Shape>
	    <String CONTENT="por ser tu pasion escasa,"
                    HPOS="852"
                    VPOS="533"
                    WIDTH="537"
                    HEIGHT="67"></String>
          </TextLine>

          
          
          <TextLine ID="line_39"
                    TAGREFS="LT83"
                    BASELINE="853 629 1372 622" 
                    HPOS="853"
                    VPOS="586"
                    WIDTH="519"
                    HEIGHT="59">
            <Shape><Polygon POINTS="853 642 1254 645 1255 645 1256 645 1258 645 1268 638 1316 644 1317 644 1372 634 1372 622 1369 593 1267 586 1265 586 1264 586 1262 586 1255 593 1248 598 1228 593 1220 592 1219 592 1209 593 1161 599 1145 593 1135 589 1134 589 1132 589 1089 593 1011 600 979 593 969 590 967 590 966 590 965 590 963 590 963 592 962 593 952 603 875 603 853 593 853 629 853 642"/></Shape>
	    <String CONTENT="mas despues de sepultado"
                    HPOS="853"
                    VPOS="586"
                    WIDTH="519"
                    HEIGHT="59"></String>
          </TextLine>

          
          
          <TextLine ID="line_40"
                    TAGREFS="LT83"
                    BASELINE="853 681 1372 673" 
                    HPOS="852"
                    VPOS="638"
                    WIDTH="520"
                    HEIGHT="64">
            <Shape><Polygon POINTS="853 681 855 702 895 691 926 699 927 699 928 699 1018 696 1019 696 1021 696 1021 694 1027 690 1037 697 1038 697 1040 697 1041 697 1045 697 1134 687 1201 693 1232 696 1233 697 1282 697 1282 696 1284 696 1293 691 1301 686 1307 691 1311 694 1313 694 1314 694 1316 694 1371 689 1372 673 1368 645 1245 647 1223 638 1222 638 1220 638 1171 650 1170 650 1168 650 1158 641 1158 639 1157 639 1155 639 1110 639 1109 639 1108 639 1106 639 1093 651 1092 651 1056 641 1054 641 1053 641 1051 641 1024 652 1022 652 1019 652 920 644 918 644 917 644 898 654 878 644 876 644 875 644 874 644 852 654 853 681"/></Shape>
	    <String CONTENT="te reconvendrás si pasas"
                    HPOS="852"
                    VPOS="638"
                    WIDTH="520"
                    HEIGHT="64"></String>
          </TextLine>

          
          
          <TextLine ID="line_41"
                    TAGREFS="LT83"
                    BASELINE="856 733 1459 722" 
                    HPOS="855"
                    VPOS="686"
                    WIDTH="604"
                    HEIGHT="72">
            <Shape><Polygon POINTS="856 733 858 758 885 749 907 756 913 758 914 758 915 758 917 758 918 758 921 756 936 746 966 755 970 755 972 755 973 756 1080 756 1080 755 1123 749 1157 743 1171 746 1191 752 1193 752 1194 752 1226 745 1245 741 1259 743 1287 749 1288 749 1290 749 1321 741 1330 739 1333 741 1343 748 1345 748 1346 748 1347 748 1349 748 1378 739 1381 739 1382 739 1438 748 1440 748 1441 748 1443 748 1459 738 1459 722 1454 686 1330 693 1297 687 1285 686 1284 686 1282 686 1278 687 1264 696 1230 689 1223 687 1222 687 1220 687 1219 687 1219 689 1217 689 1207 699 1083 700 1048 691 1044 690 1043 690 1041 690 962 691 960 691 957 691 931 703 855 694 856 733"/></Shape>
	    <String CONTENT="por donde yo esté enterrado."
                    HPOS="855"
                    VPOS="686"
                    WIDTH="604"
                    HEIGHT="72"></String>
          </TextLine>

          
          
          <TextLine ID="line_42"
                    TAGREFS="LT83"
                    BASELINE="904 784 1343 778" 
                    HPOS="902"
                    VPOS="738"
                    WIDTH="441"
                    HEIGHT="69">
            <Shape><Polygon POINTS="904 784 904 795 1022 801 1024 801 1025 801 1027 801 1031 797 1035 795 1038 797 1047 804 1047 806 1048 806 1050 806 1051 807 1097 807 1097 806 1099 806 1121 798 1136 793 1142 798 1148 803 1148 804 1149 804 1151 804 1152 804 1154 804 1171 798 1184 795 1203 800 1230 804 1232 804 1233 804 1251 800 1284 791 1340 800 1343 778 1340 749 1249 738 1248 738 1246 738 1199 749 1086 741 1084 741 983 752 975 745 975 743 973 743 972 743 921 742 920 742 918 742 917 742 902 749 904 784"/></Shape>
	    <String CONTENT="Mi cariño olvidarás,"
                    HPOS="902"
                    VPOS="738"
                    WIDTH="441"
                    HEIGHT="69"></String>
          </TextLine>

          
          
          <TextLine ID="line_57"
                    TAGREFS="LT83"
                    BASELINE="858 837 1430 829" 
                    HPOS="856"
                    VPOS="784"
                    WIDTH="574"
                    HEIGHT="75">
            <Shape><Polygon POINTS="858 837 858 858 914 859 915 859 917 859 924 858 954 847 1060 855 1089 856 1090 856 1161 855 1162 855 1164 855 1164 853 1165 853 1173 846 1178 852 1178 853 1180 853 1181 853 1183 853 1194 852 1262 843 1428 847 1430 829 1427 787 1399 784 1398 784 1397 784 1395 784 1392 787 1378 800 1321 800 1310 790 1310 788 1308 788 1307 788 1306 788 1235 801 1210 790 1209 790 1207 790 1206 790 1170 798 1147 788 1142 787 1141 787 1139 787 1138 787 1136 787 1136 788 1135 788 1126 797 1112 788 1110 788 1109 788 1108 788 1106 788 1105 788 1089 801 1054 794 1053 794 1051 794 1032 804 856 791 858 837"/></Shape>
	    <String CONTENT="si otro en ti pusiere amor,"
                    HPOS="856"
                    VPOS="784"
                    WIDTH="574"
                    HEIGHT="75"></String>
          </TextLine>

          
          
          <TextLine ID="line_58"
                    TAGREFS="LT83"
                    BASELINE="858 888 1350 882" 
                    HPOS="856"
                    VPOS="843"
                    WIDTH="494"
                    HEIGHT="67">
            <Shape><Polygon POINTS="858 888 858 910 910 901 1349 901 1350 882 1349 858 1301 843 1300 843 1298 843 1209 853 1160 845 1158 845 1157 845 1155 845 1145 853 1141 858 1131 853 1109 845 1108 845 1106 845 1105 845 1103 845 1092 852 1080 860 995 860 983 850 982 850 980 850 979 850 975 850 910 860 894 849 892 847 891 847 889 847 888 847 856 847 858 888"/></Shape>
	    <String CONTENT="gusto en todo le darás"
                    HPOS="856"
                    VPOS="843"
                    WIDTH="494"
                    HEIGHT="67"></String>
          </TextLine>

          
          
          <TextLine ID="line_59"
                    TAGREFS="LT83"
                    BASELINE="858 940 1424 933" 
                    HPOS="856"
                    VPOS="897"
                    WIDTH="568"
                    HEIGHT="63">
            <Shape><Polygon POINTS="858 940 858 960 1424 951 1424 933 1423 907 1394 897 1392 897 1310 897 1308 897 1307 897 1287 907 999 901 998 901 996 901 995 901 995 902 986 910 949 902 947 902 946 902 944 902 944 904 936 912 856 912 858 940"/></Shape>
	    <String CONTENT="y un requiescant con dolor,"
                    HPOS="856"
                    VPOS="897"
                    WIDTH="568"
                    HEIGHT="63"></String>
          </TextLine>

          
          
          <TextLine ID="line_33"
                    TAGREFS="LT83"
                    BASELINE="859 990 1343 983" 
                    HPOS="858"
                    VPOS="951"
                    WIDTH="485"
                    HEIGHT="63">
            <Shape><Polygon POINTS="859 990 859 1006 927 1014 928 1014 930 1014 952 1005 956 1003 960 1005 988 1012 989 1012 991 1012 992 1012 1019 1003 1024 1002 1031 1003 1080 1011 1082 1011 1083 1011 1102 1001 1105 999 1106 1001 1116 1009 1116 1011 1118 1011 1119 1011 1121 1012 1148 1012 1148 1011 1149 1011 1188 999 1194 998 1210 998 1314 1006 1316 1006 1317 1006 1343 995 1343 983 1340 962 1245 951 1243 951 1178 962 1149 953 1148 953 1147 953 1050 964 989 957 988 957 921 966 892 957 891 957 889 957 888 957 858 967 859 990"/></Shape>
	    <String CONTENT="ni una vez sola dirás."
                    HPOS="858"
                    VPOS="951"
                    WIDTH="485"
                    HEIGHT="63"></String>
          </TextLine>

          
          
          <TextLine ID="line_60"
                    TAGREFS="LT83"
                    BASELINE="911 1044 1460 1032" 
                    HPOS="910"
                    VPOS="989"
                    WIDTH="550"
                    HEIGHT="77">
            <Shape><Polygon POINTS="911 1044 911 1055 952 1066 953 1066 954 1066 978 1055 980 1055 983 1055 1021 1064 1022 1064 1103 1063 1105 1063 1106 1063 1115 1055 1119 1053 1151 1055 1197 1060 1199 1060 1225 1055 1255 1050 1459 1054 1460 1032 1459 1002 1437 989 1436 989 1434 989 1349 989 1347 989 1346 989 1307 1008 1304 1008 1303 1008 1258 990 1256 990 1255 990 1254 990 1219 1003 1201 998 1200 998 1199 998 1197 998 1196 998 1196 999 1184 1009 1183 1011 1177 1011 1141 1005 1139 1005 1032 1014 1022 1014 1021 1014 982 996 980 996 979 996 917 1005 915 1005 914 1005 914 1006 913 1006 910 1008 911 1044"/></Shape>
	    <String CONTENT="En fin no tendrás cuidado,"
                    HPOS="910"
                    VPOS="989"
                    WIDTH="550"
                    HEIGHT="77"></String>
          </TextLine>

          
          
          <TextLine ID="line_61"
                    TAGREFS="LT83"
                    BASELINE="863 1096 1473 1086" 
                    HPOS="862"
                    VPOS="1045"
                    WIDTH="611"
                    HEIGHT="75">
            <Shape><Polygon POINTS="863 1096 865 1120 898 1110 924 1119 926 1119 927 1119 985 1109 1034 1118 1035 1118 1037 1118 1038 1118 1050 1109 1083 1115 1084 1115 1212 1105 1238 1113 1239 1113 1241 1113 1295 1103 1304 1110 1304 1112 1306 1112 1307 1112 1308 1112 1358 1103 1392 1110 1394 1110 1395 1110 1397 1110 1408 1102 1470 1110 1473 1086 1470 1060 1362 1060 1346 1045 1345 1045 1343 1045 1303 1045 1301 1045 1148 1054 1147 1054 1125 1064 1077 1054 1076 1054 995 1066 960 1051 959 1051 957 1051 862 1068 863 1096"/></Shape>
	    <String CONTENT="que me salve ó me condene,"
                    HPOS="862"
                    VPOS="1045"
                    WIDTH="611"
                    HEIGHT="75"></String>
          </TextLine>

          
          
          <TextLine ID="line_34"
                    TAGREFS="LT83"
                    BASELINE="863 1149 1324 1141" 
                    HPOS="862"
                    VPOS="1100"
                    WIDTH="462"
                    HEIGHT="71">
            <Shape><Polygon POINTS="863 1149 863 1171 939 1161 991 1168 1005 1170 1006 1170 1008 1170 1009 1170 1009 1168 1011 1168 1019 1159 1070 1165 1082 1167 1083 1167 1084 1167 1090 1165 1115 1158 1141 1164 1155 1167 1157 1167 1158 1167 1171 1162 1187 1158 1197 1162 1204 1165 1206 1165 1207 1165 1225 1161 1252 1155 1323 1158 1324 1141 1321 1107 1251 1100 1249 1100 1248 1100 1246 1100 1246 1102 1245 1102 1239 1109 1238 1112 1184 1112 1164 1112 1135 1103 1134 1103 1132 1103 1131 1103 1103 1113 1100 1115 1099 1113 1086 1105 1084 1105 1083 1105 1037 1105 1035 1105 1034 1105 989 1118 985 1119 862 1120 863 1149"/></Shape>
	    <String CONTENT="pero quedaré pagado,"
                    HPOS="862"
                    VPOS="1100"
                    WIDTH="462"
                    HEIGHT="71"></String>
          </TextLine>

          
          
          <TextLine ID="line_35"
                    TAGREFS="LT83"
                    BASELINE="865 1200 1332 1193" 
                    HPOS="863"
                    VPOS="1154"
                    WIDTH="469"
                    HEIGHT="63">
            <Shape><Polygon POINTS="865 1200 865 1210 967 1217 969 1217 970 1217 993 1209 995 1209 996 1209 1028 1217 1030 1217 1031 1217 1032 1217 1067 1207 1070 1207 1071 1207 1110 1216 1112 1216 1165 1206 1168 1206 1171 1206 1226 1214 1228 1214 1311 1213 1313 1213 1332 1203 1332 1193 1326 1154 1307 1164 1259 1155 1245 1154 1243 1154 1242 1154 1241 1154 1241 1155 1239 1157 1230 1165 1213 1157 1209 1155 1207 1155 1206 1155 1183 1158 1123 1167 1097 1161 1086 1158 1084 1158 1083 1158 1082 1158 1069 1161 1043 1168 989 1164 950 1161 949 1161 947 1161 937 1165 927 1170 915 1167 892 1159 891 1159 889 1159 888 1159 863 1167 865 1200"/></Shape>
	    <String CONTENT="si de caridad dijeres,"
                    HPOS="863"
                    VPOS="1154"
                    WIDTH="469"
                    HEIGHT="63"></String>
          </TextLine>

          
          
          <TextLine ID="line_62"
                    TAGREFS="LT83"
                    BASELINE="868 1252 1385 1242" 
                    HPOS="866"
                    VPOS="1201"
                    WIDTH="519"
                    HEIGHT="78">
            <Shape><Polygon POINTS="868 1252 868 1268 905 1279 907 1279 908 1279 910 1279 941 1268 970 1274 972 1274 1074 1266 1083 1274 1084 1274 1086 1274 1087 1274 1132 1265 1160 1275 1161 1275 1162 1275 1358 1271 1359 1271 1385 1258 1385 1242 1384 1214 1356 1201 1355 1201 1311 1201 1310 1201 1251 1209 1243 1203 1242 1203 1241 1203 1239 1203 1238 1203 1216 1214 1212 1216 866 1214 868 1252"/></Shape>
	    <String CONTENT="Dios te haya perdonado."
                    HPOS="866"
                    VPOS="1201"
                    WIDTH="519"
                    HEIGHT="78"></String>
          </TextLine>

          
          
          <TextLine ID="line_63"
                    TAGREFS="LT83"
                    BASELINE="828 1304 1480 1292" 
                    HPOS="820"
                    VPOS="1250"
                    WIDTH="660"
                    HEIGHT="77">
            <Shape><Polygon POINTS="822 1326 905 1320 933 1324 949 1327 950 1327 952 1327 965 1324 986 1318 1017 1323 1057 1327 1058 1327 1119 1320 1149 1315 1162 1318 1191 1324 1193 1324 1386 1321 1480 1308 1480 1292 1477 1258 1410 1250 1408 1250 1407 1250 1391 1258 1382 1262 1248 1261 1171 1259 1170 1259 1155 1261 1128 1266 1116 1262 1103 1256 1102 1256 1100 1256 1099 1256 1097 1256 1090 1262 1084 1266 1074 1262 1061 1258 1060 1258 1058 1258 1057 1258 1056 1258 1056 1259 1054 1259 1051 1262 1047 1268 1017 1263 979 1258 978 1258 976 1258 975 1258 975 1259 973 1259 970 1263 967 1266 965 1263 959 1259 957 1259 956 1259 954 1259 927 1265 907 1268 902 1265 898 1261 897 1261 895 1261 894 1261 820 1265 822 1304"/></Shape>
	    <String CONTENT="VI. Si me quieren, correspondo"
                    HPOS="820"
                    VPOS="1250"
                    WIDTH="660"
                    HEIGHT="77"></String>
          </TextLine>

          
          
          <TextLine ID="line_64"
                    TAGREFS="LT83"
                    BASELINE="871 1356 1428 1343" 
                    HPOS="869"
                    VPOS="1307"
                    WIDTH="559"
                    HEIGHT="68">
            <Shape><Polygon POINTS="871 1356 871 1375 1428 1357 1428 1343 1424 1317 1378 1318 1369 1317 1334 1307 1333 1307 1332 1307 1246 1317 1206 1321 1200 1317 1193 1311 1193 1310 1191 1310 1190 1310 1188 1310 1139 1317 1128 1318 1116 1317 1086 1313 1084 1313 1083 1313 1082 1313 1076 1317 1064 1327 1030 1327 1022 1321 1022 1320 1021 1320 1019 1320 1018 1320 1017 1320 991 1328 869 1318 871 1356"/></Shape>
	    <String CONTENT="sino, no me dá cuidado,"
                    HPOS="869"
                    VPOS="1307"
                    WIDTH="559"
                    HEIGHT="68"></String>
          </TextLine>

          
          
          <TextLine ID="line_65"
                    TAGREFS="LT83"
                    BASELINE="869 1406 1473 1395" 
                    HPOS="868"
                    VPOS="1354"
                    WIDTH="605"
                    HEIGHT="74">
            <Shape><Polygon POINTS="869 1406 869 1419 970 1418 972 1418 980 1427 982 1427 983 1427 985 1428 1019 1428 1019 1427 1021 1427 1043 1417 1044 1417 1056 1417 1170 1424 1171 1424 1219 1415 1242 1421 1243 1421 1245 1421 1246 1421 1262 1412 1264 1412 1265 1412 1287 1421 1288 1421 1290 1421 1382 1419 1384 1419 1385 1419 1397 1411 1399 1409 1407 1411 1459 1418 1460 1418 1462 1418 1463 1418 1473 1409 1473 1395 1470 1360 1404 1354 1402 1354 1401 1354 1386 1362 1379 1366 1336 1366 1332 1363 1323 1357 1321 1357 1320 1357 1319 1357 1317 1357 1293 1363 1275 1367 1241 1365 1213 1363 1212 1363 1193 1366 1165 1370 1118 1367 1018 1362 1017 1362 962 1372 940 1376 900 1376 895 1373 879 1365 878 1365 876 1365 875 1365 874 1365 868 1367 869 1406"/></Shape>
	    <String CONTENT="amor, no me quita el sueño,"
                    HPOS="868"
                    VPOS="1354"
                    WIDTH="605"
                    HEIGHT="74"></String>
          </TextLine>

          
          
          <TextLine ID="line_66"
                    TAGREFS="LT83"
                    BASELINE="871 1458 1372 1450" 
                    HPOS="869"
                    VPOS="1409"
                    WIDTH="503"
                    HEIGHT="71">
            <Shape><Polygon POINTS="871 1458 871 1473 918 1480 920 1480 921 1480 923 1480 931 1474 939 1480 940 1480 941 1480 943 1480 985 1470 996 1469 1024 1470 1083 1473 1084 1473 1152 1467 1165 1466 1167 1466 1177 1474 1177 1476 1178 1476 1180 1476 1181 1476 1183 1476 1209 1469 1267 1474 1268 1474 1317 1463 1319 1463 1355 1471 1356 1471 1358 1471 1359 1471 1360 1471 1372 1463 1372 1450 1369 1422 1287 1409 1285 1409 1207 1424 1200 1424 1162 1424 1144 1424 1121 1412 1119 1412 1118 1412 1116 1412 1087 1424 1083 1427 1060 1427 1057 1424 1043 1414 1041 1414 1040 1414 1038 1414 1037 1414 1035 1414 1035 1415 1034 1415 1028 1424 1012 1425 988 1427 982 1425 963 1419 962 1419 960 1419 931 1425 920 1428 917 1425 907 1418 907 1417 905 1417 904 1417 902 1417 901 1417 869 1425 871 1458"/></Shape>
	    <String CONTENT="nunca he sido porfiado."
                    HPOS="869"
                    VPOS="1409"
                    WIDTH="503"
                    HEIGHT="71"></String>
          </TextLine>

          
          
          <TextLine ID="line_68"
                    TAGREFS="LT83"
                    BASELINE="923 1510 1498 1495" 
                    HPOS="921"
                    VPOS="1456"
                    WIDTH="577"
                    HEIGHT="75">
            <Shape><Polygon POINTS="923 1510 923 1521 952 1531 953 1531 954 1531 993 1523 1017 1529 1018 1529 1019 1529 1021 1529 1040 1519 1129 1526 1131 1526 1132 1526 1171 1516 1233 1523 1235 1523 1308 1512 1467 1516 1469 1516 1470 1516 1498 1505 1498 1495 1495 1460 1460 1456 1459 1456 1457 1456 1434 1461 1412 1467 1397 1463 1376 1458 1375 1458 1373 1458 1372 1458 1371 1458 1371 1460 1365 1464 1362 1467 1356 1466 1349 1460 1347 1460 1346 1460 1345 1460 1343 1460 1320 1467 1303 1471 1295 1467 1284 1461 1282 1461 1281 1461 1245 1470 1236 1471 1232 1470 1216 1463 1214 1463 1213 1463 1212 1463 1194 1471 1191 1473 1187 1471 1157 1464 1155 1464 1154 1464 1152 1464 1151 1464 1139 1474 1136 1477 1041 1479 1040 1479 1018 1469 1017 1469 1015 1469 973 1477 939 1470 937 1470 936 1470 934 1470 921 1479 923 1510"/></Shape>
	    <String CONTENT="Como es el mundo redondo"
                    HPOS="921"
                    VPOS="1456"
                    WIDTH="577"
                    HEIGHT="75"></String>
          </TextLine>

          
          
          <TextLine ID="line_69"
                    TAGREFS="LT83"
                    BASELINE="875 1562 1463 1549" 
                    HPOS="874"
                    VPOS="1509"
                    WIDTH="589"
                    HEIGHT="69">
            <Shape><Polygon POINTS="875 1562 875 1578 1462 1565 1463 1549 1460 1522 1395 1513 1394 1513 1392 1513 1368 1522 1332 1509 1330 1509 1329 1509 1281 1510 1280 1510 1278 1510 1259 1525 1256 1528 1165 1528 1161 1526 1149 1518 1148 1518 1147 1518 1145 1518 1097 1528 1087 1529 1084 1528 1076 1521 1076 1519 1074 1519 1073 1519 1071 1519 1070 1519 1057 1525 1017 1516 1015 1516 1014 1516 1012 1516 1001 1525 991 1518 989 1518 988 1518 986 1518 947 1525 888 1519 887 1519 885 1519 884 1519 874 1525 875 1562"/></Shape>
	    <String CONTENT="á nada le muestro aprecio ,"
                    HPOS="874"
                    VPOS="1509"
                    WIDTH="589"
                    HEIGHT="69"></String>
          </TextLine>

          
          
          <TextLine ID="line_70"
                    TAGREFS="LT83"
                    BASELINE="876 1613 1454 1600" 
                    HPOS="875"
                    VPOS="1558"
                    WIDTH="579"
                    HEIGHT="78">
            <Shape><Polygon POINTS="876 1613 876 1626 986 1626 988 1626 999 1636 1001 1636 1002 1636 1004 1636 1045 1626 1048 1626 1051 1626 1100 1633 1102 1633 1103 1633 1125 1626 1134 1623 1200 1623 1203 1625 1207 1629 1207 1630 1209 1630 1210 1630 1212 1630 1454 1623 1454 1600 1451 1558 1424 1558 1423 1558 1421 1558 1420 1558 1420 1560 1411 1567 1402 1560 1401 1560 1401 1558 1399 1558 1398 1558 1397 1558 1395 1558 1389 1560 1366 1571 1303 1571 1294 1564 1291 1562 1291 1561 1290 1561 1288 1561 1261 1561 1259 1561 1229 1567 1193 1574 1154 1570 1108 1565 1106 1565 1105 1565 1084 1573 1070 1565 1069 1565 1067 1565 1066 1565 1064 1565 1051 1574 1004 1568 1002 1568 1001 1568 999 1568 999 1570 989 1577 988 1580 944 1580 937 1580 920 1571 918 1571 917 1571 915 1571 875 1581 876 1613"/></Shape>
	    <String CONTENT="si me preguntan, respondo,"
                    HPOS="875"
                    VPOS="1558"
                    WIDTH="579"
                    HEIGHT="78"></String>
          </TextLine>

          
          
          <TextLine ID="line_71"
                    TAGREFS="LT83"
                    BASELINE="878 1665 1480 1652" 
                    HPOS="876"
                    VPOS="1613"
                    WIDTH="604"
                    HEIGHT="74">
            <Shape><Polygon POINTS="878 1665 878 1687 1210 1687 1210 1685 1265 1675 1280 1672 1291 1674 1342 1682 1343 1682 1345 1682 1371 1672 1394 1678 1395 1678 1397 1678 1398 1678 1424 1669 1427 1669 1428 1669 1449 1678 1450 1678 1451 1678 1453 1678 1480 1668 1480 1652 1477 1623 1402 1613 1401 1613 1399 1613 1398 1613 1398 1614 1391 1622 1311 1625 1251 1616 1249 1616 1248 1616 1219 1626 1145 1616 1144 1616 1105 1617 1103 1617 1077 1630 1058 1619 1057 1619 1056 1619 1054 1619 1053 1619 1008 1632 913 1622 911 1622 910 1622 876 1635 878 1665"/></Shape>
	    <String CONTENT="si me des precian, desprecio,"
                    HPOS="876"
                    VPOS="1613"
                    WIDTH="604"
                    HEIGHT="74"></String>
          </TextLine>

          
          
          <TextLine ID="line_72"
                    TAGREFS="LT83"
                    BASELINE="876 1716 1475 1704" 
                    HPOS="875"
                    VPOS="1665"
                    WIDTH="600"
                    HEIGHT="77">
            <Shape><Polygon POINTS="876 1716 876 1733 897 1742 898 1742 900 1742 946 1731 960 1729 966 1731 985 1740 986 1740 988 1742 1024 1742 1024 1740 1109 1727 1125 1726 1128 1727 1139 1737 1141 1737 1142 1737 1144 1737 1249 1736 1251 1736 1288 1726 1320 1734 1321 1734 1323 1734 1324 1734 1350 1721 1353 1720 1473 1718 1475 1704 1472 1678 1398 1665 1397 1665 1339 1674 1252 1668 1251 1668 1249 1668 1222 1682 1219 1682 1177 1677 1175 1677 1113 1684 1103 1675 1103 1674 1102 1674 1100 1674 1060 1674 1058 1674 1057 1674 1019 1687 1017 1688 923 1688 921 1688 907 1678 905 1678 904 1678 902 1678 901 1678 875 1687 876 1716"/></Shape>
	    <String CONTENT="si me quieren, correspondo."
                    HPOS="875"
                    VPOS="1665"
                    WIDTH="600"
                    HEIGHT="77"></String>
          </TextLine>

          
          
          <TextLine ID="line_73"
                    TAGREFS="LT83"
                    BASELINE="926 1768 1524 1753" 
                    HPOS="924"
                    VPOS="1710"
                    WIDTH="600"
                    HEIGHT="76">
            <Shape><Polygon POINTS="926 1768 926 1786 1337 1786 1337 1785 1339 1785 1340 1785 1340 1783 1342 1783 1343 1781 1347 1776 1355 1781 1358 1783 1359 1783 1360 1783 1362 1783 1449 1782 1450 1782 1451 1782 1454 1779 1466 1772 1522 1778 1524 1753 1519 1710 1391 1718 1372 1714 1366 1713 1365 1713 1363 1713 1362 1713 1358 1714 1334 1724 1293 1718 1291 1718 1290 1718 1272 1727 1138 1729 1128 1723 1123 1718 1122 1718 1121 1718 1119 1718 1118 1718 1116 1718 1109 1723 1097 1730 1069 1724 1057 1723 1056 1723 1054 1723 1050 1726 1037 1731 1015 1726 1009 1726 1008 1726 1001 1727 973 1733 967 1729 963 1724 963 1723 962 1723 960 1723 959 1723 924 1729 926 1768"/></Shape>
	    <String CONTENT="Cuando de amor he tratado,"
                    HPOS="924"
                    VPOS="1710"
                    WIDTH="600"
                    HEIGHT="76"></String>
          </TextLine>

          
          
          <TextLine ID="line_74"
                    TAGREFS="LT83"
                    BASELINE="879 1820 1343 1811" 
                    HPOS="878"
                    VPOS="1773"
                    WIDTH="465"
                    HEIGHT="68">
            <Shape><Polygon POINTS="879 1820 881 1841 907 1831 975 1837 988 1838 989 1838 999 1837 1032 1828 1044 1835 1045 1835 1047 1835 1048 1835 1074 1834 1147 1827 1177 1830 1229 1834 1230 1834 1232 1834 1261 1825 1269 1824 1278 1825 1324 1833 1326 1833 1327 1833 1329 1833 1343 1822 1343 1811 1340 1782 1265 1773 1264 1773 1191 1783 1181 1785 1174 1785 1109 1775 1108 1775 1106 1775 1069 1786 1067 1786 1032 1776 1031 1776 1030 1776 878 1789 879 1820"/></Shape>
	    <String CONTENT="con desconfianza vivo,"
                    HPOS="878"
                    VPOS="1773"
                    WIDTH="465"
                    HEIGHT="68"></String>
          </TextLine>

          
          
          <TextLine ID="line_75"
                    TAGREFS="LT83"
                    BASELINE="884 1874 1381 1861" 
                    HPOS="882"
                    VPOS="1825"
                    WIDTH="499"
                    HEIGHT="68">
            <Shape><Polygon POINTS="884 1874 884 1893 1009 1883 1032 1887 1047 1890 1048 1890 1073 1886 1105 1880 1152 1883 1213 1886 1214 1886 1267 1877 1282 1876 1297 1876 1363 1882 1365 1882 1366 1882 1381 1873 1381 1861 1376 1825 1158 1837 1121 1831 1115 1831 1113 1831 1112 1831 1110 1831 1100 1838 882 1838 884 1874"/></Shape>
	    <String CONTENT="yo por no ser porfiado,"
                    HPOS="882"
                    VPOS="1825"
                    WIDTH="499"
                    HEIGHT="68"></String>
          </TextLine>

          
          
          <TextLine ID="line_76"
                    TAGREFS="LT83"
                    BASELINE="884 1922 1401 1912" 
                    HPOS="882"
                    VPOS="1876"
                    WIDTH="519"
                    HEIGHT="65">
            <Shape><Polygon POINTS="884 1922 884 1939 1032 1932 1040 1935 1051 1941 1053 1941 1054 1941 1167 1939 1168 1939 1170 1939 1170 1938 1178 1931 1181 1929 1193 1931 1258 1937 1259 1937 1261 1937 1291 1928 1381 1935 1382 1935 1384 1935 1385 1935 1401 1925 1401 1912 1399 1885 1381 1877 1379 1877 1378 1877 1376 1877 1350 1885 1329 1876 1327 1876 1326 1876 1324 1876 1298 1886 1295 1886 1287 1886 1212 1879 1210 1879 1209 1879 1183 1887 1175 1889 1149 1887 1064 1882 1063 1882 1019 1889 1005 1892 1001 1889 993 1886 992 1886 991 1886 952 1890 926 1893 923 1890 917 1886 917 1885 915 1885 914 1885 913 1885 882 1890 884 1922"/></Shape>
	    <String CONTENT="si me lo dan, lo recibo,"
                    HPOS="882"
                    VPOS="1876"
                    WIDTH="519"
                    HEIGHT="65"></String>
          </TextLine>

          
          
          <TextLine ID="line_77"
                    TAGREFS="LT83"
                    BASELINE="885 1974 1431 1961" 
                    HPOS="884"
                    VPOS="1922"
                    WIDTH="547"
                    HEIGHT="68">
            <Shape><Polygon POINTS="885 1974 885 1990 946 1983 986 1989 1004 1990 1005 1990 1006 1990 1008 1990 1012 1987 1022 1981 1076 1984 1123 1987 1125 1987 1165 1981 1184 1978 1236 1978 1405 1978 1407 1978 1408 1978 1431 1970 1431 1961 1428 1935 1375 1922 1373 1922 1308 1924 1307 1924 1280 1937 1228 1926 1226 1926 1225 1926 1177 1941 1077 1941 1070 1935 1070 1934 1069 1934 1067 1934 1066 1934 967 1944 957 1935 957 1934 956 1934 954 1934 923 1934 921 1934 920 1934 884 1947 885 1974"/></Shape>
	    <String CONTENT="si no, no me dá cuidado."
                    HPOS="884"
                    VPOS="1922"
                    WIDTH="547"
                    HEIGHT="68"></String>
          </TextLine>

          
          
          <TextLine ID="line_79"
                    TAGREFS="LT83"
                    BASELINE="933 2028 1576 2009" 
                    HPOS="930"
                    VPOS="1967"
                    WIDTH="646"
                    HEIGHT="87">
            <Shape><Polygon POINTS="933 2028 933 2042 957 2042 959 2042 969 2052 969 2054 970 2054 972 2054 973 2054 975 2054 995 2046 1028 2052 1030 2052 1031 2052 1032 2052 1050 2042 1054 2039 1063 2041 1080 2046 1082 2046 1083 2046 1084 2046 1086 2046 1092 2041 1097 2038 1121 2041 1177 2048 1178 2048 1230 2043 1232 2043 1233 2043 1233 2042 1238 2039 1243 2033 1258 2039 1271 2043 1272 2043 1274 2043 1275 2043 1295 2039 1329 2030 1360 2030 1368 2038 1372 2041 1372 2042 1373 2042 1375 2042 1376 2042 1378 2042 1388 2038 1394 2035 1402 2038 1414 2041 1415 2041 1417 2041 1418 2041 1420 2041 1424 2038 1437 2028 1508 2035 1509 2035 1511 2035 1512 2035 1527 2025 1542 2036 1544 2036 1545 2036 1547 2036 1576 2035 1576 2009 1574 1976 1550 1967 1548 1967 1547 1967 1545 1967 1511 1977 1496 1980 1485 1977 1457 1970 1456 1970 1454 1970 1453 1970 1436 1978 1433 1980 1428 1978 1417 1973 1415 1973 1414 1973 1412 1973 1411 1973 1404 1978 1398 1983 1382 1980 1350 1973 1349 1973 1347 1973 1319 1981 1300 1986 1288 1981 1274 1976 1272 1976 1271 1976 1269 1976 1268 1976 1258 1983 1249 1987 1235 1983 1225 1980 1223 1980 1222 1980 1203 1983 1178 1989 1171 1984 1162 1978 1161 1978 1160 1978 1158 1978 1129 1984 1102 1991 1082 1986 1064 1981 1063 1981 1061 1981 1060 1981 1058 1981 1053 1987 1044 1994 1005 1994 999 1987 996 1986 996 1984 995 1984 993 1984 992 1984 930 1989 933 2028"/></Shape>
	    <String CONTENT="De esto el mundo dá el diseño"
                    HPOS="930"
                    VPOS="1967"
                    WIDTH="646"
                    HEIGHT="87"></String>
          </TextLine>

          
          
          <TextLine ID="line_80"
                    TAGREFS="LT83"
                    BASELINE="885 2078 1397 2069" 
                    HPOS="884"
                    VPOS="2030"
                    WIDTH="513"
                    HEIGHT="70">
            <Shape><Polygon POINTS="885 2078 885 2093 930 2100 931 2100 1006 2091 1009 2091 1017 2097 1017 2098 1018 2098 1019 2098 1021 2098 1058 2090 1064 2090 1069 2090 1102 2097 1103 2097 1142 2088 1148 2088 1154 2088 1197 2095 1199 2095 1265 2087 1269 2087 1271 2087 1287 2094 1288 2094 1290 2094 1291 2094 1293 2094 1300 2088 1307 2094 1308 2094 1310 2094 1311 2094 1395 2084 1397 2069 1389 2030 1372 2042 1287 2042 1275 2035 1274 2033 1272 2033 1271 2033 1269 2033 1256 2035 1213 2043 1191 2038 1181 2035 1180 2035 1178 2035 1177 2035 1175 2035 1173 2038 1165 2045 1129 2045 1122 2041 1116 2035 1115 2035 1113 2035 1058 2035 1057 2035 1056 2035 1054 2035 1054 2036 1047 2043 1044 2046 1011 2043 930 2038 928 2038 884 2048 885 2078"/></Shape>
	    <String CONTENT="en las edades tempranas,"
                    HPOS="884"
                    VPOS="2030"
                    WIDTH="513"
                    HEIGHT="70"></String>
          </TextLine>

          
          
          <TextLine ID="line_81"
                    TAGREFS="LT83"
                    BASELINE="892 2132 1424 2120" 
                    HPOS="891"
                    VPOS="2082"
                    WIDTH="533"
                    HEIGHT="68">
            <Shape><Polygon POINTS="892 2132 894 2150 921 2143 962 2147 972 2149 973 2149 975 2149 976 2149 976 2147 978 2147 983 2142 1038 2145 1080 2147 1082 2147 1123 2142 1158 2137 1177 2140 1216 2145 1217 2145 1219 2145 1220 2145 1220 2143 1226 2137 1228 2137 1229 2137 1236 2143 1238 2143 1239 2143 1241 2143 1242 2143 1267 2136 1269 2136 1274 2136 1327 2142 1329 2142 1330 2142 1332 2142 1332 2140 1339 2134 1408 2140 1410 2140 1411 2140 1412 2140 1424 2132 1424 2120 1421 2094 1358 2082 1356 2082 1277 2094 1265 2085 1264 2085 1262 2085 1261 2085 1259 2085 1239 2093 1228 2085 1226 2085 1225 2085 1223 2085 1148 2098 1147 2098 1145 2098 1099 2088 1097 2088 1096 2088 1095 2088 1080 2100 1079 2100 1076 2100 993 2091 992 2091 991 2091 989 2091 979 2100 972 2094 970 2094 969 2094 967 2094 966 2094 965 2094 954 2103 953 2103 930 2095 928 2095 927 2095 891 2103 892 2132"/></Shape>
	    <String CONTENT="yo por nadie me despeño,"
                    HPOS="891"
                    VPOS="2082"
                    WIDTH="533"
                    HEIGHT="68"></String>
          </TextLine>

          
          
          <TextLine ID="line_82"
                    TAGREFS="LT83"
                    BASELINE="891 2184 1472 2172" 
                    HPOS="889"
                    VPOS="2130"
                    WIDTH="583"
                    HEIGHT="78">
            <Shape><Polygon POINTS="891 2184 891 2208 924 2208 924 2207 926 2207 927 2207 937 2198 1038 2202 1090 2204 1092 2204 1093 2204 1095 2204 1100 2199 1109 2194 1123 2199 1132 2202 1134 2202 1135 2202 1164 2198 1181 2195 1196 2197 1236 2201 1238 2201 1239 2201 1241 2201 1249 2195 1256 2189 1326 2189 1332 2191 1347 2198 1349 2198 1350 2198 1352 2198 1382 2189 1384 2189 1385 2189 1394 2198 1395 2198 1397 2198 1398 2198 1399 2198 1433 2188 1451 2197 1453 2197 1454 2197 1456 2197 1457 2197 1472 2188 1472 2172 1469 2143 1417 2136 1415 2136 1329 2143 1307 2145 1301 2143 1256 2130 1255 2130 1254 2130 1252 2130 1251 2130 1233 2143 1230 2146 1225 2143 1194 2132 1193 2132 1191 2132 1115 2133 1113 2133 1112 2133 1112 2134 1102 2145 1097 2149 1043 2147 1040 2145 1030 2136 1028 2136 1027 2136 975 2136 973 2136 972 2136 953 2145 939 2152 889 2146 891 2184"/></Shape>
	    <String CONTENT="yo como y bebo con ganas,"
                    HPOS="889"
                    VPOS="2130"
                    WIDTH="583"
                    HEIGHT="78"></String>
          </TextLine>

          
          
          <TextLine ID="line_84"
                    TAGREFS="LT83"
                    BASELINE="891 2237 960 2230 1522 2220" 
                    HPOS="889"
                    VPOS="2179"
                    WIDTH="633"
                    HEIGHT="75">
            <Shape><Polygon POINTS="891 2237 892 2254 917 2244 1011 2251 1012 2251 1014 2251 1041 2241 1067 2250 1069 2250 1070 2250 1135 2243 1170 2249 1171 2249 1173 2249 1174 2249 1175 2249 1191 2238 1212 2247 1213 2247 1214 2247 1307 2237 1412 2241 1414 2241 1415 2241 1433 2234 1519 2241 1522 2220 1518 2179 1444 2189 1421 2182 1417 2181 1415 2181 1414 2181 1412 2181 1408 2182 1394 2191 1313 2186 1265 2184 1264 2184 1262 2184 1251 2188 1238 2194 1177 2191 1131 2189 1129 2189 1099 2194 1080 2197 1074 2195 1057 2188 1056 2188 1054 2188 1053 2188 1019 2197 1012 2198 1006 2198 975 2192 973 2192 889 2201 891 2237"/></Shape>
	    <String CONTENT="y amor no me quita el sueño."
                    HPOS="889"
                    VPOS="2179"
                    WIDTH="633"
                    HEIGHT="75"></String>
          </TextLine>

          
          
          <TextLine ID="line_85"
                    TAGREFS="LT83"
                    BASELINE="940 2283 1542 2275" 
                    HPOS="939"
                    VPOS="2234"
                    WIDTH="603"
                    HEIGHT="74">
            <Shape><Polygon POINTS="940 2283 940 2308 1063 2306 1064 2306 1066 2306 1067 2305 1077 2296 1090 2303 1096 2306 1097 2306 1099 2306 1116 2303 1139 2298 1149 2302 1157 2305 1158 2305 1160 2305 1190 2301 1241 2293 1281 2298 1332 2303 1333 2303 1407 2293 1424 2292 1430 2293 1451 2301 1453 2301 1454 2301 1456 2301 1457 2301 1467 2292 1470 2290 1514 2290 1515 2290 1527 2301 1528 2301 1529 2301 1531 2301 1532 2301 1534 2301 1534 2299 1542 2289 1542 2275 1540 2246 1506 2246 1496 2236 1495 2236 1493 2236 1492 2236 1490 2236 1489 2236 1479 2246 1451 2246 1404 2246 1402 2246 1395 2238 1394 2238 1392 2238 1391 2238 1345 2246 1337 2247 1336 2246 1329 2240 1329 2238 1327 2238 1326 2238 1271 2234 1269 2234 1268 2234 1242 2247 1238 2249 1235 2247 1210 2236 1209 2236 1207 2236 1154 2243 1110 2237 1109 2237 1108 2237 1106 2237 1092 2247 1089 2250 1087 2247 1076 2240 1074 2240 1073 2240 1071 2240 1027 2247 956 2238 954 2238 953 2238 952 2238 939 2246 940 2283"/></Shape>
	    <String CONTENT="Nunca á nadie le he rogado,"
                    HPOS="939"
                    VPOS="2234"
                    WIDTH="603"
                    HEIGHT="74"></String>
          </TextLine>

          
          
          <TextLine ID="line_86"
                    TAGREFS="LT83"
                    BASELINE="892 2335 1440 2327" 
                    HPOS="891"
                    VPOS="2286"
                    WIDTH="549"
                    HEIGHT="72">
            <Shape><Polygon POINTS="892 2335 892 2358 939 2358 939 2357 940 2357 941 2357 941 2355 952 2347 1070 2351 1071 2351 1073 2351 1074 2351 1074 2350 1076 2350 1080 2344 1103 2354 1105 2354 1106 2354 1113 2354 1274 2341 1330 2350 1332 2350 1405 2340 1415 2348 1415 2350 1417 2350 1418 2350 1420 2350 1440 2348 1440 2327 1434 2288 1411 2299 1392 2288 1391 2286 1389 2286 1388 2286 1386 2286 1385 2286 1381 2288 1356 2298 1317 2289 1310 2288 1308 2288 1307 2288 1306 2288 1304 2289 1285 2302 1254 2302 1175 2290 1165 2289 1164 2289 1162 2289 1160 2290 1126 2303 1076 2290 1071 2290 1070 2290 1069 2290 1067 2290 1051 2305 979 2306 891 2293 892 2335"/></Shape>
	    <String CONTENT="ni en tal espejo se vieran,"
                    HPOS="891"
                    VPOS="2286"
                    WIDTH="549"
                    HEIGHT="72"></String>
          </TextLine>

          
          
          <TextLine ID="line_87"
                    TAGREFS="LT83"
                    BASELINE="892 2387 1447 2380" 
                    HPOS="891"
                    VPOS="2337"
                    WIDTH="556"
                    HEIGHT="65">
            <Shape><Polygon POINTS="892 2387 892 2402 1447 2396 1447 2380 1444 2351 1391 2340 1389 2340 1388 2340 1386 2340 1372 2350 1321 2337 1320 2337 1319 2337 1290 2340 1288 2340 1287 2340 1287 2341 1275 2350 1262 2341 1261 2341 1259 2341 1258 2341 1256 2341 1223 2353 1220 2353 1214 2353 1162 2345 1161 2345 1110 2353 1102 2354 1100 2353 1084 2341 1083 2341 1082 2341 1002 2340 1001 2340 891 2354 892 2387"/></Shape>
	    <String CONTENT="mi amor ha sido estimado,"
                    HPOS="891"
                    VPOS="2337"
                    WIDTH="556"
                    HEIGHT="65"></String>
          </TextLine>

          
          
          <TextLine ID="line_88"
                    TAGREFS="LT83"
                    BASELINE="894 2439 1433 2431" 
                    HPOS="892"
                    VPOS="2396"
                    WIDTH="541"
                    HEIGHT="68">
            <Shape><Polygon POINTS="894 2439 894 2464 970 2464 970 2462 972 2462 973 2462 973 2461 976 2459 985 2449 1004 2458 1009 2461 1011 2461 1012 2461 1070 2459 1071 2459 1080 2455 1095 2448 1115 2448 1121 2454 1126 2458 1126 2459 1128 2459 1129 2459 1131 2459 1171 2458 1173 2458 1174 2458 1183 2451 1188 2446 1209 2449 1242 2455 1243 2455 1245 2455 1246 2455 1246 2454 1248 2454 1252 2448 1255 2445 1259 2448 1278 2457 1280 2457 1281 2457 1282 2457 1306 2445 1308 2445 1339 2445 1395 2445 1411 2454 1412 2454 1414 2454 1415 2454 1417 2454 1418 2454 1433 2442 1433 2431 1430 2407 1290 2396 1288 2396 1287 2396 1252 2405 1213 2397 1212 2397 1210 2397 1209 2397 1209 2399 1196 2409 1128 2399 1126 2399 1125 2399 1123 2399 1123 2400 1112 2412 1092 2412 1077 2399 1076 2399 1074 2399 1073 2399 1071 2399 1047 2412 962 2403 960 2403 892 2415 894 2439"/></Shape>
	    <String CONTENT="pero para que le quieran"
                    HPOS="892"
                    VPOS="2396"
                    WIDTH="541"
                    HEIGHT="68"></String>
          </TextLine>

          
          
          <TextLine ID="line_89"
                    TAGREFS="LT83"
                    BASELINE="898 2493 1398 2483" 
                    HPOS="897"
                    VPOS="2446"
                    WIDTH="501"
                    HEIGHT="80">
            <Shape><Polygon POINTS="898 2493 898 2526 966 2524 967 2524 969 2524 972 2522 993 2506 1018 2519 1021 2520 1022 2520 1024 2520 1025 2520 1028 2519 1057 2504 1077 2516 1086 2520 1087 2520 1089 2520 1090 2520 1092 2520 1099 2514 1115 2503 1138 2511 1144 2514 1145 2514 1147 2514 1148 2514 1160 2510 1170 2507 1177 2510 1200 2519 1201 2519 1203 2520 1254 2520 1254 2519 1255 2519 1287 2503 1294 2500 1303 2501 1323 2507 1324 2507 1326 2507 1398 2496 1398 2483 1395 2457 1326 2446 1324 2446 1323 2446 1321 2446 1310 2454 1238 2449 1236 2449 1235 2449 1233 2449 1220 2458 1126 2451 1125 2451 1123 2451 1122 2451 1122 2452 1113 2461 1071 2461 1045 2452 1044 2452 1043 2452 1041 2452 1004 2462 970 2457 969 2457 897 2465 898 2493"/></Shape>
	    <String CONTENT="nunca he sido porfiado."
                    HPOS="897"
                    VPOS="2446"
                    WIDTH="501"
                    HEIGHT="80"></String>
          </TextLine>

          
        </TextBlock>
        

        
      </PrintSpace>
    </Page>
  </Layout>
</alto>
