1842 2600
47 180 614 68 ¡ó quién de amor no supiera !

92 222 561 68 De mi dolor te doy parte,

46 265 598 80 pues me esplico enternecido,

62 322 549 76 ¡ ó quien antes de adorarte

47 374 512 75 no te hubiera conocido!

50 429 529 70 para no llegar á amarte.

101 476 511 70 Mi marririo ponderarte

54 534 445 61 amada prenda no sé,

59 585 482 63 será preciso olvidarte,

59 637 501 67 si me preguntas porqué

59 684 566 70 porque sino he de gozarte.

104 733 567 77 En fin, mi fué solo espera

60 790 500 68 de tí un íntimo favor,

63 846 540 62 que me muero considera,

65 889 557 77 mas sino premias mi amor

66 938 601 80 de que sirve que te quiera?

15 985 677 85 IV. Llegó el dia ¡ trance fuerte !

70 1047 600 73 de mi ausencia ¡qué rigor!

75 1096 608 74 ya me despido ¡ qué muerte!

73 1157 504 60 lloremos juntos los dos.

122 1203 564 68 Mi vida por no perderte,

78 1256 525 65 mas apreciara el morir,

83 1304 580 72 mejor quisiera la muerte,

80 1354 519 73 que no llegarte á decir

83 1405 591 69 llegó el dia ¡trance fuerte!

132 1457 630 74 No hay dolor que á mi dolor

85 1515 552 68 le iguale, y asi te digo,

89 1565 504 65 que no me falta valor,

102 1617 530 68 y el cielo solo es testigo

91 1666 590 70 de mi ausencia ¡ qué rigor!

141 1716 653 73 Posible es que no he de verte,

96 1770 652 70 y he de ausentarme y dejarte,

98 1820 644 72 ya te quedas !trance fuerte!

96 1879 522 52 el corazon se me parte,

98 1922 625 68 ya me despido ¡ qué muerte!

148 1974 535 68 Recibe el último á Dios,

98 2030 530 63 que no puedo imaginar,

105 2085 535 58 que al apartarme de vos,

108 2130 539 62 ya mi remedio es llorar,

106 2185 512 65 lloremos juntos los dos.

63 2230 572 75 V. Cuantas veces pasarás

112 2288 600 65 por donde yo esté enterrado,

111 2340 479 62 ni una vez sola dirás,

112 2389 520 75 Dios te haya perdonado.

882 183 486 42 De otro te enamorarás,

840 208 503 73 y le dirás mil ternuras,

836 261 426 61 con él te divertirás

839 309 494 68 y asi por mi sepultura

837 365 473 64 cuantas veces pasarás.

887 411 469 68 De tí no seré llorado

845 469 534 62 por ser tu pasion escasa,

846 520 530 65 mas despues de sepultado

846 572 517 63 te reconvendrás si pasas

850 609 603 81 por donde yo esté enterrado.

897 670 446 59 Mi cariño olvidarás,

855 712 555 78 si otro en tí pusiere amor,

852 777 497 65 gusto en todo le darás

856 829 588 65 y un requiescant con dolor,

859 882 468 68 ni una vez sola dirás.

907 924 569 72 En fin no tendrás cuidado,

863 982 606 71 que me salve ó me condene,

866 1032 484 73 pero quedaré pagado,

868 1089 498 57 si de caridad digeres,

869 1133 552 64 Dios te haya perdonado.

820 1183 663 79 VI. Si me quieren, correspondo

868 1243 546 67 sino, no me dá cuidado,

869 1291 623 75 amor, no me quita el sueño,

874 1346 544 69 nunca he sido porfiado.

923 1395 575 69 Como es el mundo redondo

876 1445 578 74 á nada le muestro aprecio,

881 1502 583 66 si me preguntan, respondo,

881 1552 592 68 si me desprecian, desprecio,

884 1604 593 67 si me quieren, correspondo.

928 1651 596 72 Cuando de amor he tratado,

882 1710 497 63 con desconfianza vivo,

887 1762 498 66 yo por no ser porfiado,

885 1814 509 56 si me lo dan, lo recibo,

888 1859 563 72 si no, no me dá cuidado.

934 1908 653 73 De esto el mundo dá el diseño

892 1971 546 62 en las edades tempranas.

897 2022 591 63 yo por nadie me despeño,

897 2068 618 71 yo como y bebo con ganas,

902 2120 687 66 y amor no me quita le sueño,

943 2173 649 65 Nunca á nadie le he rogado.

897 2225 615 67 ni en tal espejo se vieran,

898 2277 607 65 mi amor ha sido estimado;

901 2331 565 68 pero para que le quieran

901 2381 507 86 nunca he sido porfiado.
