1842 2600
69 780 1515 123 TROVOS Y GLOSAS DISCRETAS, QUE PARA EXPLICAR

65 823 1523 134 sus penas cantaba un amante despreciado, cuando se divertia

213 882 1191 113 con sus amigos ; compuestos por D. Zeferino Zepol,

592 954 464 80 natural de Audujar.

46 1024 576 83 I. El corazon se me parte

91 1074 515 87 de dolor y sentimiento,

91 1131 638 88 viendo que estás en el mundo

83 1180 611 85 y para mí ya te has muerto.

135 1230 591 91 Todo mi intento fué amarte,

73 1280 473 85 nunca te pude vencer,

71 1332 605 98 por mas que quise adorarte,

76 1386 468 75 al verte en otro poder

66 1434 494 78 el corazon se me parte.

118 1486 589 91 Ya para mi no hay contento,

56 1531 522 96 yo no tendré ya alegria,

54 1596 571 85 con mucho dolor lo siento,

47 1644 490 78 penaré de noche y dia

49 1698 512 75 de dolor y sentimiento.

88 1744 553 93 Siempre me veo iracundo,

39 1799 504 81 metido en triste penar.

30 1843 552 94 con harta razon me fundo,

30 1900 442 82 de no poderte gozar,

17 1947 638 94 viendo que estas en el mundo.

79 2002 561 95 Tengan el sepulcro abierto,

17 2045 587 100 por todo el orbe se escriba,

10 2106 622 93 al ver que la muerte acierto,

13 2151 569 95 viendo que tú te estas viva

5 2207 617 96 y ¡para mi ya te has muerto.

37 2262 501 82 Cuantas veces llorarás,

2 2314 574 93 cuando no tendrá remedio,

0 2355 433 95 me verás y te veré,

2 2405 511 119 pero no nos hablaremos.

930 1054 451 87 Dé otro te enamorás,

875 1107 532 90 dandome á mi que sentir,

875 1170 468 72 gusto en todo le darás

881 1216 511 89 y viendome á mi afligir,

869 1265 478 88 cuantas veces llorarás.

915 1313 549 101 Si mi amor te causa tedio

858 1373 452 78 prometo se ausentará,

855 1425 516 81 pero tu buscarás medio,

852 1471 500 83 que yo te quiera y será

846 1523 533 96 cuando no tenga remedio.

892 1583 330 76 Afligido viviré

842 1625 517 95 si me desprecia tu amor,

837 1681 375 74 agena te juzgaré,

834 1733 546 91 y para mayor mayor dolor

827 1791 406 69 me verás y te veré.

871 1831 565 98 Nuestros tratos perderemos

822 1887 562 97 cuando séas de otro esposa,

823 1938 523 88 y algun dia nos veremos,

816 1987 498 88 yo sin dicha y tu dicha,

811 2045 502 78 pero no nos hablaremos.

749 2084 720 110 III. ¡O quién de amor no supiera!

801 2145 505 83 para no llegar á amarte,

800 2201 539 82 porque sino he de gozarte

796 2247 563 93 de que sirve que te quiera.

842 2306 484 83 Jamas fino me rindiera

788 2350 529 92 á tus prendas ¡ay de mí!

784 2407 529 81 te estimo en tanta manera

780 2454 424 96 como certifico aquí,
