1860 2629
879 221 171 74 — 4 —

326 278 614 92 Es gracia que en el momento

278 357 544 54 ansiamos ver conseguida,

285 400 566 60 rogando á Dios que su vida

282 449 601 59 guarde por años sin cuento.»

291 501 645 55 . . . . . . . . . . . . . . . . . . . . . . . . . . . . .

293 541 652 61 . . . . . . . . . . . . . . . . . . . . . . . . . . . . . .

326 571 406 59 Apenas á la lectura

282 611 470 68 término dió la morena,

285 657 541 61 todas batiendo las palmas

282 714 553 50 de noble entusiasmo llenas

285 755 484 59 el memorial celebraron,

285 790 504 73 y nombraron satisfechas

287 845 550 55 una comisión que al punto

287 889 502 55 ir con su autora pudiera

280 924 367 68 á dar la solicitud

287 981 507 50 al ministro de la Guerra.

289 1014 603 70 Y cuentan que éste, cediendo

285 1066 519 60 á la petición de aquéllas,

287 1106 535 66 piensa decretar la quinta,

291 1158 538 57 pues es justo que así vean

285 1194 548 67 ellas su empeño cumplido;

289 1246 540 64 y puesto que así se quejan

289 1279 651 88 porque á luchar no las mandan,

287 1334 491 52 que vayan como desean

280 1375 404 57 á batir al enemigo;

287 1415 590 63 que avancen á las trincheras

289 1463 533 66 y que conquisten laureles

287 1502 542 71 para que con ellos puedan

285 1555 581 55 conquistar también maridos,

289 1594 597 60 que rendidos por sus prendas

291 1638 461 64 las conduzcan al altar

289 1678 478 74 para darlas recompensa

291 1726 542 68 por su extremada bravura

293 1772 564 57 y por sus hechos de guerra.

289 1811 577 105 Hoy, que con tal entusiasmo

962 313 507 55 se nos ofrecen las bellas

969 354 483 60 aprestándose á la lucha

969 398 529 68 como valientes guerreras

967 446 504 60 y demostrando un ardor

965 495 660 65 que apagarlo no hay quien pueda,

965 536 537 53 Yvemos que con tal motivo

971 584 553 62 de la aguja no se acuerdan

976 626 480 61 y las máquinas olvidan

971 668 546 63 como olvidaron las ruecas.

971 714 641 63 Ya no hay quien haga camisas,

973 755 617 66 ya no hay quien cosa calcetas,

969 801 621 66 ni habrá quien lave ni friegue,

971 845 610 72 ni habrá quien guise siquiera,

976 889 559 66 pues tienen tal entusiasmo,

973 933 601 79 que quieren, hasta las viejas,

973 974 470 64 marcharse con un fusil

971 1016 557 64 á tomar parte en la guerra.

978 1066 476 66 Por eso de noche y día

971 1101 592 66 se ve por ahí tantas hembras

973 1161 557 57 que sus armas esgrimiendo

971 1196 577 83 se instruyen noches enteras

971 1246 448 57 en ver el modo mejor

962 1283 547 64 de lucirse, porque puedan

971 1329 546 62 con su valor y entusiasmo

973 1378 540 70 ganar honrosas diademas.

973 1428 483 55 Asi, valientes soldados,

976 1459 627 89 pues ellas en triunfar piensan,

971 1518 443 52 ayudadlas con ardor;

973 1546 476 77 y pues os ayudan ellas,

973 1605 415 51 así que la dulce paz

976 1636 493 72 por siempre lograda sea,

973 1684 544 79 rendid vuestros corazones

976 1730 476 66 y por justa recompensa

978 1783 449 48 en premio de su valor

971 1822 511 97 quitadlas de ser solteras.

480 2157 958 149 Madrid. — Despacho: Arenal, 11, librería.
