1860 2629
265.0 1132.0 1127.0 204.0 RELACIÓ XISTOSA

105.0 1373.0 1432.0 127.0 ó xasco que va doná una guapa valenciana á set galans

350.0 1459.0 944.0 129.0 pretendents que volian conquistarla.

135.0 1717.0 468.0 75.0 Vaig á contarvos un cas

89.0 1759.0 448.0 65.0 molt graciós y divertit,

89.0 1805.0 459.0 57.0 sens afegirhi una coma

87.0 1840.0 511.0 72.0 del modo que ha succehit.

127.0 1881.0 419.0 71.0 Era una valencianeta

94.0 1923.0 406.0 61.0 casada ab un jornalé

87.0 1962.0 544.0 73.0 que hi havia prop de un any

85.0 2006.0 443.0 57.0 qu' estava sense fé ré.

125.0 2046.0 407.0 65.0 Com era ben axerida

85.0 2079.0 375.0 63.0 y tenia bufó el cos,

85.0 2116.0 487.0 74.0 mes de quatre papanatas

81.0 2160.0 480.0 65.0 al seu voltant feyan l' os.

125.0 2203.0 565.0 73.0 Ab ulls negres com las moras

85.0 2245.0 540.0 75.0 y un gros monyo ben trenat,

78.0 2287.0 439.0 61.0 el qui la mirava massa

76.0 2328.0 450.0 103.0 sen quedava enamorat.

883.0 1735.0 461.0 79.0 Axís es que set tanocas

840.0 1768.0 388.0 78.0 la volian conquistá,

842.0 1814.0 498.0 74.0 y á tots ab garbo y salero

840.0 1862.0 478.0 65.0 un bon mico 'ls va pegá.

872.0 1901.0 444.0 68.0 Cansat estava l' Anton

840.0 1934.0 449.0 74.0 de no podé trobá feyna,

840.0 1980.0 423.0 59.0 y un dia á la Tereseta

837.0 2015.0 454.0 66.0 li parlá d' esta manera:

872.0 2055.0 520.0 78.0 Mira, noya, estant en vaga

835.0 2096.0 511.0 72.0 visch tan trist y exasperat

833.0 2133.0 566.0 84.0 que casi estich per penjarme

833.0 2179.0 397.0 68.0 lo dia menos pensat.

870.0 2219.0 454.0 70.0 No t' apuris, li diu ella,

829.0 2254.0 552.0 79.0 que si tú 'm donas llicencia,

831.0 2300.0 515.0 72.0 tinch de fé una carambola

826.0 2346.0 573.0 96.0 que sen parli en tot Valencia.
