1860 2629
157 177 531 85 ya está la venganza hecha,

160 245 535 79 ya mi gusto está cumplido;

153 304 581 64 si hay alguno que se oponga,

160 365 526 60 salga á campaña conmigo,

162 420 574 64 porque al rigor de este brazo,

157 462 553 68 son pocos los de este siglo.»

197 510 403 77 El señor Corregidor

162 560 559 75 les dió aviso á sus ministros,

160 624 528 72 de que salgan á prenderla,

164 674 421 73 y acudieron infinitos.

208 733 417 62 A dos Alcaldes mató,

164 784 579 76 y hasta cinco ó seis ministros,

166 841 538 68 y con la espada en la mano

164 889 410 77 parecía un basilisco.

206 939 443 73 Nadie le para delante,

162 1001 572 65 como á un toro embravecido:

168 1060 437 66 pidiendo favor al Rey,

164 1101 439 75 acudieron los vecinos,

168 1152 507 72 cuantos hay en la ciudad:

166 1213 516 75 y pienso que si no ha sido

168 1272 468 68 por una fuerte pedrada,

166 1316 522 77 que tiraron de un postigo,

168 1373 542 64 que la dieron en los pechos

171 1430 565 64 y en el suelo la han tendido;

168 1478 474 68 entonces se le arrojaron

171 1540 489 65 los agarrantes ministros,

168 1597 439 61 y el señor Corregidor,

168 1647 505 59 que era D. Pedro Jacinto,

168 1691 522 66 mandó llevarla á la cárcel,

164 1748 531 70 donde la cargan de grillos;

168 1807 454 59 le leyeron la sentencia

164 1851 537 76 dentro de Ciudad Rodrigo,

173 1903 463 75 y al tercer día la sacan

173 1967 480 72 á que pague sus delitos.

214 2015 529 70 Llegan al pié del patíbulo,

171 2070 576 63 que suba arriba le han dicho,

177 2118 531 90 y cuando estuvo en lo alto

951 188 463 72 á todo el concurso dijo:

954 236 572 75 «Padres los que teneis hijas,

958 302 461 63 no seais como los míos,

956 352 559 66 no estorbeis los matrimonios

960 414 502 50 que es sacramento divino

951 455 553 64 de nuestra madre la Iglesia,

960 514 527 68 dispuesto del Uno y Trino:

958 565 485 65 mirad en lo que me veo,

965 606 574 79 y en que trabajo me he visto,

965 670 526 72 pedidle á Dios me perdone,

967 720 493 73 y á todos perdón os pido.

1008 784 417 59 Alzó los ojos al cielo,

965 830 427 70 y dijo: «Jesús divino,

965 882 434 71 por la sangre virginal

960 939 533 75 que os vertieron los judíos,

965 992 414 74 por la cruel bofetada

967 1042 476 70 de vuestro rostro divino

969 1104 399 68 y por toda la Pasión

967 1152 485 77 que padeciste, Dios mío,

967 1213 517 59 os pido que me perdoneis:

969 1257 551 70 pequé, Señor, mala he sido;

967 1312 498 72 mas vuestra misericordia

962 1369 533 59 es mayor que mis delitos.»

1013 1426 469 59 Al verdugo le avisaron,

969 1470 509 74 para que hiciera su oficio,

971 1520 470 74 y al instante lo cumplió

973 1577 472 77 y quedó el cadáver frío.

969 1634 531 68 dando muestras de que fué

971 1682 524 72 á gozar del Cielo Empíreo.

1006 1741 496 75 Esta es la vida y muerte

971 1794 520 66 de Sebastiana del Castillo,

971 1846 454 75 y de esta suerte acabó,

967 1903 574 64 de veinte años no cumplidos.

1015 1949 524 75 Dios le dé eterno descanso

971 2011 406 65 en su santo Paraíso,

976 2061 486 75 y nosotros nos dé gracia

973 2109 529 94 por los siglos de los siglos.

831 2217 160 76 FIN

603 2339 609 90 Imps. Hospital, 19 «El Abenico»
