1860 2629
1370 157 193 57 Núm. 59

190 1884 522 76 Para el mayor sentimiento

149 1936 572 72 que se ha visto ni se ha oído,

149 1995 469 66 en este presente tiempo

149 2048 441 72 á mis oyentes convido

151 2094 513 79 para admiración del Orbe,

155 2162 452 61 y para que sumergidos

151 2206 568 76 les cause espanto y asombro,

153 2267 461 61 pido que me den oídos.

201 2304 531 97 Tambien le pido á la Reina

947 1888 437 72 de los cielos el auxilio

951 1941 384 67 para poder explicar

949 1993 435 68 el valor más atrevido,

951 2044 494 76 la atrocidad más enorme,

951 2103 626 72 que en mujer jamás se ha visto

951 2155 492 68 y el poco temor de Dios,

951 2197 454 88 y de sus justos juicios;

951 2256 452 70 mas con su divina luz

954 2320 500 85 doy á este caso principio.

291 1430 1198 213 SEBASTIANA DEL CASTILLO

210 1625 1349 79 Nueva y famosa relación de las atrocidades de Sebastiana del

342 1678 1081 76 Castillo y el trágico fin de su vida después de haber

478 1741 807 110 muerto á su padre, madre y hermanos
