1753 2480
192 49 554 77 que si ayudarme no quieres

192 93 589 76 contigo he de hacer lo mismo;

194 163 453 60 el mozo la vió aterrada

194 214 397 69 y con ánimo la dijo:

192 272 512 60 habrá mas que ejecutarlo?

196 330 422 58 ea, vamos al proviso.

237 365 594 77 Fué donde estaban sus padres

192 434 461 53 con un ánimo atrevido,

186 479 481 72 le dió cuatro puñaladas,

192 531 550 70 que el corazón le ha partido

198 601 564 64 al padre; y luego á la madre

196 640 457 73 hizo con ella lo mismo.

198 692 511 70 porque con dos puñaladas

194 748 426 64 se la dejó sin sentido

198 797 498 75 habló sólo estas palabras,

200 861 405 62 y palpitando la dijo:

200 911 391 58 Hija de mi corazón,

194 958 525 67 en qué te hemos ofendido?

241 1008 457 72 La dice: señora madre,

198 1074 515 70 este es vengar mi castigo:

200 1132 395 64 y con una puñalada

196 1184 517 53 concluyó á su vida el hilo,

200 1235 428 58 les sacó los corazones

200 1283 459 68 y en aceite los ha frito:

202 1333 393 72 y de tanta crueldad

200 1395 502 57 cayó el mozo amortecido;

202 1440 451 68 le dice muere también,

200 1502 579 60 pues que tú la causa has sido

196 1552 496 70 le ha dado de puñaladas,

196 1605 428 66 y con ánimo atrevido

202 1657 480 64 le quitó todas las armas,

204 1713 412 64 y se puso su vestido,

200 1756 511 77 y en un caballo del padre

202 1818 548 64 montó y se puso en camino.

254 1874 457 58 Y luego por la mañana

198 1926 511 66 sus hermanos han venido

202 1979 465 62 á la casa de sus padres,

204 2025 525 78 y hallan dolor tan crecido.

248 2079 444 76 Justicia piden al cielo,

204 2143 440 55 acudieron los vecinos,

206 2186 521 108 y los llantos fueron tantos,

992 39 457 74 los clamores y gemidos

992 113 473 56 que bastaban á ablandar

996 161 471 70 á las montañas y riscos.

1041 210 470 62 No condenaron á nadie,

998 262 546 68 porque saben quien ha sido,

994 322 448 60 y con solemne aparato

994 367 523 73 de todo el pueblo asistidos,

992 421 498 64 dispusieron los entierros,

1000 483 544 66 Dios les haya dado auxilios.

1043 529 468 74 Despachan requisitorias

998 593 506 62 para saber si la han visto,

1000 638 614 70 y á do quieran que la prendan,

998 692 492 70 que se ejecute el castigo.

1033 741 531 65 Salieron los dos hermanos,

1000 803 533 65 por montes, valles y riscos;

1002 863 490 50 ella estaba en una cueva,

1004 903 465 70 y con ella dos bandidos,

998 954 606 64 que también huyendo andaban

1000 1010 471 68 por otros graves delitos.

1043 1066 557 72 Vió pasar sus dos hermanos,

1006 1124 494 62 y ella les salió al camino,

1002 1167 407 73 y de dos carabinazos

1004 1227 490 64 los mató luego al proviso

1002 1281 482 60 con un cuchillo les corta

1004 1343 449 54 las cabezas y se ha ido

1000 1390 562 58 donde están sus compañeros,

1000 1438 438 72 y se las lleva consigo.

1043 1485 495 77 Los compañeros la riñen,

1004 1552 430 62 y con ánimo atrevido,

1004 1597 393 74 cruel y desesperada,

1004 1663 469 58 con ellos hizo lo mismo.

1052 1715 477 60 Llevó las cuatro cabezas

1006 1762 527 71 y se fué á Ciudad Rodrigo,

1006 1824 567 58 y en una esquina en la plaza

1004 1874 459 68 las puso con un escrito,

1002 1922 486 64 que de esta suerte decía:

1004 1981 558 58 « A estos dos hermanos míos

1000 2029 531 60 dí la muerte por vengarme

1000 2081 502 72 de haberme dado castigo,

1010 2145 439 60 y á los otros dos maté,

1010 2194 563 89 por saber que eran bandidos:
