1753 2480
117 115 513 73 En la gran Sierra-Morena.

72 159 409 64 amparo de foragidos,

70 225 415 54 en un pequeño lugar

74 272 486 69 que se llama Javalquinto

72 314 444 70 vivía Alonso Gutiérrez

66 369 496 73 con una hija y dos hijos,

74 421 511 70 en compañia de su esposa

74 473 537 74 que eran dos amantes finos,

76 537 444 76 y por la paz y sosiego,

72 580 548 85 y por gusto que han tenido,

70 646 448 62 á los dos hijos casaron

72 696 523 74 con gran fiesta y regocijo.

115 741 517 85 Quedó sola con sus padres

68 795 465 70 Sebastiana del Castillo,

76 847 486 76 la mujer mas desalmada

74 905 502 74 que de madres ha nacido.

121 958 447 75 De esta tal se enamoró

76 1006 467 74 un mancebo granadino,

72 1070 523 74 que estaba en aquel lugar

76 1126 542 68 desde la edad de muy niño.

128 1169 450 73 Dió en pasearle la calle

78 1233 451 62 con fiestas y regocijos,

80 1277 486 76 alcanzó el sí de la dama,

80 1330 540 83 de sus padres no ha podido;

80 1395 440 70 antes con mucho rigor

80 1450 469 56 la castigan de continuo.

124 1488 407 70 Enfurecida se enoja,

84 1541 525 81 y hecha como un basilisco,

80 1614 509 57 cuanto más le castigaban,

82 1659 500 79 rompiéndose los vestidos,

76 1713 484 70 tirándose de las trenzas,

80 1756 591 70 mas se enciende en su delirio,

82 1810 527 70 más de un año en una sala

80 1864 474 78 encerrada la han tenido

82 1919 538 69 en donde sus dos hermanos

82 1971 474 70 la dieron algun cartigo.

132 2029 457 64 Tuvo forma Sebastiana

82 2077 465 74 de escribir un papelito,

84 2126 583 75 que en breves renglones dice:

84 2186 470 68 « Dulcísimo dueño mío,

84 2229 608 100 sabrás que he estado encerrada

872 93 506 74 pasando dos mil martirios

868 148 593 73 de mi padre, y mis hermanos,

872 204 438 64 con dolores excesivos:

872 260 589 66 supuesto que eres mi amante,

876 312 546 72 y que eres hombre de bríos,

876 365 521 75 para esta noche á las doce

874 417 494 74 te espero bien prevenido:

878 471 509 70 y mira no me hagas falta,

876 533 554 66 porque te espero bien mío.»

921 580 451 71 No dijo más y con esto

878 632 442 66 ha cerrado el papelito,

876 684 626 78 y á un muchacho se lo entrega,

874 741 440 67 el cual era su sobrino,

876 791 424 66 para que se lo llevase

874 841 517 74 á Juan González del Pino.

921 894 530 75 Tomó el papel, el mancebo

878 952 426 66 lo recibió agradecido,

874 1006 430 72 por la vista lo repasa,

880 1064 459 70 y así que lo hubo leído,

880 1113 414 71 lágrimas del corazón

876 1163 442 74 derramaba hilo á hilo.

919 1215 548 78 Se fué al instante á su casa

878 1277 507 62 donde sus armas previno,

872 1326 484 71 dos pistolas, una espada

880 1374 509 78 y un cuchillo de dos filos.

919 1430 470 68 Oyó las diez y las once,

880 1492 490 58 dan las doce y ha salido,

878 1550 507 64 se fué á casa de su dama,

882 1595 521 76 y ella que estaba en aviso,

886 1663 457 66 abrió la puerta y entró,

880 1705 484 64 sin ser de nadie sentido.

924 1758 469 62 Ella encedió una bujía,

884 1808 552 68 y de esta suerte le ha dicho:

882 1855 529 67 Yo he de matar á mi padre

882 1915 525 69 y á mi madre, vive Cristo,

878 1963 610 74 que he de vengar mis injurias,

882 2015 486 74 pues lo tienen merecido;

882 2066 552 75 aunque sepa que al infierno

886 2126 517 72 vaya á apagar mis delitos,

886 2176 567 78 y me has de ayudar también,

886 2225 501 110 y advierte lo que te digo,
