1860 2629
1171 254 256 74 (Núm. 189.)

127 1185 1331 188 CALENDARIO NUEVO Y CURIOSO,

313 1393 937 107 PARA EL PRESENTE AÑO Y TODOS LOS VENIDEROS.

107 1586 1360 153 Con el se acertará en la eleccion de esposa por medio de los signos

392 1669 772 107 planetarios y nombres de las mugeres.

144 1774 603 123 Al que no entienda los astros

92 1846 498 86 ni conozca los planetas,

92 1906 489 78 ni las estrellas consulte,

94 1947 460 81 ni constelaciones sepa,

94 1995 504 81 ni los signos del zodiaco

92 2041 471 81 bien conocidos le sean,

96 2087 478 79 le doy este Calendario;

100 2138 566 83 pero con tal que se entienda

98 2177 617 125 que ha de darme el conquibus

776 1805 529 109 ó la mosca que se cuenta

787 1886 520 74 aunque le lleve de gratis.

789 1925 507 83 De este modo cuando lea

787 1978 515 81 con un poco de atencion,

783 2028 587 86 se instruirá al pie de la letra

789 2074 502 79 de la condicion y genio

787 2114 588 96 de aquella muger que quiera

787 2173 504 72 tomar para matrimonio.

783 2221 544 107 Atencion que ya comienza
