1860 2629
252.0 179.0 522.0 101.0 echando míl juramentos.

250.0 265.0 557.0 61.0 fué al pajar, y entre la paja

250.0 317.0 489.0 64.0 ha parido nueve perros,

247.0 359.0 566.0 72.0 seis podencos, tres de caza;

250.0 411.0 508.0 60.0 dijoles Marcos entonces,

245.0 455.0 559.0 62.0 con muy risueñas palabras:

247.0 506.0 520.0 61.0 yo asegaro á los perritos,

241.0 556.0 640.0 64.0 que á los que estén en mi casa

245.0 595.0 511.0 68.0 de podencos sean galgos

243.0 644.0 469.0 68.0 con felicidad sobrada;

247.0 696.0 584.0 68.0 pero en fin, ya es medio dia

239.0 747.0 530.0 63.0 y no ha almorzado Juana:

243.0 795.0 430.0 55.0 voy á darla de comer

245.0 836.0 564.0 73.0 y á tomar yo una sustancia,

243.0 896.0 476.0 59.0 que de asistir á paridas

239.0 931.0 581.0 72.0 ya puedo haber hecho gana.

232.0 990.0 491.0 61.0 Al bajar por la escalera

236.0 1040.0 490.0 59.0 oyó que piando estaban

241.0 1084.0 485.0 61.0 unos pollos en un cesto

241.0 1137.0 436.0 57.0 que la gallina sacaba:

236.0 1183.0 511.0 61.0 aqui se vió en confusion,

234.0 1231.0 498.0 65.0 porque al ir á levantarla

234.0 1275.0 461.0 65.0 le ha sacado la gallina

234.0 1321.0 445.0 70.0 un ojo de una picada.

234.0 1367.0 511.0 70.0 Echando mil juramentos

232.0 1421.0 559.0 66.0 se fué corriendo á la cama:

232.0 1467.0 463.0 62.0 esto me faltaba ahora

232.0 1518.0 500.0 68.0 para completar la carga;

232.0 1566.0 509.0 61.0 á la postre quedar tuerto

228.0 1619.0 500.0 67.0 con ocho partos en casa,

230.0 1662.0 607.0 73.0 dime, tú, ¿qué haré yo ahora,

230.0 1708.0 498.0 68.0 esposa y querida Juana,

230.0 1754.0 526.0 68.0 sin haber nadie que asista

230.0 1809.0 430.0 61.0 á tanta mala canalla?

230.0 1855.0 546.0 72.0 pues tú querrás chocolate,

230.0 1908.0 491.0 72.0 pero algarrobas la vaca,

225.0 1949.0 492.0 73.0 cebada querrá la yegua,

230.0 2013.0 460.0 52.0 y centeno la marrana;

230.0 2052.0 489.0 59.0 la burra querrá salvado,

232.0 2096.0 498.0 77.0 y yerba querrá la cabra,

962.0 199.0 452.0 90.0 y la perra querrá pan,

960.0 267.0 467.0 68.0 y sopas querrá la gata;

965.0 313.0 456.0 72.0 la gallina querrá trigo,

965.0 372.0 436.0 57.0 y yo vino de Peralta.

965.0 409.0 552.0 66.0 Mas ¿comó será, Dios mio,

962.0 475.0 452.0 50.0 si todo esto nos falta?

967.0 512.0 664.0 66.0 y oigo que á este mismo tiempo,

962.0 558.0 509.0 64.0 estaba suspirando Juana,

958.0 598.0 498.0 76.0 y relinchando la yegua,

962.0 655.0 472.0 57.0 está bramando la vaca,

958.0 701.0 526.0 61.0 la burra está rebuznando,

965.0 753.0 432.0 59.0 y maullando la gata,

958.0 795.0 463.0 57.0 refunfuñando la perra,

962.0 843.0 437.0 66.0 y berreando la cabra,

958.0 889.0 463.0 68.0 cloqueando la gallina,

958.0 946.0 485.0 59.0 y gruñendo la marrana,

958.0 985.0 524.0 70.0 y yo en tanto que gruñen

954.0 1038.0 489.0 61.0 estoy rabiando el alma,

954.0 1086.0 581.0 64.0 pues son las tres de la tarde

951.0 1126.0 542.0 72.0 y aun no he comido nada,

949.0 1178.0 597.0 66.0 si no es andar como un tonto

951.0 1231.0 457.0 61.0 de la muger á la vaca,

951.0 1281.0 536.0 66.0 desde la yegua à la burra,

951.0 1325.0 514.0 59.0 desde la cerda á la cabra,

954.0 1371.0 515.0 61.0 de la gallina á los pollos,

943.0 1424.0 517.0 65.0 desde la perra á la gata,

951.0 1474.0 522.0 61.0 y las ganancias que tengo

947.0 1509.0 458.0 70.0 al cabo de la jornada,

949.0 1566.0 487.0 61.0 es queno veo los toros

951.0 1610.0 533.0 70.0 mas que por una ventana;

951.0 1658.0 505.0 66.0 y así amigos, si os casais

954.0 1711.0 539.0 63.0 buscar muger que no para,

951.0 1759.0 529.0 63.0 y no tendreis cosa alguna

949.0 1811.0 531.0 62.0 mas que vosotros en casa,

949.0 1853.0 498.0 68.0 y no tendrais la fortuna

949.0 1895.0 542.0 70.0 que tuvo Marcos de Cabra,

951.0 1945.0 566.0 66.0 que á tres meses de casado

954.0 2000.0 519.0 57.0 tuvo ocho partos en casa.

956.0 2048.0 502.0 59.0 Y aqui el humilde poeta

951.0 2098.0 529.0 68.0 pide perdon de sus faltas,

232.0 2171.0 1415.0 131.0 Madríd. 1849.— Impta. de D.J. M. Marés, calle de Relatores núm. 17.
