2148 3034
546.0 232.0 509.0 109.0 que por la misma razon

538.0 305.0 519.0 84.0 para astuto un alguacil.

597.0 351.0 415.0 86.0 Un padecer infinito

538.0 386.0 613.0 114.0 tiene el hombre en su mager;

533.0 455.0 514.0 83.0 si este se llega á encoger

528.0 493.0 524.0 93.0 al punto lo hace cabrito :

523.0 551.0 595.0 96.0 tan manso està el pobrecito,

523.0 601.0 673.0 104.0 que aun el hablar no le es dado,

518.0 647.0 499.0 96.0 cavilando el desdichado

518.0 695.0 473.0 88.0 entre esperar y gemir,

511.0 748.0 493.0 86.0 de aqui sale aquel decir

503.0 791.0 564.0 109.0 para paciencia un casado.

551.0 877.0 541.0 116.0 En dándome de almorzar,

495.0 927.0 519.0 114.0 de comer al medio dia,

490.0 980.0 479.0 94.0 y de cenar á la noche,

495.0 1036.0 532.0 121.0 me atrevo á pasar el dia.

531.0 1117.0 470.0 109.0 Si acaso alguna muger

480.0 1178.0 562.0 103.0 pretende que yo la quiera,

478.0 1236.0 511.0 83.0 toda una semana entera

475.0 1284.0 623.0 98.0 me ha de dar bien de comer,

473.0 1329.0 473.0 91.0 y tambien para beber,

465.0 1385.0 405.0 81.0 dinero para gastar,

462.0 1425.0 577.0 97.0 con amor me ha de tratar,

462.0 1481.0 638.0 109.0 y no me ha de armar quimera,

457.0 1534.0 486.0 79.0 y dejaré que me quiera

455.0 1580.0 546.0 78.0 en dándome de almorzar.

503.0 1618.0 511.0 106.0 Me ha de calzar y vestir

442.0 1661.0 511.0 98.0 de una ropita muy fina,

442.0 1714.0 590.0 111.0 buen capon, buena gallina,

440.0 1767.0 501.0 86.0 buen catre para dormir:

435.0 1822.0 556.0 94.0 tambien me ha de preferir

435.0 1860.0 412.0 89.0 una gran botillería,

430.0 1919.0 452.0 80.0 de licor buena bebida

422.0 1954.0 503.0 101.0 para poder yo brindar;

422.0 2015.0 549.0 96.0 tambien me tiene que dar

414.0 2068.0 489.0 73.0 de comer al medio dia.

465.0 2108.0 549.0 91.0 Un page me ha de buscar

404.0 2164.0 633.0 106.0 que venga siempre á mi lado,

409.0 2207.0 522.0 86.0 que me sirva con agrado

409.0 2255.0 557.0 111.0 lo que yo quiera mandar:

409.0 2308.0 451.0 129.0 cusndo vaya à pascar

1252.0 270.0 577.0 124.0 me ha de llevar en birlecho

1249.0 341.0 547.0 101.0 en un caballo ó en coche,

1247.0 386.0 506.0 99.0 á la comedia y al baile,

1247.0 432.0 549.0 104.0 buen refresco por la tarde,

1234.0 487.0 552.0 97.0 y de cenar por la noche.

1280.0 541.0 599.0 103.0 Me ha de tener en sus brazos,

1234.0 589.0 585.0 93.0 me ha de cantar ¡ah bonito!

1214.0 637.0 460.0 78.0 Con todo su requisito

1227.0 685.0 541.0 98.0 me dormiré en su regazo,

1216.0 733.0 514.0 93.0 y sin ningun embarazo,

1216.0 776.0 544.0 106.0 con gran placer y alegria,

1209.0 826.0 481.0 96.0 diciéndeme, vida mia,

1206.0 874.0 547.0 99.0 tú eres mi dueño adorado,

1206.0 935.0 600.0 88.0 y en cumpliendo la tratado

1204.0 986.0 534.0 93.0 me atrevo á pasar el dia.

1242.0 1056.0 561.0 124.0 Qué largas las horas con

1189.0 1120.0 485.0 96.0 en el reloj de mi afan,

1184.0 1175.0 480.0 81.0 y què poco á poco dan

1178.0 1228.0 448.0 81.0 alivio á mi corazon.

1206.0 1302.0 567.0 113.0 Para míno hay sol ni luna,

1173.0 1370.0 496.0 81.0 noche, mañana ni dia,

1176.0 1408.0 559.0 98.0 pensando en tí, vida mia,

1176.0 1466.0 514.0 91.0 persiguiendo mi fortuna;

1168.0 1517.0 565.0 93.0 pienso á las dos y á la una,

1166.0 1567.0 521.0 89.0 pongo en tí sola aficion,

1168.0 1615.0 468.0 78.0 te entrego mi corazon,

1158.0 1658.0 521.0 89.0 á las tres busco la suerte,

1161.0 1711.0 460.0 84.0 vida mia, para verte;

1151.0 1759.0 549.0 79.0 qué largas las horas son.

1196.0 1805.0 567.0 103.0 Con tanto amor te idolatro,

1146.0 1855.0 480.0 84.0 y con tal fé te venero,

1138.0 1893.0 582.0 106.0 las tres potencias te entrego

1133.0 1944.0 559.0 101.0 á las cinco y à las cuatro ;

1133.0 1997.0 481.0 81.0 los sentidos con recato

1125.0 2047.0 501.0 91.0 mis cariños en tí están,

1125.0 2101.0 451.0 80.0 y las seis ya llegarán

1125.0 2144.0 560.0 91.0 solo por ver tu hermosura,

1123.0 2189.0 556.0 104.0 porque no hay hora segura

1115.0 2255.0 478.0 76.0 en el reloj de mi afan.

1166.0 2288.0 592.0 103.0 No hay rigor que me sujete,

1110.0 2346.0 569.0 146.0 pensando en tí me desvelo,
