2148 3034
389.0 184.0 597.0 99.0 porque el reloj de mi anhelo

387.0 252.0 531.0 89.0 me tiene pronto á las siete;

387.0 305.0 460.0 81.0 á las ocho me promete

384.0 364.0 471.0 68.0 qué mis penas cesaràn

384.0 409.0 466.0 68.0 y que á las nueve seràn

379.0 447.0 509.0 78.0 mis fatigas bien pesadas,

376.0 498.0 598.0 86.0 ¡qué horas tan desgraciadas!

371.0 563.0 486.0 69.0 y què poco á poco dan.

417.0 609.0 463.0 58.0 Señora, bien cierto es

371.0 637.0 517.0 98.0 que la noche paso en vela

366.0 707.0 446.0 61.0 en contínua centinela

364.0 743.0 496.0 83.0 solo por verte à las diez;

364.0 798.0 488.0 69.0 à las once pienso que es

361.0 834.0 476.0 91.0 bien pagada mi aficion,

369.0 892.0 465.0 71.0 y cuando las doce son

359.0 950.0 455.0 61.0 te busco determinado

354.0 996.0 480.0 65.0 para que dés de contado

361.0 1044.0 453.0 68.0 alivio á mi corazon.

566.0 1130.0 243.0 81.0 TROVO I.

392.0 1211.0 516.0 96.0 Para formarse la fruta

336.0 1279.0 466.0 68.0 nace primero la flor;

336.0 1317.0 582.0 91.0 la que de pequeña es chusca

328.0 1377.0 549.0 76.0 ¿ qué será cuando mayor?

376.0 1453.0 560.0 104.0 La doncella que está enjuta

326.0 1511.0 519.0 89.0 y quiere apagar su fuego,

323.0 1572.0 496.0 76.0 se convierte en disoluta,

321.0 1618.0 561.0 83.0 que todo àrbol quiere riego

313.0 1661.0 519.0 83.0 para formarse la fruta.

366.0 1716.0 516.0 86.0 No puede entrar en calor

313.0 1759.0 456.0 84.0 sin tener parte fogosa,

308.0 1807.0 488.0 81.0 es tan ardiente el amor,

308.0 1855.0 514.0 89.0 que hasta para nacer rosa

303.0 1913.0 445.0 74.0 nace primero la flor.

351.0 1959.0 572.0 101.0 Armo entre mí una disputa,

298.0 2002.0 481.0 86.0 y no doy con la razon,

296.0 2058.0 617.0 88.0 ¿en qué pende el no dar fruta

296.0 2103.0 425.0 73.0 recibiendo la sazon,

290.0 2144.0 610.0 85.0 la que de pequeña es chusca?

339.0 2207.0 551.0 91.0 La que á humedecer su flor

293.0 2240.0 481.0 159.0 desde jóven se despeña,

1092.0 225.0 562.0 106.0 dice un sabio en su interior;

1092.0 283.0 458.0 78.0 siendo esto de pequeña

1085.0 336.0 546.0 88.0 ¿ qué será cuando mayor?

1295.0 429.0 255.0 76.0 TROVO II.

1133.0 515.0 539.0 101.0 Tengo mi amor repartido

1080.0 576.0 567.0 88.0 entre tres ó cuatro damas;

1075.0 627.0 511.0 73.0 yo me divierto con todas

1070.0 677.0 597.0 81.0 y ellas conmigo se engañan.

1118.0 755.0 496.0 102.0 Hago como que soy fino

1072.0 816.0 483.0 84.0 y me manifiesto franco,

1067.0 862.0 410.0 83.0 á todas las doy oido,

1067.0 920.0 496.0 73.0 pero para darlas chasco

1062.0 968.0 547.0 73.0 tengo mi amor repartido.

1098.0 1008.0 635.0 104.0 Yo me enciendo en vivas llamas

1052.0 1064.0 476.0 81.0 de un ardiente frenesí,

1057.0 1112.0 665.0 88.0 soy como un tronco sin ramas,

1055.0 1163.0 442.0 75.0 y no me sujetan á mí

1052.0 1211.0 554.0 78.0 entre tres ó cuatro damas.

1103.0 1261.0 430.0 71.0 Dejaré correr la bola

1047.0 1312.0 594.0 86.0 porque al fin vendrá á parar,

1049.0 1360.0 663.0 83.0 y aun que me entiendan la moda

1042.0 1403.0 390.0 81.0 á mí poco se me dá

1032.0 1453.0 518.0 84.0 yo me divierto con todas.

1090.0 1506.0 592.0 102.0 Por cualquier parte que vaya

1034.0 1552.0 527.0 86.0 tropiezo con unas y otras,

1032.0 1595.0 536.0 93.0 puede ser de que yo caiga,

1032.0 1656.0 463.0 78.0 pero pobrecitas tontas,

1024.0 1699.0 595.0 93.0 y ellas conmigo se engañan.

1224.0 1790.0 268.0 83.0 TROVO III.

1067.0 1835.0 547.0 101.0 El hombre para ser bueno

1012.0 1898.0 516.0 84.0 debe tener tres partidas,

1004.0 1936.0 551.0 94.0 hablar bien y obrar mejor.

1006.0 1994.0 539.0 91.0 y no alabarse en su vida.

1052.0 2058.0 546.0 118.0 No ha de codiciar lo ajeno,

996.0 2121.0 572.0 101.0 ni el sesto ha de quebrantar,

1001.0 2179.0 509.0 88.0 ni el sétimo ni el noveno;

996.0 2235.0 448.0 73.0 al prógimo debe amar

991.0 2275.0 537.0 134.0 el hombre para ser bueno.
