1737 2508
990 121 259 88 NUMERO 1.

562 1243 345 73 RELACION

125 1304 1183 140 EL GANSO DE LA CATEDRAL.

58 1479 541 67 Por fin trompecé con ella

14 1529 473 63 empues andar escornao

16 1584 458 67 con la güena é la casa:

14 1632 479 71 Dios sea en ella alabao;

12 1686 583 73 no es aquí á onde yo vengo?

18 1740 502 65 pienso que no me jerrao,

22 1797 559 67 pus si mal yo no ma cuerdo

14 1847 460 63 la casa tenia sus patios

12 1899 489 71 una puerta y otra puerta

16 1949 412 72 su corral y su tinao,

20 2008 456 67 pues esta too lo tiene,

14 2062 462 59 si no que le falte algo,

25 2108 491 71 pero en fin sea ú no sea

10 2165 520 75 á bien que entro me jallo,

14 2219 412 77 aonde tengo que icir

727 1488 491 54 too lo que me ha pasao.

792 1527 363 71 Yo salí é mi lugar

733 1582 508 67 con mi borriquillo pardo,

739 1636 554 73 que es el paire de mis hijos,

733 1699 477 58 y é mi casa el amparo.

794 1743 338 66 Ya ije como salí,

733 1797 439 73 pus á mi salia vamos.

788 1843 449 69 Juy á Córdoba por fin

729 1903 527 74 á comprar unos encargos,

731 1960 493 67 un bozal á mi burrucho,

731 2008 544 75 monteras á los muchachos,

733 2064 416 67 corpiños á mi Jusepa

731 2115 387 69 de calamaco listao,

733 2167 454 71 ó de una tela que icen

733 2219 477 88 seguirillas no fandango,
