1753 2480
398.0 223.0 87.0 60.0 5.°

202.0 260.0 550.0 87.0 ¡ O cuán lindas sois mujeres !!

155.0 321.0 408.0 62.0 pero tú en particular :

158.0 366.0 481.0 56.0 la gracia que tú derramas

155.0 421.0 498.0 61.0 puede un mundo engalanar.

195.0 502.0 507.0 57.0 En la vida hay mil placeres

157.0 544.0 481.0 58.0 de dicha gloria y ventura,

159.0 595.0 474.0 49.0 ventura si tú la quieres :

159.0 629.0 579.0 64.0 y esclamo al ver tu hermosura

158.0 676.0 546.0 66.0 ¡ ó cuán lindas sois mujeres !!

192.0 756.0 461.0 67.0 Bien te quisiera esplicar

154.0 811.0 540.0 58.0 las penas que me arrebatan ;

152.0 858.0 516.0 52.0 penas que me hacen llorar :

152.0 901.0 560.0 51.0 hay mil cosas que me matan

151.0 942.0 404.0 67.0 pero tú en particular .

192.0 1022.0 520.0 74.0 Si alguna vez tú me llamas

150.0 1074.0 461.0 58.0 entonces salgo de apuros

151.0 1122.0 498.0 54.0 porque creo que me amas :

155.0 1164.0 487.0 55.0 vale mas de diez mil duros

152.0 1211.0 484.0 56.0 la gracia que tu derramas.

191.0 1288.0 396.0 66.0 No te puedes figurar

151.0 1340.0 493.0 59.0 lo que tu rostro me agrada

155.0 1384.0 470.0 58.0 y la gracia de tu hablar :

151.0 1430.0 433.0 48.0 tu sonrisa ó tu mirada

151.0 1476.0 506.0 61.0 puede un mundo engalanar .

388.0 1566.0 72.0 46.0 6. °

192.0 1600.0 401.0 64.0 Morena la Vírgen era

146.0 1650.0 387.0 51.0 morena Dios te crió

146.0 1697.0 447.0 54.0 el sonrís de las morenas

147.0 1741.0 395.0 62.0 es lo que prefiero yo.

190.0 1820.0 452.0 57.0 Hermosa niña hechicera

148.0 1871.0 505.0 59.0 voy á hablarte como amigo

147.0 1916.0 480.0 55.0 diciendo de esta manera :

147.0 1960.0 467.0 61.0 « no te enfades si te digo

147.0 2008.0 434.0 57.0 morena la Vírgen era,»

190.0 2085.0 357.0 65.0 Tanta belleza te dió

146.0 2138.0 527.0 62.0 nuestro Dios por tu provecho

147.0 2185.0 471.0 58.0 que tu mirar me flechó :

151.0 2229.0 455.0 56.0 y por traspasar mi pecho

146.0 2273.0 388.0 69.0 morena Dios te crió.

1010.0 227.0 443.0 65.0 Con mil trabajos y penas

970.0 279.0 370.0 54.0 en el mundo colosál

970.0 322.0 474.0 54.0 he visto mil cosas buenas ;

974.0 366.0 386.0 61.0 y es lo mas angelical

968.0 411.0 463.0 57.0 el sonrís de las morenas.

1006.0 491.0 489.0 68.0 Tu mirar , no me engañó ;

967.0 545.0 506.0 58.0 y es tanto lo que me gusta

967.0 585.0 444.0 58.0 que él alma me destrozó

970.0 629.0 362.0 68.0 y tu manita robusta

966.0 679.0 377.0 67.0 es lo que prefiero yo.

1190.0 739.0 97.0 75.0 7.°

1003.0 797.0 479.0 76.0 Si el querer es un pecado,

961.0 852.0 381.0 60.0 solo peco por amor :

961.0 896.0 538.0 57.0 en este mundo en que estamos

960.0 939.0 430.0 69.0 serás la mas linda flor.

1003.0 1014.0 587.0 81.0 Siempre el amor me ha gustado

959.0 1074.0 421.0 57.0 pero es el amarte á tí

960.0 1117.0 427.0 59.0 con amor desesperado :

960.0 1165.0 441.0 55.0 tén ya compasion de mí

960.0 1209.0 471.0 62.0 si el querer es un pecado.

999.0 1292.0 450.0 62.0 Escucha pues el clamór

957.0 1347.0 430.0 54.0 de mi voz algo afligida

960.0 1388.0 338.0 55.0 angelito seductor :

961.0 1434.0 477.0 59.0 y en nuestra inocente vida

957.0 1479.0 375.0 64.0 solo peco por amor .

993.0 1550.0 506.0 71.0 Es bueno que nos amamos

961.0 1607.0 451.0 58.0 y que la dicha gozemos

966.0 1649.0 543.0 64.0 y que siempre en paz vivamos,

960.0 1702.0 380.0 53.0 y asi felices seremos

953.0 1737.0 534.0 74.0 en este mundo en que estamos.

990.0 1828.0 417.0 51.0 Si me tratas con rigor

950.0 1872.0 457.0 56.0 de tu amor ya desconfio ;

952.0 1917.0 460.0 61.0 piensa otro modo mejor :

959.0 1963.0 504.0 60.0 y mientras vivas , bien mio,

952.0 2007.0 450.0 72.0 serás la mas linda flor .

1165.0 2097.0 73.0 50.0 8. °

992.0 2131.0 406.0 65.0 Adios cándida pureza

955.0 2186.0 417.0 62.0 adios paloma querida

953.0 2230.0 430.0 61.0 adios mi puro consuelo

952.0 2269.0 467.0 84.0 y adios prenda florecida.
