1753 2480
101.0 225.0 494.0 68.0 Solo me alumbra un lucero

70.0 276.0 426.0 56.0 y el corazon derecho vá

63.0 322.0 452.0 58.0 á buscar lo que prefiero :

60.0 372.0 444.0 55.0 me parece que aquí está

59.0 409.0 482.0 71.0 aquella que mas yo quiero.

279.0 496.0 51.0 55.0 2.

97.0 537.0 374.0 60.0 Te saludo reina mia

57.0 577.0 491.0 70.0 dama hermosa y agraciada

56.0 629.0 365.0 57.0 he venido á visitarte

53.0 673.0 436.0 54.0 para darte una mirada.

95.0 755.0 409.0 63.0 Una estrellita me guia

60.0 808.0 441.0 60.0 y por eso aquí me planto

56.0 852.0 408.0 55.0 aunque no sea de dia :

60.0 902.0 414.0 50.0 y como te quiero tanto

56.0 941.0 375.0 57.0 te saludo reina mia.

93.0 1020.0 494.0 68.0 Si te encuentras levantada

56.0 1076.0 470.0 55.0 puedes tu rostro asomar :

59.0 1113.0 463.0 63.0 y si mi cancion te agrada

55.0 1155.0 445.0 65.0 tambien te podré llamar

53.0 1202.0 498.0 73.0 dama hermosa y agraciada.

97.0 1281.0 410.0 65.0 Quisiera yo consolarte

53.0 1335.0 426.0 64.0 si triste pasas la vida :

52.0 1381.0 371.0 67.0 como deseo adorarte

50.0 1426.0 450.0 63.0 prenda del alma querida

50.0 1471.0 385.0 55.0 he venido á visitarte.

93.0 1554.0 394.0 66.0 Yo te veo engalanada

50.0 1603.0 479.0 61.0 como hermosa primavera ;

55.0 1653.0 474.0 58.0 ya que tu talle me agrada,

52.0 1690.0 479.0 63.0 hoy pierdo la noche entera

49.0 1745.0 429.0 59.0 para darte una mirada.

96.0 1862.0 412.0 65.0 Gachona del alma mia

50.0 1916.0 426.0 59.0 buscando voy yo tu flor

50.0 1956.0 499.0 65.0 busco tambien tu hermosura

52.0 2003.0 387.0 65.0 y la gloria del amor.

90.0 2087.0 433.0 60.0 Con muchísima alegría

53.0 2141.0 438.0 56.0 yo te digo cuerpo bueno

52.0 2181.0 521.0 63.0 que es tu cara el Sol del dia :

56.0 2227.0 460.0 54.0 ¡ Si supieras lo que peno

53.0 2270.0 484.0 74.0 gachona del alma mia....!!

905.0 223.0 411.0 60.0 Creo mi bien seductor

866.0 275.0 572.0 65.0 que entro en un jardin poblado

868.0 323.0 461.0 54.0 de flores de gran primor :

870.0 367.0 395.0 55.0 y cual loco rematado

866.0 410.0 440.0 73.0 buscando voy yo tu flor .

902.0 497.0 506.0 61.0 Cuantos ratos de amargura

865.0 542.0 462.0 60.0 á veces me tira el cielo,

865.0 586.0 577.0 61.0 pues no encuentro mi ventura ;

875.0 639.0 442.0 55.0 y así que busco consuelo

864.0 676.0 514.0 69.0 busco tambien tu hermosura.

905.0 757.0 393.0 62.0 Yo no soy engañador

864.0 811.0 438.0 55.0 ni sé cometer agravios;

864.0 851.0 496.0 61.0 solo soy hombre de honor,

861.0 891.0 602.0 76.0 que busco un « sí » de tus labios

865.0 942.0 396.0 72.0 y la gloria del amor.

1121.0 1031.0 14.0 54.0 4.

912.0 1067.0 475.0 71.0 Valen mucho tus miradas

862.0 1122.0 423.0 54.0 es tu persona un rosál

864.0 1168.0 424.0 52.0 eres bálsamo de amores

862.0 1209.0 405.0 58.0 que cura de todo mal.

905.0 1284.0 529.0 80.0 Es tanto lo que me agradas,

861.0 1341.0 428.0 60.0 que bien lo puedo decir

859.0 1388.0 441.0 57.0 en las noches adoradas :

859.0 1428.0 432.0 65.0 para los hombres herir

859.0 1475.0 461.0 69.0 valen mucho tus miradas.

899.0 1556.0 444.0 58.0 Son tus labios de corál

865.0 1607.0 475.0 64.0 y en tus mejillas preciosas

858.0 1653.0 426.0 58.0 de una mujer virginal

858.0 1697.0 471.0 56.0 se coloran bien dos rosas,

859.0 1744.0 458.0 60.0 y es tu persona un rosál.

897.0 1814.0 511.0 80.0 Son tantos ya tus primores

857.0 1877.0 459.0 51.0 que tus ojos son estrellas

857.0 1916.0 489.0 58.0 dando lindos resplandores,

864.0 1970.0 497.0 55.0 y en todas tus horas bellas

857.0 2006.0 442.0 63.0 eres bálsamo de amores.

898.0 2085.0 389.0 64.0 Eres linda sin igual,

859.0 2141.0 444.0 62.0 tu faz dulce y peregrina

859.0 2186.0 443.0 62.0 demuestra muy natural

857.0 2234.0 404.0 58.0 que tú eres medicina

857.0 2277.0 394.0 73.0 que cura de todo mal.
