1860 2629
175.0 1358.0 1373.0 197.0 TROBOS NUEVOS

295.0 1554.0 1112.0 99.0 amorosos y elegantes, para cantar

552.0 1654.0 597.0 82.0 A LAS DONCELLAS.

391.0 1786.0 925.0 93.0 Seguido de una Polca coreada.

292.0 1933.0 196.0 54.0 TROBO 1.

160.0 1973.0 471.0 64.0 Buscando voy á una dama

116.0 2024.0 484.0 66.0 de sal, sandunga y salero,

115.0 2078.0 409.0 52.0 yo no sé si encontraré

113.0 2111.0 487.0 72.0 aquella que yo mas quiero.

154.0 2199.0 431.0 64.0 De galan tengo la fama,

119.0 2246.0 462.0 52.0 y encantador de doncellas

115.0 2290.0 527.0 61.0 todo el mundo así me llama :

112.0 2342.0 487.0 54.0 pues como me gustan ellas,

112.0 2383.0 469.0 67.0 buscando voy á una dama.

965.0 1939.0 481.0 69.0 Si es morenita , me muero

923.0 1987.0 507.0 63.0 si es rúbia me inspira amor ;

920.0 2034.0 441.0 54.0 por todas me desespero :

930.0 2076.0 358.0 63.0 y así , será la mejor,

916.0 2119.0 489.0 74.0 de sal, sandunga y salero.

957.0 2203.0 495.0 71.0 Busco una.... no se qué....

926.0 2258.0 440.0 59.0 y no sé si está perdida ;

919.0 2301.0 350.0 53.0 pero claro lo diré :

917.0 2341.0 396.0 52.0 el consuelo de mi vida

916.0 2389.0 401.0 83.0 yo no sé si encontraré.
