1860 2629
357.0 1257.0 956.0 210.0 DIALOGO

100.0 1500.0 1477.0 112.0 de un padre que aconseja al hijo que se case por

532.0 1579.0 610.0 129.0 librarle de la quinta.

65.0 1849.0 766.0 89.0 Padre. Hijo mio, ahora mismo acabo de

153.0 1930.0 673.0 68.0 leer algunos periódicos, é inútil fue¬

146.0 1980.0 683.0 85.0 ra descrihirte la tristeza que han cau¬

155.0 2041.0 364.0 77.0 sado á mi corazon.

63.0 2094.0 768.0 96.0 Hijo. ¿Por qué? ¿qué novedad es esa, pa¬

155.0 2164.0 215.0 79.0 dre mio?...

72.0 2225.0 759.0 75.0 Pad. Vas á saberlo: han decretado el sor¬

157.0 2287.0 676.0 65.0 teo para la quinta, y como te vas

157.0 2337.0 676.0 121.0 acercando á la elad de entrar en ella,

943.0 1870.0 675.0 64.0 será preciso tomar sériamente una

943.0 1916.0 677.0 88.0 resolucion para evitar lo que tantas

943.0 1978.0 671.0 85.0 y tan amargas lágrimas podria cos¬

943.0 2048.0 140.0 72.0 tarnos.

855.0 2087.0 765.0 97.0 Hij. ¿Y es eso lo que le dá á V. tanta

940.0 2157.0 163.0 77.0 pena?...

859.0 2223.0 759.0 70.0 Pad. Sí, hijo mio ; porque la quinta ar¬

938.0 2267.0 678.0 85.0 rebata á los hijos del seno de la fa¬

943.0 2331.0 671.0 103.0 milia, cubriendo de luto á los des¬
