1902 2576
349 145 458 69 sois noble, no dejaréis

354 199 530 65 de otorgarme la demanda.

358 253 487 62 Yo de mi casa he salido

354 300 416 69 sola con esta criada,

358 354 532 71 voy á andar las estaciones,

356 412 449 64 como devota cristiana,

367 455 410 75 y porque parece mal

356 515 479 58 caminar sola una dama,

356 562 526 60 de mi parte yo os suplico

358 607 565 75 que vengais en mi compaña.

358 667 577 60 Respondió el maltés bizarro:

364 719 574 66 pues ya que no pierdo nada,

367 766 536 69 porque yo tambien camino

358 817 502 63 á la misma circunstancia,

360 865 449 66 iré, Señora, sirviendo

360 918 575 60 de norte á vuestra esperanza.

360 963 535 69 Los cuatro caminan juntos

360 1023 588 65 con grande amor y compaña,

364 1079 471 52 visitaron cinco templos,

367 1118 495 71 y del último en la grado

364 1167 561 71 volvió el rostro el caballero,

367 1219 450 75 y le dice: bella dama,

373 1279 547 66 pues que ya hemos visitado

362 1315 601 80 los cinco templos, que manda

362 1380 432 62 la Iglesia, para ganar

362 1429 468 62 la indulgencia plenaria,

360 1476 646 73 quedad con Dios, porque tengo

364 1526 552 66 un cuidado de importancia.

364 1577 423 69 Dijo la dama: Señor,

362 1631 524 67 hasta dejarme en mi casa,

364 1680 490 73 importa me acompañeis;

369 1723 571 86 pues vuestra persona hidalga

364 1790 529 60 no ha de consentir que yo

369 1837 504 60 quede aquí desamparada,

373 1889 558 66 porque va ya anocheciendo,

373 1929 451 78 y está lejos mi posada.

369 1979 515 77 A fuer de buen caballero,

371 2041 522 58 le fué fuerza acompañarla.

367 2093 478 64 Cruzan calles y callejas,

384 2133 446 75 y por fin llegan á casa.

369 2189 466 60 Se despide el caballero

371 2243 479 105 segunda vez, y la dama

1041 1468 498 69 cuando de improviso vió

1034 145 483 71 con mil fingidos cariños

1039 195 543 77 y con muy dulces palabras

1034 253 498 66 le ruega que suba arriba,

1041 300 573 62 porque la merienda aguarda.

1036 347 507 78 Dió el caballero disculpa,

1036 405 492 67 diciéndole que ayunaba;

1041 457 502 68 pues suba usted, replicó,

1036 506 507 71 tomará bizcochos y agua,

1036 553 520 69 que no romperá el ayuno

1036 607 415 62 una cosa tan liviana.

1043 661 457 58 Y por no ser descortés

1036 704 511 73 entró sin hablar palabra:

1036 757 548 71 quedó el criado á la puerta

1036 817 563 58 á esperar que su amo salga.

1039 865 506 75 Subió el caballero arriba,

1041 918 474 54 y en una muy rica sala

1039 959 491 75 lado por lado se sientan,

1041 1013 502 68 y ella mandó á la criada,

1041 1062 530 69 que trajese unos bizcochos

1045 1122 498 58 y de buen vino una taza.

1039 1163 528 75 Luego que lo hubo traido,

1041 1215 483 64 con mil súplicas alcanza

1039 1266 545 73 que beba un trago de vino,

1045 1318 455 64 ya que comer reusaba.

1043 1367 500 71 Dieron fin á la merienda,

1045 1421 468 73 platicando cosas varias,

1043 1524 474 73 por la puerta de la sala

1041 1584 487 56 entrar á tres embozados

1039 1622 468 73 sin hablar una palabra,

1045 1682 412 65 y empiezan á pasear

1043 1725 579 71 los tres juntos por la cuadra.

1043 1777 513 73 Esto que vió el caballero,

1047 1828 481 69 volvió la cara á la dama

1047 1880 468 69 diciéndole : ya, señora,

1049 1934 492 70 es hora de que me vaya.

1051 1981 365 66 Y sacando su reloj

1045 2028 440 75 de plata sobredorada,

1047 2082 472 71 ha dicho: las ocho son,

1056 2131 575 71 y hago gran falta en mi casa.

1049 2181 481 73 No seais de esa manera,

1047 2236 479 118 ha respondido la dama,
