1860 2629
350.0 1349.0 1238.0 145.0 Nuevo y curioso papel

162.0 1476.0 1590.0 101.0 en el que se da cuenta y declara el horrible asesinato que

339.0 1548.0 1233.0 106.0 han ejecutado en el pueblo de Berzocana,

682.0 1616.0 563.0 88.0 provincia de Cáceres

164.0 1671.0 1581.0 99.0 en la madrugada del 26 de octubre del presento año

607.0 1921.0 709.0 105.0 PRIMIERA PARTE

203.0 2063.0 441.0 68.0 A la bellísíma aurora,

162.0 2114.0 482.0 61.0 Madre del divino Verbo,

164.0 2160.0 465.0 59.0 le pido me dé su gracia

164.0 2199.0 502.0 68.0 porque sin ella no puedo

162.0 2243.0 533.0 61.0 dar brío á mi tosca lengua

162.0 2289.0 553.0 68.0 ni á mis labios movimiento,

164.0 2337.0 410.0 57.0 para poder explicar

160.0 2379.0 471.0 79.0 el caso más estupendo.

1030.0 2061.0 560.0 86.0 En la provincia de Cáceres

989.0 2114.0 539.0 70.0 en la sierra de Guadalupe,

987.0 2166.0 598.0 66.0 que por españa es nombrada,

987.0 2206.0 633.0 79.0 se encuentra nn famoso pueblo

987.0 2256.0 506.0 66.0 que se llama Berzocana;

993.0 2295.0 452.0 66.0 habitaba un caballero

991.0 2331.0 559.0 78.0 que don Fulgencio se llama,

997.0 2388.0 496.0 83.0 casado con doña Dolores
