1753 2480
93.0 103.0 535.0 66.0 Flores, que así se llamaba.

128.0 146.0 454.0 68.0 Estos tenían tres hijas

88.0 194.0 513.0 68.0 y un hijo sólo en la casa,

86.0 237.0 457.0 73.0 y un criado que tenian

86.0 289.0 434.0 56.0 y tambiénona eriada,

86.0 324.0 472.0 62.0 y tienen un encargado,

84.0 376.0 575.0 60.0 para que las cuentas llevara

82.0 415.0 488.0 64.0 de la labor y el ganado,

82.0 460.0 697.0 77.0 diezy ocho años que está en casa,

84.0 498.0 335.0 74.0 tenía su mayeral

84.0 553.0 573.0 58.0 y dos hijos que le ecompaña.

132.0 593.0 546.0 70.0 Y un zagal de los cochinos,

80.0 632.0 478.0 72.0 hasta cinco se juntaban

82.0 686.0 498.0 53.0 los mozos que aquí tenía

80.0 721.0 577.0 78.0 el tal don Fulgencio en casa.

126.0 770.0 485.0 67.0 El veintiseis de Octubre

80.0 816.0 531.0 74.0 ha ocurrido esta desgracia

82.0 868.0 409.0 53.0 que ahora se refiere

82.0 911.0 434.0 56.0 en esta famosa plana.

128.0 950.0 457.0 66.0 A las once de la noche

78.0 979.0 424.0 83.0 un criado de la casa,

80.0 1037.0 385.0 70.0 el tal llamado José,

82.0 1080.0 498.0 62.0 un poco aceite le untaba

82.0 1130.0 459.0 62.0 al cerrojo de la puerta

86.0 1165.0 509.0 64.0 para que no barruntaran

82.0 1211.0 556.0 66.0 cuando la puerta el abriera

84.0 1262.0 532.0 60.0 para que su padre entrara

84.0 1310.0 556.0 64.0 en compañía de su hermano

82.0 1347.0 484.0 70.0 el encargado de la casa,

84.0 1388.0 552.0 69.0 con el zagal de los cochinos

86.0 1444.0 573.0 68.0 y todos cuatro en compañía.

126.0 1483.0 477.0 64.0 Serian las once y media

84.0 1523.0 565.0 70.0 entran los cuatro en la casa,

86.0 1566.0 449.0 70.0 y le entregaron la luz

86.0 1620.0 556.0 66.0 al mozo que en casa estaba,

88.0 1663.0 497.0 64.0 y todos cinco marcharon

86.0 1702.0 542.0 65.0 hacia donde su amo estaba

86.0 1752.0 480.0 58.0 acostado con su esposa...

84.0 1800.0 453.0 55.0 aquí la pluma se para.

128.0 1847.0 475.0 60.0 Aquí se turba el sentido

86.0 1888.0 552.0 60.0 al ver tan grande desgracia

86.0 1936.0 517.0 64.0 con su amo y con su ama

86.0 1971.0 492.0 70.0 que ejecutaron los cinco,

88.0 2019.0 509.0 68.0 y con tres hijas doncellas

88.0 2062.0 503.0 66.0 y también con la criada,

88.0 2110.0 517.0 60.0 y á un niño de nueve años

97.0 2153.0 560.0 74.0 que dormía en su compañía.

134.0 2201.0 438.0 53.0 A su amo desgraciado

107.0 2223.0 506.0 108.0 leasesinan con un hacha,

913.0 124.0 538.0 51.0 y á su desgraciada esposa

913.0 161.0 534.0 68.0 que también laa sesinaban

913.0 212.0 548.0 56.0 con aquella hacha cortante

911.0 260.0 569.0 60.0 que en la sien derecha daba,

909.0 303.0 550.0 56.0 una puñalada en el vientre

909.0 341.0 430.0 55.0 á la señora la daban.

950.0 392.0 484.0 60.0 Sin tener temor de Dios

909.0 427.0 420.0 62.0 ejecutan tal infamia,

911.0 469.0 476.0 66.0 pasararon á la primera

911.0 522.0 500.0 52.0 alcaba en la misma sala

909.0 562.0 579.0 70.0 donde están dos hijas mozas

913.0 613.0 598.0 60.0 ¡qué lástima y que desgracia!

915.0 651.0 484.0 64.0 una de diez y siete años

913.0 692.0 550.0 64.0 y otra á quince no llegaba.

959.0 750.0 481.0 56.0 ¡Y qué muerte tan cruel

913.0 793.0 538.0 64.0 sufrieron las desgraciadas!

913.0 837.0 434.0 51.0 Pasaron á la segunda

911.0 882.0 490.0 54.0 alcoba en la misma sala

913.0 927.0 498.0 48.0 donde está la hija mayor

913.0 961.0 515.0 59.0 que Providencia se llama.

955.0 1006.0 520.0 70.0 Eran sus ojos dos luceros

913.0 1058.0 474.0 55.0 y una azucena su cara,

919.0 1095.0 476.0 66.0 ¡y qué muerte tan cruel

915.0 1144.0 457.0 56.0 rncibió la desgraciada!

915.0 1180.0 583.0 72.0 de edad de diez y nueve años

915.0 1233.0 449.0 52.0 la vida se la quitaban.

959.0 1271.0 479.0 66.0 Pasaron á la habitación

913.0 1326.0 459.0 50.0 donde dormía la criada

915.0 1364.0 759.0 93.0 en compañía del hijo menor de la casa

915.0 1415.0 521.0 54.0 que para hacer compañía

913.0 1450.0 490.0 64.0 dormía junto á su cama;

915.0 1502.0 579.0 68.0 también la muerte les dieron

917.0 1554.0 395.0 49.0 al chico y la criada.

959.0 1578.0 479.0 73.0 Ella lucha con los cinco

915.0 1626.0 546.0 66.0 más las fuerzas le faltaqan

915.0 1680.0 505.0 53.0 y en el costado izquierdo

915.0 1717.0 420.0 70.0 la dan una puñalada

917.0 1758.0 532.0 64.0 que le atravesó el corazón

915.0 1806.0 432.0 62.0 quedó su vida finada.

961.0 1853.0 512.0 60.0 El chico llorando á gritos

915.0 1903.0 503.0 56.0 á sus padres los llamaba

917.0 1948.0 492.0 62.0 más lo ponen de rodillas

915.0 1988.0 604.0 76.0 y lo hacen volver de espaldas

921.0 2031.0 373.0 64.0 y con agudo puñal

917.0 2079.0 494.0 62.0 los sesos se los saltaban;

917.0 2130.0 447.0 56.0 estos lobos carniceros

917.0 2172.0 457.0 53.0 abandonon la matanza

919.0 2221.0 401.0 46.0 y se dedican al robo

917.0 2260.0 532.0 69.0 de cuanto había en la casa.

764.0 2331.0 794.0 91.0 Tip. M. Garcia; Miláns, 1.——Barcelona.
