1088 1602
526 104 84 33 — 4—

171 138 789 40 cebibles; así es que todas las flotas americanas que venian de

173 165 788 38 Méjico, el Rio de la Plata y el Perú, caminaban con grandes

172 197 793 38 precauciones, las cuales eran inútiles en varias ocasiones por

173 234 793 33 la astucia de aquellos piratas, que llegaron con el tiempo á ser

175 263 791 36 el espanto de los mares. has velas españolas se veian siempre

174 287 792 37 desde las altas rocas de la Jamaica, por cuyas aguas tenian

174 315 792 41 que hacer su derrota muchos capitanes, y esto despertaba la

175 346 791 34 codicia de los ingleses y aumentaba sus deseos hasta el ex-

175 374 792 39 tremo de salir al mar para quitarnos nuestros legítimos te-

175 404 82 41 soros.

220 430 748 40 Uno de los que más atentamente seguian la marcha de

176 462 791 39 aquellas naves era un hombre de alta estatura, barba en tre-

177 493 791 37 cana y crecida, sombrero de ala ancha, el cual ocultaba el bri-

178 523 792 42 llo de sus ojos, y capote de mar, esto es, un saco de lana burda

178 553 792 40 con capucha, el cual, colocado siempre en el Morro de la Ja-

179 583 792 40 maica, que era un peñasco que avanzaba sobre el mar, miraba

178 612 792 43 con tenaz atencion aquellos buques que pasaban de los puer-

181 645 790 34 tos americanos á los puertos españoles. Este hombre, una

182 672 789 45 tarde que vió pasar en silencio una flota, pareció meditar lar-

182 704 790 40 gamente, y cuando principió á anochecer se bajó con lentitud

183 732 789 36 á la ciudad, como si un extraño pensamiento lo atormentase.

182 762 790 38 Cuando llegó á las primeras casas, se dirigió á una calleja en

183 792 789 40 cuyo extremo habia una taberna, y penetrando en ella pidió

181 825 792 37 una botella de rom que principió á beber á pequeños sorbos. En

180 851 791 39 esto sobrevino la noche por completo, y como la taberna se

180 880 792 41 lleró de gente, llamó á un muchacho, hijo del tabernero, y á

184 911 787 42 quien conocia de antemano, y le dijo con una voz enronque-

188 940 436 40 cida por el abuso de las bebidas:

217 969 757 39 —Mira, Thomas Smith, anda vé al mostrador y dile á tu pa-

188 1003 375 38 dre que tengo que hablarle.

217 1034 753 36 Aquel muchacho, que parecia más listo que una ardilla.

184 1062 789 37 miró de reojo al hombre del sombrero y del capote de mar, y

185 1091 789 41 en seguida llevó el recado á su padre, el cual despues de des-

188 1119 787 43 pachar á algunos parroquianos, se fué á la mesa del que le ha-

186 1150 790 39 bia llamado, principiando entre los dos una conversacion inte-

187 1183 788 38 resante, la cual debemos extractar aquí para conocimiento de

188 1210 788 42 nuestros lectores. El hombre del sombrero y del capote de mar

189 1240 788 38 hizo presente al tabernero que mientras ellos apenas tenian

189 1270 789 38 medios para vivir, todo el oro de la América pasaba á España

190 1301 786 40 sin que ellos disfrutasen ni una onza de aquellas fabulosas ri-

190 1331 788 48 quezas, lo cual no debian consentir si es que tenian corazon de
