1092 1585
535 134 87 50 —26—

190 186 784 53 gando hasta que todos tengan que rendirse á discrecion.

228 213 748 50 Tan discretas como oportunas razones causaron la admira-

187 243 789 51 cion de su hermano, de modo que inmediatamente despues de

188 273 789 51 racionar la gente con la vitualla que habian sacado de los na-

191 304 787 49 víos y que habian cargado en los bagajes de la columna, em-

190 332 790 52 prendieron el camino á través del bosque, siguiendo el rumbo

190 363 789 57 de los piratas, seguros de encontrarlos al extremo de aquel

191 410 194 36 extenso paraje.

231 409 748 62 Pasóse la noche perfectamente acampados en el mismo pa-

191 452 788 47 raje donde la anterior estuvieron los ladrones, y al dia siguien-

195 481 785 42 te continuaron las huellas de los errantes piratas, los cuales

193 508 787 49 habian tomado hácia el Oeste tierra adentro, como único ca-

194 539 786 46 mino posible, á fin de pasar al otro lado del Panamá y desde

194 570 787 47 allí dirigirse al Norte. Pero las disputas ocasionadas entre

194 599 786 49 ellos, el deseo de conservar á todo trance las riquezas que lle-

197 630 784 46 vaban sobre sus hombros, el cansancio natural que dicho peso

198 659 783 46 les ocasionaba y la necesidad de proporcionarse alimentos de

197 688 785 48 que carecian por completo, les obligaba á que la marcha fuera

197 718 785 47 muy lenta, en razon á que tenian que relevarse los unos car-

198 747 783 46 gados con el tesoro, los otros cazando aves y animales para có-

196 776 786 46 mer y los demás para explorar el campo á fin de no ser vícti-

199 806 784 41 mas de una celada. Así trascurrieron tres dias. Al oscurecer

198 835 786 48 del último de estos descubrieron á lo lejos la tropa de Rosaura

199 865 785 48 y Juan de Ortega que los venia persiguiendo y entonces com-

199 892 786 51 prendieron que las dificultades iban siendo cada vez mayores

199 923 787 47 puesto que aquella tropa los ponia en sumo cuidado. Pasaron

199 953 788 47 la noche con extraordinaria inquietud no sabiendo el partido

199 983 785 47 que debian tomar: pero siempre dispuestos á salvar el dinero,

199 1011 786 47 continuaron muy de mañana la ruta que habian emprendido;

199 1041 787 46 pero siempre que volvian la cabeza se encontraban con que

199 1070 788 48 eran seguidos constantemente. Esto no les dió lugar ni para

200 1100 787 45 cazar siquiera. Aquellos piratas que quedaban rezagados no

201 1129 786 45 volvian á parecer jamás. Si se resistian, los españoles los pa-

200 1158 785 49 saban á cuchillo y si se entregaban quedanan hechos prisio-

201 1187 788 48 neros. El plan de Rosaura iba saliendo perfectamente, por lo

200 1218 788 54 que Juañ de Ortega no tenia motivos mas que para alabar el

205 1254 296 43 talento de su hermana.

208 1269 777 51 En vano Juan Ojenkan y Pedro Lemoige, maldiciendo de

200 1305 788 46 su negra estrella, hacian esfuerzos increibles para dominar la

201 1336 787 40 situacion. Todo su afan consistia en remontar el Panamá para

205 1365 783 55 ver si encontraban un vado practicable, y los rios de América
