1080 1558
489 122 86 44 —31—

141 158 789 55 nador de la plaza. Este, por no impresionar á su futura y bella

142 185 788 52 esposa con aquella nueva, nada le dijo, y al dia siguiente se

133 208 792 62 celebró tan legitima union, quedando todos cada vez más en-

142 243 782 59 cantados de la discrecion, belleza y valor de la heroina espa-

140 271 797 64 ñola Rosaura, siendo ésta tan feliz con su esposo, que nunca

149 309 457 50 tuvo el más ligero motivo de pesar.

188 320 741 72 Un año despues de su boda supo el trágico fin de los ladro-

145 357 786 67 nes de mar; pero es lo cierto que por largo tiempo no hubo pi-

144 391 785 62 ratas en los mares americanos, merced á la manera rigorosa,

148 418 783 71 con que habia sido castigado el atrevido cuanto desventurado

148 463 339 53 Juan Ojenkan y su gente.
