1098 1597
580 83 104 37 — 12—

236 116 790 42 má, me valdré de tu hijo para trasportar el tesoro al interior

236 152 790 36 del bosque, y no consentiré que éste se reparta hasta que se

236 183 790 39 hayan hecho nuevas presas. Nosotros somos los jefes, y por

236 211 789 35 consiguiente, nosotros mandamos. Hay además otra circuns-

236 239 789 41 tancia. Has de saber que entre los prisioneros viene una her-

237 271 547 35 mosa jóven española, y la quiero para mí.

265 299 760 40 —Corriente,—contestó el tabernero;—con tal que yo tome

236 330 789 37 dinero me importan poco todas las buenas mozas del mundo. Te

236 361 786 37 cedo, pues, mis derechos sobre la española, con tal que el te-

238 393 378 36 soro lo asegures para los dos.

281 416 744 39 Siguió la conversacion en silencio, adoptándose las precau-

236 448 788 35 ciones necesarias para ocultar en el bosque el tesoro que aca-

238 479 786 40 baban de apresar, y á fin de que la tripulacion no se apercibie-

238 507 783 43 se de ello, se le entregó casi todo el equipaje del San Pablo,

237 538 785 39 como si esto fuera un anticipo de la fortuna conquistada, pe-

238 566 786 39 netrando al fin en la resguardada bahía, la cual servia de

238 599 785 36 desagüe al caudaloso rio de Panamá, que por tres distintas

241 629 783 39 bocas arrojaba al mar el tributo de sus aguas. Aquel mismo

239 661 784 33 dia, la hermosa Rosaura Ortega, que desde la funesta catástro-

240 688 782 35 fe del navio no cesaba de llorar, fué llevada á presencia del pi-

241 715 782 43 rata, el cual no pudo resistir los encantos y atractivos de aque-

241 749 651 37 lla mujer sin quedar vivamente apasionado de ella.

284 775 737 40 Bien conoció Rosaura el peligro á que la exponia su her-

240 805 781 42 mosura; pero tenia ella la suficiente fuerza de voluntad para

242 837 779 36 hacer frente con su virtud á la pasion ardiente de aquel hom-

243 866 644 38 bre aborrecido que la habia privado de su libertad.

265 895 757 41 —Yo puedo, si tú quieres, hermosa española,—le dijo el fe-

240 924 783 41 roz pirata,—hacerte la mujer más rica y feliz de la tierra. Mi

241 955 781 40 barco será tuyo: los tesoros que aprese en medio de los mares

240 985 782 36 serán depositados á tus plantas: tú mandarás en mí con tal que

241 1013 779 40 tu corazon se ablande á las instancias constantes de mi cari-

240 1046 782 40 ño; y siempre que tú lo desees, que tú lo mandes, no habrá en

240 1077 384 36 mí más voluntad que la tuya.

252 1105 770 35 Escuchó estos razonamientos la noble española como si le

240 1136 781 36 ofendieran súplicas tan temerarias y fuera de razon; pero

239 1164 782 39 cuando ella estuvo sola consigo misma principió á meditar en

240 1195 782 37 lo difícil de su estado, puesto que se hallaba á merced de un

241 1223 780 36 hombre sin corazon que podia valerse de todos los recursos de

242 1254 778 38 la violencia para conseguir los destemplados antojos de sus

241 1284 780 35 deseos. Encerrada en uno de los camarotes del navío San Pa-

242 1313 778 50 blo, era imposible para ella todo género de salvacion, y no
