1126 1576
574 67 81 56 —8—

513 203 185 50 CAPITULO II

218 296 781 73 La salida.—El navío San Pablo.—Los pasajeros que iban en este buque.—La

219 338 779 56 hermosa Rosaura.—La borrasca.—El ataque del bergantin pirata.—El tesoro.—

476 367 264 36 Proyectos de reparticion.

260 495 736 30 Ya hemos dicho lo que era el pirata Juan Ojenkan, y de-

214 504 780 51 bemos añadir, valiéndonos de la verídica historia de á donde

215 535 780 51 sacamos estos apuntes, que era el tercer navegante que se lan-

211 567 784 50 zaba al mar en busca de los tesoros españoles, habiendo sido

212 596 781 51 precedido por el famoso marino Francisco Drake y por el no

212 625 780 50 menos célebre Walter Raleigh, que acabó por ser ahorcado.

211 654 782 50 Ambos habian sido el terror de las ciudades americanas, las

210 686 782 47 cuales habian sido saqueadas y robadas, y con estos antece-

210 719 782 44 dentes el pirata Juan queria sobrepujar á sus antecesores en

209 745 783 46 atrevidas empresas. En la costa que tenia delante de sí habia

210 774 781 49 poblaciones como Panamá, Costa Firme, Santiago, San Salva-

208 806 783 40 dor y otras muchas, que todas ofrecian no poco aliciente en

209 836 782 43 virtud de ser el depósito de los tesoros que venian del Centro

207 865 783 41 de América y ser además el punto de donde ordinariamente

207 896 707 44 salian las embarcaciones que él tanto codiciaba apresar.

214 924 775 42 Los primeros dias de navegacion no señalaron nada de par-

207 956 781 42 ticular: el nuevo y atrevido pirata se contentó con sorprender

205 987 783 36 algunos pueblecillos de la costa y algunos barcos mercantes

205 1017 783 35 de poca importancia; pero esto fué suficiente para que se difun-

205 1046 782 38 diese la noticia por el Centro de América, avisándose las auto-

204 1076 784 41 ridades mútuamente de que habia un nuevo pirata en cam-

205 1107 781 37 paña, lo cual hizo que se tomaran aquellas precauciones que

204 1134 781 40 reclamaban el bien del Estado y el servicio público. Sin em-

204 1164 780 41 bargo, como éste no podia quedar interrumpido y teniendo

201 1198 782 36 que enviar á Cádiz una importante remesa de oro y plata, se

201 1224 784 38 dispuso que el navío San Pablo hiciese el viaje con la debida

201 1253 783 41 tripulacion para evitar todo ataque por parte del pirata Juan

198 1284 785 36 Ojenkan, cuya celebridad iba en aumento á causa de las sor-

199 1315 782 45 presas que continuaba haciendo en embarcaciones menores,
