1103 1628
420 150 94 44 —17—

67 187 785 53 ciudad. Pronto se cundió la noticia de la llegada de Rosaura y

66 209 785 60 del desastre que habia sido victima el navío San Pablo, y

68 237 785 62 toda la tropa de la plaza se amotinó lanzando gritos de ven-

67 271 785 58 ganza. Llegaron pronto estos rumores al gobernador, el

66 299 783 58 cual mandó comparecer á la hermosa Rosaura á su presen-

66 328 782 59 cia, quien hizo la historia de todo lo sucedido con la discre-

65 359 781 57 cion que la distinguia, miéntras el oficial Juan de Ortega, her-

65 390 781 54 mano de la desdichada española, expresaba sus deseos de ven-

65 419 781 55 ganza, ya por las afrentas que esta habia recibido, ya por las

64 452 782 56 que sufria la dignidad española con el apresamiento de la ca-

66 480 93 40 pitana.

99 506 747 59 Cuando el gobernador se hizo cargo de todos aquellos de-

63 538 780 58 talles y conoció la inmensa pérdida que sufria España con la

62 569 777 57 pérdida del tesoro que pocos dias antes habia dirigido á ella,

60 599 781 54 experimentó el deseo de recuperarlo, tanto más, cuanto Rosau-

59 630 782 54 ra sabia perfectamente dónde éste quedaba escondido, y al efec-

59 657 782 57 to ordenó que el referido Juan Ortega, hermano de la ofendida

58 690 780 52 española, fuera el que tomara parte en el feliz resultado que se

59 719 777 52 prometia, así como se dispusiere otra columna de tropa, á fin

57 750 779 54 de caer sobre la boca de los desembocaderos del Panamá y apre-

57 776 778 59 sar el San Pablo, que como dejamos dicho, se encontraba en

57 807 245 37 poder de los piratas.

95 836 739 54 Al oir esto Rosaura se sintió movida por el heróico valor

55 868 772 53 que hasta allí habia mostrado, y suplicó al Gobernador que ha-

55 896 775 52 biendo sido ella la que habia dado cuenta de todas aquellas no-

56 925 769 56 vedades, se ofrecia á recuperar el navío, mientras su hermano,

54 956 775 52 con gente más aguerrida, se hacia dueño del tesoro, el cual

53 985 775 51 quedaba escondido en una choza del bosque próximo á la en-

52 1015 775 53 trada del rio Panamá en el mar. Si discreta le hubo de parecer,

51 1048 776 49 al Gobernador la plática de la hermosa Rosaura, más intere-

50 1077 774 50 sante le pareció la determinacion de aquella heroina, por lo que

50 1107 772 49 no pudo menos de acceder á su deseo, si bien subyugado y

49 1135 774 50 atraido por la belleza encantadora de la valiente jóven. Esta

48 1165 769 52 dió las gracias por las palabras lisonjeras que se le dirigian, y

47 1193 772 51 siendo nuevamente interrogada por el Gobernador sobre cuán-

47 1226 768 51 do le parecia oportuno emprender aquella honrosa expedicion,

47 1255 567 43 ella contestó que no habia tiempo que perder.

72 1284 745 48 —Pues sea como vos deseais, hermosisima y discreta Rosau-

45 1313 772 50 ra,—replicó el Gobernador.—Yo hasta este momento no habia

47 1344 767 47 tenido la fortuna de conoceros, pero si como aguardo volveis

46 1373 768 55 triunfante de vuestra noble empresa, vivid segura que no so-
