<?xml version="1.0" encoding="UTF-8"?>
<alto xmlns:xsi="http://www.w3.org/2001/XMLSchema-instance"
      xmlns="http://www.loc.gov/standards/alto/ns-v4#"
      xsi:schemaLocation="http://www.loc.gov/standards/alto/ns-v4# http://www.loc.gov/standards/alto/v4/alto-4-2.xsd">
  <Description>
    <MeasurementUnit>pixel</MeasurementUnit>
    <sourceImageInformation>
      <fileName>Varios_449_6.jpg</fileName>
      
    </sourceImageInformation>
  </Description>
  
  <Tags>
    <OtherTag ID="BT225" LABEL="GraphicZone:ornamentation" DESCRIPTION="block type GraphicZone:ornamentation"/><OtherTag ID="BT226" LABEL="MainZone" DESCRIPTION="block type MainZone"/><OtherTag ID="BT228" LABEL="MarginTextZone:colophon" DESCRIPTION="block type MarginTextZone:colophon"/><OtherTag ID="BT227" LABEL="MainZone:columns" DESCRIPTION="block type MainZone:columns"/><OtherTag ID="BT229" LABEL="MarginTextZone:note" DESCRIPTION="block type MarginTextZone:note"/><OtherTag ID="BT230" LABEL="MusicZone" DESCRIPTION="block type MusicZone"/><OtherTag ID="BT231" LABEL="NumberingZone:page" DESCRIPTION="block type NumberingZone:page"/><OtherTag ID="BT232" LABEL="QuireMarksZone:catchwords" DESCRIPTION="block type QuireMarksZone:catchwords"/><OtherTag ID="BT233" LABEL="QuireMarksZone:signature" DESCRIPTION="block type QuireMarksZone:signature"/><OtherTag ID="BT234" LABEL="RunningTitleZone" DESCRIPTION="block type RunningTitleZone"/><OtherTag ID="BT221" LABEL="CustomZone:impresorNum" DESCRIPTION="block type CustomZone:impresorNum"/><OtherTag ID="BT222" LABEL="CustomZone:numero_pliego" DESCRIPTION="block type CustomZone:numero_pliego"/><OtherTag ID="BT223" LABEL="CustomZone:title" DESCRIPTION="block type CustomZone:title"/><OtherTag ID="BT224" LABEL="GraphicZone:illustration" DESCRIPTION="block type GraphicZone:illustration"/>
    <OtherTag ID="LT83" LABEL="DefaultLine" DESCRIPTION="line type DefaultLine"/><OtherTag ID="LT81" LABEL="CustomLine:propriedad" DESCRIPTION="line type CustomLine:propriedad"/><OtherTag ID="LT82" LABEL="CustomLine:trailer" DESCRIPTION="line type CustomLine:trailer"/><OtherTag ID="LT84" LABEL="HeadingLine" DESCRIPTION="line type HeadingLine"/>
  </Tags>
  
  <Layout>
    <Page WIDTH="1149"
          HEIGHT="1607"
          PHYSICAL_IMG_NR="205"
          ID="eSc_dummypage_">
      <PrintSpace HPOS="0"
                  VPOS="0"
                  WIDTH="1149"
                  HEIGHT="1607">
        
        <TextBlock HPOS="553"
                   VPOS="92"
                   WIDTH="161"
                   HEIGHT="52"
                   ID="block_1"
                   TAGREFS="BT231">
          <Shape><Polygon POINTS="690 92 714 144 553 144 586 102"/></Shape>
          
          
          <TextLine ID="line_0"
                    TAGREFS="LT83"
                    BASELINE="601 133 682 133" 
                    HPOS="601"
                    VPOS="99"
                    WIDTH="81"
                    HEIGHT="48">
            <Shape><Polygon POINTS="601 133 601 142 674 147 675 147 676 147 677 147 682 142 682 133 680 99 658 104 654 103 643 99 642 99 641 99 640 99 639 99 626 108 619 113 601 113 601 133"/></Shape>
	    <String CONTENT="—6—"
                    HPOS="601"
                    VPOS="99"
                    WIDTH="81"
                    HEIGHT="48"></String>
          </TextLine>

          
        </TextBlock>
        
        <TextBlock HPOS="217"
                   VPOS="146"
                   WIDTH="865"
                   HEIGHT="1304"
                   ID="block_0"
                   TAGREFS="BT226">
          <Shape><Polygon POINTS="1082 146 1082 1450 217 1450 217 146"/></Shape>
          
          
          <TextLine ID="line_1"
                    TAGREFS="LT83"
                    BASELINE="275 172 1032 174" 
                    HPOS="275"
                    VPOS="147"
                    WIDTH="757"
                    HEIGHT="41">
            <Shape><Polygon POINTS="275 172 275 183 778 183 786 183 843 188 844 188 1031 183 1032 174 1031 147 275 147 275 172"/></Shape>
	    <String CONTENT="Redujo Juan Ojenkan á dinero la poca hacienda que tenia"
                    HPOS="275"
                    VPOS="147"
                    WIDTH="757"
                    HEIGHT="41"></String>
          </TextLine>

          
          
          <TextLine ID="line_2"
                    TAGREFS="LT83"
                    BASELINE="234 204 1032 202" 
                    HPOS="234"
                    VPOS="177"
                    WIDTH="798"
                    HEIGHT="39">
            <Shape><Polygon POINTS="234 204 234 214 1031 216 1032 202 1031 183 829 177 828 177 784 182 778 177 777 177 776 177 775 177 774 177 773 177 766 183 701 183 684 177 683 177 682 177 661 182 636 177 635 177 590 183 379 178 378 178 345 183 311 178 310 178 310 178 292 183 249 178 248 178 247 178 234 183 234 204"/></Shape>
	    <String CONTENT="en la Jamaica y el tabernero hizo lo propio, con lo cual com-"
                    HPOS="234"
                    VPOS="177"
                    WIDTH="798"
                    HEIGHT="39"></String>
          </TextLine>

          
          
          <TextLine ID="line_3"
                    TAGREFS="LT83"
                    BASELINE="234 234 1032 233" 
                    HPOS="234"
                    VPOS="210"
                    WIDTH="798"
                    HEIGHT="39">
            <Shape><Polygon POINTS="234 234 234 249 272 243 1031 247 1032 233 1031 211 234 210 234 234"/></Shape>
	    <String CONTENT="praron cuatro cañones, balas y pólvora, y despues de reunidos"
                    HPOS="234"
                    VPOS="210"
                    WIDTH="798"
                    HEIGHT="39"></String>
          </TextLine>

          
          
          <TextLine ID="line_4"
                    TAGREFS="LT83"
                    BASELINE="236 263 1033 263" 
                    HPOS="236"
                    VPOS="242"
                    WIDTH="797"
                    HEIGHT="35">
            <Shape><Polygon POINTS="236 263 236 274 1032 277 1033 263 1033 243 236 242 236 263"/></Shape>
	    <String CONTENT="todos los que habian de formar parte de la tripulacion se em-"
                    HPOS="236"
                    VPOS="242"
                    WIDTH="797"
                    HEIGHT="35"></String>
          </TextLine>

          
          
          <TextLine ID="line_5"
                    TAGREFS="LT83"
                    BASELINE="236 293 1031 293" 
                    HPOS="236"
                    VPOS="268"
                    WIDTH="795"
                    HEIGHT="40">
            <Shape><Polygon POINTS="236 293 236 302 302 308 303 308 394 308 394 308 394 308 402 304 404 303 410 304 430 308 431 308 432 308 444 304 447 303 451 304 461 308 461 308 462 308 500 304 519 303 1031 308 1031 293 1031 273 236 268 236 293"/></Shape>
	    <String CONTENT="barcaron con rumbo á la antedicha bahía de Darien, á la que"
                    HPOS="236"
                    VPOS="268"
                    WIDTH="795"
                    HEIGHT="40"></String>
          </TextLine>

          
          
          <TextLine ID="line_6"
                    TAGREFS="LT83"
                    BASELINE="235 324 701 321" 
                    HPOS="234"
                    VPOS="296"
                    WIDTH="467"
                    HEIGHT="41">
            <Shape><Polygon POINTS="235 324 235 334 461 337 462 337 519 332 524 336 525 336 526 336 527 337 573 337 573 336 637 331 688 334 689 334 690 334 701 329 701 321 699 301 628 296 627 296 592 300 583 301 574 300 550 297 549 297 548 297 547 297 544 300 542 301 526 300 493 298 492 298 478 300 465 303 432 303 429 299 427 299 427 298 427 298 426 298 425 298 424 298 419 299 415 302 407 299 400 298 399 298 398 298 367 299 313 303 234 299 235 324"/></Shape>
	    <String CONTENT="llegaron sin ninguna novedad."
                    HPOS="234"
                    VPOS="296"
                    WIDTH="467"
                    HEIGHT="41"></String>
          </TextLine>

          
          
          <TextLine ID="line_7"
                    TAGREFS="LT83"
                    BASELINE="275 353 1034 351" 
                    HPOS="274"
                    VPOS="325"
                    WIDTH="760"
                    HEIGHT="39">
            <Shape><Polygon POINTS="275 353 275 364 1034 363 1034 351 1032 330 663 325 662 325 662 325 647 330 299 326 298 326 274 331 275 353"/></Shape>
	    <String CONTENT="Juan Ojenkan era uno de esos hombres que tienen una vo-"
                    HPOS="274"
                    VPOS="325"
                    WIDTH="760"
                    HEIGHT="39"></String>
          </TextLine>

          
          
          <TextLine ID="line_8"
                    TAGREFS="LT83"
                    BASELINE="236 384 1032 383" 
                    HPOS="235"
                    VPOS="360"
                    WIDTH="797"
                    HEIGHT="36">
            <Shape><Polygon POINTS="236 384 236 394 1031 396 1032 383 1030 360 235 360 236 384"/></Shape>
	    <String CONTENT="luntad de hierro, y reasumió en él el mando de aquella gente"
                    HPOS="235"
                    VPOS="360"
                    WIDTH="797"
                    HEIGHT="36"></String>
          </TextLine>

          
          
          <TextLine ID="line_9"
                    TAGREFS="LT83"
                    BASELINE="236 412 1031 414" 
                    HPOS="235"
                    VPOS="391"
                    WIDTH="796"
                    HEIGHT="37">
            <Shape><Polygon POINTS="236 412 235 422 243 427 243 427 244 427 245 427 630 423 650 428 651 428 652 428 676 424 713 428 714 428 904 424 932 428 933 428 1031 423 1031 414 1031 392 236 391 236 412"/></Shape>
	    <String CONTENT="desalmada, que con el aliciente de las riquezas que esperaban"
                    HPOS="235"
                    VPOS="391"
                    WIDTH="796"
                    HEIGHT="37"></String>
          </TextLine>

          
          
          <TextLine ID="line_10"
                    TAGREFS="LT83"
                    BASELINE="236 445 1033 442" 
                    HPOS="235"
                    VPOS="417"
                    WIDTH="798"
                    HEIGHT="39">
            <Shape><Polygon POINTS="236 445 236 454 1031 456 1033 442 1031 423 1004 417 1003 417 824 422 766 423 746 421 706 418 705 418 704 418 696 421 691 423 670 421 635 418 634 418 595 421 566 423 556 421 545 418 544 418 424 419 423 419 419 420 410 424 399 420 395 419 394 419 394 419 393 419 388 420 376 424 365 420 362 419 361 419 360 419 235 419 236 445"/></Shape>
	    <String CONTENT="recoger le obedecian ciegamente; así es que como entre ésta"
                    HPOS="235"
                    VPOS="417"
                    WIDTH="798"
                    HEIGHT="39"></String>
          </TextLine>

          
          
          <TextLine ID="line_11"
                    TAGREFS="LT83"
                    BASELINE="235 474 1032 473" 
                    HPOS="234"
                    VPOS="449"
                    WIDTH="798"
                    HEIGHT="38">
            <Shape><Polygon POINTS="235 474 235 487 1031 484 1032 473 1031 452 234 449 235 474"/></Shape>
	    <String CONTENT="habia hombres que entendian de marinería y de construccion"
                    HPOS="234"
                    VPOS="449"
                    WIDTH="798"
                    HEIGHT="38"></String>
          </TextLine>

          
          
          <TextLine ID="line_12"
                    TAGREFS="LT83"
                    BASELINE="236 504 1033 502" 
                    HPOS="235"
                    VPOS="478"
                    WIDTH="798"
                    HEIGHT="38">
            <Shape><Polygon POINTS="236 504 236 514 1031 516 1033 502 1031 481 248 478 247 478 246 478 235 482 236 504"/></Shape>
	    <String CONTENT="de barcos, pudo desde luego ponerlos á trabajar en la entrada"
                    HPOS="235"
                    VPOS="478"
                    WIDTH="798"
                    HEIGHT="38"></String>
          </TextLine>

          
          
          <TextLine ID="line_13"
                    TAGREFS="LT83"
                    BASELINE="237 534 1033 532" 
                    HPOS="236"
                    VPOS="509"
                    WIDTH="797"
                    HEIGHT="37">
            <Shape><Polygon POINTS="237 534 237 542 1031 546 1033 532 1031 511 236 509 237 534"/></Shape>
	    <String CONTENT="de un bosque que los abastecia de toda clase de maderas para"
                    HPOS="236"
                    VPOS="509"
                    WIDTH="797"
                    HEIGHT="37"></String>
          </TextLine>

          
          
          <TextLine ID="line_14"
                    TAGREFS="LT83"
                    BASELINE="237 564 1032 562" 
                    HPOS="236"
                    VPOS="540"
                    WIDTH="796"
                    HEIGHT="37">
            <Shape><Polygon POINTS="237 564 237 573 633 577 634 577 657 572 659 572 660 572 680 576 681 577 809 577 809 576 810 576 821 572 833 576 834 576 835 576 836 576 854 572 936 576 937 576 938 576 955 572 993 576 994 576 1032 570 1032 562 1031 542 236 540 237 564"/></Shape>
	    <String CONTENT="hacer el bergantin pirata que se proyectaba. Como Pedro"
                    HPOS="236"
                    VPOS="540"
                    WIDTH="796"
                    HEIGHT="37"></String>
          </TextLine>

          
          
          <TextLine ID="line_15"
                    TAGREFS="LT83"
                    BASELINE="238 593 1030 593" 
                    HPOS="238"
                    VPOS="568"
                    WIDTH="792"
                    HEIGHT="39">
            <Shape><Polygon POINTS="238 593 238 604 1029 607 1030 593 1030 573 773 568 772 568 771 568 771 568 767 571 763 574 676 574 647 570 626 568 625 568 624 568 619 570 609 573 591 570 580 568 579 568 578 568 578 568 576 570 571 574 511 574 469 569 455 568 454 568 445 569 412 573 369 568 361 568 360 568 356 568 329 573 323 568 322 568 321 568 276 568 275 568 274 568 263 573 238 568 238 593"/></Shape>
	    <String CONTENT="Lemoige, el tabernero, no entendia una palabra de calafatería,"
                    HPOS="238"
                    VPOS="568"
                    WIDTH="792"
                    HEIGHT="39"></String>
          </TextLine>

          
          
          <TextLine ID="line_16"
                    TAGREFS="LT83"
                    BASELINE="237 624 1031 623" 
                    HPOS="236"
                    VPOS="599"
                    WIDTH="795"
                    HEIGHT="37">
            <Shape><Polygon POINTS="237 624 237 635 1030 636 1031 623 1030 601 236 599 237 624"/></Shape>
	    <String CONTENT="recibió el encargo de cazar por aquellos desiertos parajes, aves"
                    HPOS="236"
                    VPOS="599"
                    WIDTH="795"
                    HEIGHT="37"></String>
          </TextLine>

          
          
          <TextLine ID="line_17"
                    TAGREFS="LT83"
                    BASELINE="240 656 1027 652" 
                    HPOS="239"
                    VPOS="627"
                    WIDTH="788"
                    HEIGHT="42">
            <Shape><Polygon POINTS="240 656 240 667 317 664 331 667 336 669 337 669 338 669 351 667 377 664 403 667 416 669 417 669 426 667 449 663 533 667 539 667 540 667 542 667 562 663 583 667 588 668 589 668 601 667 650 662 721 667 728 667 729 668 757 668 757 667 758 667 759 667 767 662 782 667 783 667 784 667 785 667 793 667 860 662 895 666 896 667 961 667 994 667 994 666 995 666 996 666 1001 662 1025 666 1027 652 1025 633 980 628 979 628 978 628 960 632 953 627 952 627 951 627 950 627 911 632 908 632 901 632 808 628 807 628 806 628 805 628 799 632 796 634 725 634 717 632 699 628 698 628 677 632 667 633 647 632 616 629 615 629 614 629 604 632 595 634 575 632 556 629 555 629 554 629 549 632 544 634 501 632 467 629 466 629 454 631 435 635 319 631 290 630 289 630 284 631 260 635 239 631 240 656"/></Shape>
	    <String CONTENT="y animales para alimentar á los ochenta y cinco piratas, y"
                    HPOS="239"
                    VPOS="627"
                    WIDTH="788"
                    HEIGHT="42"></String>
          </TextLine>

          
          
          <TextLine ID="line_18"
                    TAGREFS="LT83"
                    BASELINE="237 684 1031 682" 
                    HPOS="236"
                    VPOS="656"
                    WIDTH="795"
                    HEIGHT="37">
            <Shape><Polygon POINTS="237 684 237 693 1031 693 1031 682 1031 663 1005 656 1004 656 1003 656 1002 656 1001 656 991 662 869 657 868 657 834 662 833 662 803 657 802 657 801 657 788 662 771 657 771 657 770 657 769 657 757 662 755 664 717 664 714 662 704 657 703 657 702 657 701 657 686 662 682 663 674 662 645 658 644 658 643 658 633 662 629 663 626 662 604 657 603 657 603 657 578 662 577 662 575 662 545 657 545 657 522 662 518 663 516 662 505 657 504 657 503 657 472 662 465 663 461 662 451 657 450 657 449 657 448 657 447 657 441 662 437 664 432 662 425 659 424 659 423 659 407 662 394 664 390 662 381 657 380 657 379 657 236 661 237 684"/></Shape>
	    <String CONTENT="puesto al frente de diez hombres y llevando consigo á su hijo"
                    HPOS="236"
                    VPOS="656"
                    WIDTH="795"
                    HEIGHT="37"></String>
          </TextLine>

          
          
          <TextLine ID="line_19"
                    TAGREFS="LT83"
                    BASELINE="240 713 1031 713" 
                    HPOS="240"
                    VPOS="687"
                    WIDTH="791"
                    HEIGHT="38">
            <Shape><Polygon POINTS="240 713 240 725 1031 722 1031 713 1031 692 936 687 935 687 934 687 921 691 919 691 904 691 821 687 821 687 820 687 808 691 804 692 711 692 702 690 688 687 687 687 671 690 659 691 653 690 646 687 645 687 645 687 627 689 609 691 595 689 585 687 584 687 583 687 582 687 580 689 576 692 539 692 360 687 327 687 327 687 326 687 325 687 315 691 240 687 240 713"/></Shape>
	    <String CONTENT="Thomás Smith, todos los dias traia carne suficiente para que"
                    HPOS="240"
                    VPOS="687"
                    WIDTH="791"
                    HEIGHT="38"></String>
          </TextLine>

          
          
          <TextLine ID="line_20"
                    TAGREFS="LT83"
                    BASELINE="238 741 851 742" 
                    HPOS="238"
                    VPOS="719"
                    WIDTH="613"
                    HEIGHT="38">
            <Shape><Polygon POINTS="238 741 238 752 541 752 543 752 563 757 564 757 850 752 851 742 850 722 238 719 238 741"/></Shape>
	    <String CONTENT="todos estuvieran alimentados con abundancia."
                    HPOS="238"
                    VPOS="719"
                    WIDTH="613"
                    HEIGHT="38"></String>
          </TextLine>

          
          
          <TextLine ID="line_21"
                    TAGREFS="LT83"
                    BASELINE="280 772 1031 774" 
                    HPOS="279"
                    VPOS="747"
                    WIDTH="752"
                    HEIGHT="38">
            <Shape><Polygon POINTS="280 772 279 780 1029 785 1031 774 1030 747 859 747 858 747 857 747 841 751 812 747 810 747 809 747 808 747 797 752 752 752 746 747 745 747 744 747 743 747 741 747 719 751 280 748 280 772"/></Shape>
	    <String CONTENT="Cerca de un año duró la empresa de la construccion del"
                    HPOS="279"
                    VPOS="747"
                    WIDTH="752"
                    HEIGHT="38"></String>
          </TextLine>

          
          
          <TextLine ID="line_22"
                    TAGREFS="LT83"
                    BASELINE="239 803 1031 801" 
                    HPOS="238"
                    VPOS="778"
                    WIDTH="793"
                    HEIGHT="34">
            <Shape><Polygon POINTS="239 803 239 812 1030 810 1031 801 1029 781 238 778 239 803"/></Shape>
	    <String CONTENT="bergantin; pero al fin y al cabo ésta llegó á su término, siendo"
                    HPOS="238"
                    VPOS="778"
                    WIDTH="793"
                    HEIGHT="34"></String>
          </TextLine>

          
          
          <TextLine ID="line_23"
                    TAGREFS="LT83"
                    BASELINE="240 832 1031 831" 
                    HPOS="239"
                    VPOS="806"
                    WIDTH="792"
                    HEIGHT="37">
            <Shape><Polygon POINTS="240 832 240 843 1031 840 1031 831 1029 808 805 811 774 807 754 806 754 806 753 806 746 807 733 811 727 807 724 806 723 806 722 806 721 806 707 807 688 810 660 807 638 806 637 806 538 807 537 807 535 807 522 812 516 807 515 807 514 807 513 807 512 807 506 807 478 812 423 807 411 807 410 807 403 807 372 812 366 807 365 807 364 807 363 807 362 807 336 811 310 807 303 807 302 807 301 807 300 807 285 812 239 807 240 832"/></Shape>
	    <String CONTENT="botado al agua con facilidad á causa de haberse puesto sobre"
                    HPOS="239"
                    VPOS="806"
                    WIDTH="792"
                    HEIGHT="37"></String>
          </TextLine>

          
          
          <TextLine ID="line_24"
                    TAGREFS="LT83"
                    BASELINE="238 864 1031 861" 
                    HPOS="237"
                    VPOS="835"
                    WIDTH="794"
                    HEIGHT="39">
            <Shape><Polygon POINTS="238 864 238 874 1030 871 1031 861 1029 840 847 840 846 840 839 835 838 835 838 835 837 835 783 840 762 840 738 839 695 836 694 836 693 836 686 839 681 840 646 839 596 836 595 836 554 839 519 840 511 839 503 836 503 836 502 836 501 836 494 838 484 841 453 838 440 837 439 837 438 837 434 838 422 841 237 838 238 864"/></Shape>
	    <String CONTENT="rodillos ensebados. En seguida se le pusieron los palos, el ti-"
                    HPOS="237"
                    VPOS="835"
                    WIDTH="794"
                    HEIGHT="39"></String>
          </TextLine>

          
          
          <TextLine ID="line_25"
                    TAGREFS="LT83"
                    BASELINE="239 892 1032 892" 
                    HPOS="239"
                    VPOS="868"
                    WIDTH="793"
                    HEIGHT="39">
            <Shape><Polygon POINTS="239 892 239 906 517 902 523 905 528 907 528 907 529 907 603 907 603 907 647 904 677 902 681 904 689 907 690 907 691 907 962 907 962 907 963 907 964 907 970 902 971 902 1032 902 1032 892 1032 872 239 868 239 892"/></Shape>
	    <String CONTENT="mon, las velas y el cordaje, se montó en él la artilleria, se le"
                    HPOS="239"
                    VPOS="868"
                    WIDTH="793"
                    HEIGHT="39"></String>
          </TextLine>

          
          
          <TextLine ID="line_26"
                    TAGREFS="LT83"
                    BASELINE="240 924 1031 921" 
                    HPOS="239"
                    VPOS="896"
                    WIDTH="792"
                    HEIGHT="41">
            <Shape><Polygon POINTS="240 924 240 932 339 937 340 937 369 932 370 932 371 932 380 937 381 937 382 937 383 937 384 937 391 932 392 932 437 932 450 937 451 937 452 937 452 937 463 932 466 932 589 936 590 936 631 932 634 932 637 932 673 936 674 936 675 936 692 932 693 932 694 932 739 936 740 936 741 936 742 936 750 932 1000 935 1001 935 1030 930 1031 921 1029 901 866 896 865 896 813 900 796 896 795 896 794 896 756 901 754 901 749 901 629 897 628 897 532 901 503 897 503 897 452 902 448 902 441 902 352 898 351 898 301 902 301 902 283 898 282 898 281 898 239 902 240 924"/></Shape>
	    <String CONTENT="pusieron lanchas á babor y á estribor y todo quedó listo para"
                    HPOS="239"
                    VPOS="896"
                    WIDTH="792"
                    HEIGHT="41"></String>
          </TextLine>

          
          
          <TextLine ID="line_27"
                    TAGREFS="LT83"
                    BASELINE="239 953 1031 950" 
                    HPOS="238"
                    VPOS="926"
                    WIDTH="793"
                    HEIGHT="41">
            <Shape><Polygon POINTS="239 953 240 967 250 963 1029 964 1031 950 1029 932 954 926 953 926 806 931 765 932 746 931 696 927 696 927 671 931 660 932 238 930 239 953"/></Shape>
	    <String CONTENT="hacerse á la mar tan luego como el tiempo, que estaba borras-"
                    HPOS="238"
                    VPOS="926"
                    WIDTH="793"
                    HEIGHT="41"></String>
          </TextLine>

          
          
          <TextLine ID="line_28"
                    TAGREFS="LT83"
                    BASELINE="239 982 1030 980" 
                    HPOS="238"
                    VPOS="957"
                    WIDTH="792"
                    HEIGHT="40">
            <Shape><Polygon POINTS="239 982 239 996 530 992 553 996 558 997 559 997 565 996 599 992 606 996 606 997 607 997 608 997 609 997 620 996 684 991 1028 996 1030 980 1028 961 238 957 239 982"/></Shape>
	    <String CONTENT="coso, así lo dispusiese. Para abastecer de viveres el bergantin"
                    HPOS="238"
                    VPOS="957"
                    WIDTH="792"
                    HEIGHT="40"></String>
          </TextLine>

          
          
          <TextLine ID="line_29"
                    TAGREFS="LT83"
                    BASELINE="240 1013 1027 1011" 
                    HPOS="239"
                    VPOS="986"
                    WIDTH="788"
                    HEIGHT="39">
            <Shape><Polygon POINTS="240 1013 240 1022 1025 1025 1027 1011 1025 991 934 991 934 990 922 986 921 986 920 986 919 986 901 990 900 990 893 990 766 986 765 986 744 990 741 990 736 990 690 986 689 986 662 990 656 990 638 990 564 987 563 987 562 987 553 990 548 991 542 990 530 987 529 987 528 987 512 990 502 991 239 990 240 1013"/></Shape>
	    <String CONTENT="se apeló al recurso de la caza, que era abundantísima, y"
                    HPOS="239"
                    VPOS="986"
                    WIDTH="788"
                    HEIGHT="39"></String>
          </TextLine>

          
          
          <TextLine ID="line_30"
                    TAGREFS="LT83"
                    BASELINE="240 1041 1030 1039" 
                    HPOS="239"
                    VPOS="1015"
                    WIDTH="791"
                    HEIGHT="41">
            <Shape><Polygon POINTS="240 1041 240 1056 319 1051 458 1054 502 1055 503 1055 509 1054 525 1050 611 1053 658 1054 659 1054 1029 1049 1030 1039 1029 1022 1006 1015 1006 1015 1005 1015 1004 1015 989 1021 977 1016 976 1016 975 1016 974 1016 958 1021 957 1022 863 1022 862 1021 844 1015 843 1015 842 1015 784 1020 763 1022 736 1020 682 1016 681 1016 680 1016 669 1020 662 1022 653 1020 639 1016 638 1016 574 1016 573 1016 572 1016 563 1019 555 1022 536 1019 515 1016 514 1016 491 1019 465 1022 386 1018 353 1017 352 1017 352 1017 348 1018 331 1023 239 1018 240 1041"/></Shape>
	    <String CONTENT="pronto se tuvo una gran cantidad de carne salada para ali-"
                    HPOS="239"
                    VPOS="1015"
                    WIDTH="791"
                    HEIGHT="41"></String>
          </TextLine>

          
          
          <TextLine ID="line_31"
                    TAGREFS="LT83"
                    BASELINE="240 1072 1029 1072" 
                    HPOS="240"
                    VPOS="1046"
                    WIDTH="789"
                    HEIGHT="39">
            <Shape><Polygon POINTS="240 1072 240 1084 1028 1085 1029 1072 1029 1051 1004 1046 1003 1046 970 1050 626 1046 625 1046 587 1050 576 1046 575 1046 574 1046 573 1046 558 1050 542 1046 541 1046 540 1046 496 1050 490 1046 489 1046 488 1046 346 1046 345 1046 344 1046 343 1046 336 1051 240 1051 240 1072"/></Shape>
	    <String CONTENT="mentar la tripulacion. Juan Ojenkan, no satisfecho con esto,"
                    HPOS="240"
                    VPOS="1046"
                    WIDTH="789"
                    HEIGHT="39"></String>
          </TextLine>

          
          
          <TextLine ID="line_32"
                    TAGREFS="LT83"
                    BASELINE="240 1102 1031 1099" 
                    HPOS="239"
                    VPOS="1074"
                    WIDTH="792"
                    HEIGHT="38">
            <Shape><Polygon POINTS="240 1102 240 1112 1030 1112 1031 1099 1029 1081 994 1074 993 1074 992 1074 974 1080 939 1074 939 1074 885 1080 882 1080 877 1080 770 1075 769 1075 768 1075 758 1080 755 1081 723 1080 643 1076 642 1076 627 1080 620 1081 614 1079 602 1075 601 1075 600 1075 503 1079 436 1082 410 1082 404 1079 401 1076 400 1076 399 1076 398 1076 239 1078 240 1102"/></Shape>
	    <String CONTENT="distribuyó los empleos, repartió las armas que se habian lle-"
                    HPOS="239"
                    VPOS="1074"
                    WIDTH="792"
                    HEIGHT="38"></String>
          </TextLine>

          
          
          <TextLine ID="line_33"
                    TAGREFS="LT83"
                    BASELINE="243 1132 1031 1130" 
                    HPOS="242"
                    VPOS="1105"
                    WIDTH="789"
                    HEIGHT="40">
            <Shape><Polygon POINTS="243 1132 243 1140 636 1145 637 1145 637 1145 654 1140 655 1140 670 1140 778 1144 779 1145 929 1145 929 1144 930 1144 939 1140 1017 1144 1018 1144 1019 1144 1031 1139 1031 1130 1030 1111 1003 1106 1002 1106 1001 1106 986 1110 984 1110 887 1106 886 1106 885 1106 874 1110 872 1111 805 1111 803 1109 792 1106 791 1106 790 1106 744 1109 729 1110 712 1109 646 1105 645 1105 629 1109 618 1111 242 1107 243 1132"/></Shape>
	    <String CONTENT="vado á la bahía de Darien, nombró los artilleros y dió el cargo"
                    HPOS="242"
                    VPOS="1105"
                    WIDTH="789"
                    HEIGHT="40"></String>
          </TextLine>

          
          
          <TextLine ID="line_34"
                    TAGREFS="LT83"
                    BASELINE="241 1162 1031 1158" 
                    HPOS="240"
                    VPOS="1133"
                    WIDTH="791"
                    HEIGHT="41">
            <Shape><Polygon POINTS="241 1162 241 1174 1031 1172 1031 1158 1030 1140 965 1140 964 1139 956 1133 955 1133 954 1133 953 1133 895 1139 882 1140 874 1139 847 1134 846 1134 825 1139 814 1140 797 1139 766 1134 765 1134 764 1134 753 1138 745 1140 720 1138 681 1134 680 1134 657 1138 634 1142 535 1142 507 1138 490 1135 489 1135 478 1137 459 1141 439 1137 432 1136 431 1136 240 1136 241 1162"/></Shape>
	    <String CONTENT="de piloto á Pedro Lemoige, que veia por fin casi realizadas sus"
                    HPOS="240"
                    VPOS="1133"
                    WIDTH="791"
                    HEIGHT="41"></String>
          </TextLine>

          
          
          <TextLine ID="line_35"
                    TAGREFS="LT83"
                    BASELINE="240 1192 1031 1189" 
                    HPOS="239"
                    VPOS="1164"
                    WIDTH="792"
                    HEIGHT="40">
            <Shape><Polygon POINTS="240 1192 240 1201 829 1204 830 1204 908 1199 1013 1203 1014 1203 1014 1203 1031 1198 1031 1189 1030 1169 1012 1164 1011 1164 1010 1164 944 1168 930 1165 929 1165 928 1165 706 1169 687 1169 683 1169 640 1165 639 1165 638 1165 628 1169 625 1170 239 1170 240 1192"/></Shape>
	    <String CONTENT="esperanzas de hacerse rico. Su hijo Thomás fué nombrado pi-"
                    HPOS="239"
                    VPOS="1164"
                    WIDTH="792"
                    HEIGHT="40"></String>
          </TextLine>

          
          
          <TextLine ID="line_36"
                    TAGREFS="LT83"
                    BASELINE="240 1221 1029 1221" 
                    HPOS="240"
                    VPOS="1196"
                    WIDTH="789"
                    HEIGHT="38">
            <Shape><Polygon POINTS="240 1221 240 1230 1028 1234 1029 1221 1029 1200 240 1196 240 1221"/></Shape>
	    <String CONTENT="lotin; bautizóse el bergantin con el nombre de El Milano,"
                    HPOS="240"
                    VPOS="1196"
                    WIDTH="789"
                    HEIGHT="38"></String>
          </TextLine>

          
          
          <TextLine ID="line_37"
                    TAGREFS="LT83"
                    BASELINE="240 1253 1029 1250" 
                    HPOS="239"
                    VPOS="1224"
                    WIDTH="790"
                    HEIGHT="38">
            <Shape><Polygon POINTS="240 1253 240 1261 1027 1262 1029 1250 1027 1231 914 1231 897 1224 896 1224 895 1224 894 1224 872 1230 830 1226 830 1226 762 1231 754 1231 752 1231 732 1224 731 1224 730 1224 698 1230 619 1224 618 1224 617 1224 616 1224 609 1229 561 1224 560 1224 559 1224 558 1224 549 1231 548 1231 539 1231 360 1225 360 1225 313 1231 301 1225 301 1225 300 1225 299 1225 298 1225 289 1231 288 1232 239 1232 240 1253"/></Shape>
	    <String CONTENT="nombre significativo, y sin banderá mercante ni de guerra,"
                    HPOS="239"
                    VPOS="1224"
                    WIDTH="790"
                    HEIGHT="38"></String>
          </TextLine>

          
          
          <TextLine ID="line_38"
                    TAGREFS="LT83"
                    BASELINE="240 1282 1030 1279" 
                    HPOS="239"
                    VPOS="1256"
                    WIDTH="791"
                    HEIGHT="37">
            <Shape><Polygon POINTS="240 1282 240 1293 503 1289 746 1292 761 1292 762 1292 766 1292 845 1288 1028 1291 1030 1279 1028 1258 251 1256 251 1256 250 1256 239 1260 240 1282"/></Shape>
	    <String CONTENT="un viérnes del mes de Febrero de 1561, se dió á la mar para"
                    HPOS="239"
                    VPOS="1256"
                    WIDTH="791"
                    HEIGHT="37"></String>
          </TextLine>

          
          
          <TextLine ID="line_39"
                    TAGREFS="LT83"
                    BASELINE="240 1310 1029 1307" 
                    HPOS="239"
                    VPOS="1286"
                    WIDTH="790"
                    HEIGHT="34">
            <Shape><Polygon POINTS="240 1310 240 1320 1028 1317 1029 1307 1026 1286 239 1287 240 1310"/></Shape>
	    <String CONTENT="cruzar desde la parte Norte del golfo de Méjico hasta la extre-"
                    HPOS="239"
                    VPOS="1286"
                    WIDTH="790"
                    HEIGHT="34"></String>
          </TextLine>

          
          
          <TextLine ID="line_40"
                    TAGREFS="LT83"
                    BASELINE="240 1341 1031 1339" 
                    HPOS="239"
                    VPOS="1316"
                    WIDTH="792"
                    HEIGHT="35">
            <Shape><Polygon POINTS="240 1341 240 1351 1031 1348 1031 1339 1029 1318 239 1316 240 1341"/></Shape>
	    <String CONTENT="midad Sur del istmo de Panamá, asegurando antes en su carta"
                    HPOS="239"
                    VPOS="1316"
                    WIDTH="792"
                    HEIGHT="35"></String>
          </TextLine>

          
          
          <TextLine ID="line_41"
                    TAGREFS="LT83"
                    BASELINE="240 1371 1029 1367" 
                    HPOS="239"
                    VPOS="1344"
                    WIDTH="790"
                    HEIGHT="49">
            <Shape><Polygon POINTS="240 1371 240 1386 285 1392 285 1392 316 1386 324 1385 380 1385 383 1386 394 1392 395 1392 396 1393 421 1393 421 1392 422 1392 423 1392 433 1386 443 1390 444 1390 565 1391 566 1391 567 1391 580 1386 584 1383 633 1383 664 1385 697 1388 698 1388 716 1385 730 1383 743 1385 771 1390 772 1390 842 1385 847 1385 852 1385 919 1390 920 1390 921 1390 937 1385 946 1382 955 1385 972 1390 972 1390 973 1390 1029 1384 1029 1367 1027 1349 843 1344 842 1344 841 1344 831 1349 830 1349 821 1349 778 1345 777 1345 759 1349 756 1349 753 1349 738 1345 737 1345 736 1345 735 1345 726 1349 724 1350 633 1350 628 1349 618 1346 617 1346 574 1346 573 1346 572 1346 571 1346 567 1349 564 1351 486 1351 483 1349 478 1346 478 1346 477 1346 476 1346 447 1349 426 1351 402 1349 377 1347 376 1347 239 1348 240 1371"/></Shape>
	    <String CONTENT="marítima los puertos que debian servirle de refugio, tanto en"
                    HPOS="239"
                    VPOS="1344"
                    WIDTH="790"
                    HEIGHT="49"></String>
          </TextLine>

          
        </TextBlock>
        

        
      </PrintSpace>
    </Page>
  </Layout>
</alto>
