1099 1597
500 69 102 46 — 13—

154 112 789 38 pudo menos de temblar por su honor, sériamente amenazado;

158 147 784 34 por lo que, dándose trazas para salir bien de aquel apretado

158 173 783 38 lance, se dispuso á contemporizar con el pirata, y si era posi-

157 200 778 40 ble, engañarlo con falsas promesas, á fin de ganar tiempo y

159 229 783 44 ver si por medio de esta sagaz estratagema podia salir bien

157 259 112 39 librada.

197 289 745 35 Cuando de nuevo se presentó Juan Ojenkan con sus pre-

157 321 784 41 tensiones, la hermosa Rosaura habia aprendido perfectamente

157 349 784 41 su papel, y entre lágrimas y suspiros manifestó que el amor

158 384 782 31 en las mujeres no entra tan pronto como en el corazon de los

156 409 785 36 hombres; pero que éstos siempre lo pueden alcanzar si con sus

157 440 782 36 finos afectos logran interesar á la mujer que aman. Tan dis-

157 468 781 41 cretas palabras hicieron caer en el lazo á Juan el pirata, y

155 499 785 40 creyendo que la hermosa española vendria con el tiempo á

157 527 783 38 someterse á sus condiciones, se consagró de lleno á los dos

157 554 783 46 pensamientos que más le dominaban: esto es, á hacerse due-

158 588 782 41 ño del tesoro que habia robado en el navío San Pablo y á

158 621 782 40 ser el señor del corazon de Rosaura, que cada vez le intere-

158 649 134 36 saba más.

203 678 737 37 Ahora justo es que veamos cómo salió del paso respecto de

157 707 779 39 ambas cosas, pues las dos merecen figurar en nuestra historia,

157 735 661 45 por la importancia que tienen en los sucesos futuros.
