1088 1538
441 73 84 45 — 19—

375 200 206 44 CAPITULO IV.

86 296 786 46 Lo que ocurrió en la ciudad de Tierra Firme con la llegada de Rosaura.—

87 334 785 29 El consejo y las columnas de tropa que salen contra los piratas.—Rescate del

86 358 785 38 tesoro.—Combate sangriento.—Vuelve á caer el dinero en poder de los ladro-

345 381 267 43 nes de mar.—Las naves.

124 510 749 28 No eran en verdad en aquellos tiempos muy aguerridas las

88 527 785 40 tropas de que podia disponer el noble Gobernador de Tierra

87 561 785 37 Firme, puesto que se componian de milicias del pais, sin la ins-

88 590 785 38 truccion correspondiente; pero Juan de Ortega pudo marchar

88 616 784 37 al frente de cien hombres y su hermana al frente de cincuen-

88 646 785 40 ta, número que ella creyó suficiente para conseguir su inten-

88 678 786 38 to. Dejemos, pues, á los dos hermanos caminando juntos por

88 705 786 44 medio de los bosques, venciendo no pocos contratiempos, hasta

88 737 786 37 que lleguen á separarse en la direccion de las tres bocas que

87 768 784 39 forma el Panamá, tres leguas más arriba de entrar en el mar,

91 795 782 43 y volvamos la vista á los piratas, que esperaban el reparto del

89 827 785 36 tesoro, segun era de derecho por las leyes y costumbres que

88 856 786 36 tenian establecidas sobre en estas materias todos los ladrones de

88 882 785 40 mar. Ninguno de ellos se habia apercibido de que dicho te-

88 915 786 39 soro habia sido escondido en el seno de los bosques; así es que

88 943 785 39 á la mañana siguiente nadie pudo sospechar lo que habia su-

88 973 786 38 cedido en la noche anterior. Lo único que advirtieron era que

89 1003 679 42 Juan Ojenkan y Pedro Lemoige no estaban á bordo.

130 1033 743 40 Gracias á la humedad de la mañana, estos, que permane-

88 1061 784 42 cían en la choza donde estaba escondido el tesoro, fueron des

91 1093 784 41 pertando sucesivamente, y al pronto no recordaron nada de lo

91 1121 782 41 que habia pasado. Pero poco á poco vinieron las ideas á darle

90 1150 782 41 una luz de todo cuanto habia ocurrido la noche antevior, y Juan

90 1180 780 42 Ojenkan, acordándose de Rosaura, se dió á buscarla por los al-

91 1210 779 40 rededores, mientras Lemoige se cercioró de que el tesoro esta-

92 1240 780 40 ba allí, lo cual probaba que la desaparicion de la hermosa es-

92 1270 779 43 pañola tenia que obedecer á otras causas distintas. Despues de

93 1302 778 50 inútiles exploraciones y en que Ojenkan creyese que Rosaura
