1089 1602
459 90 88 52 —5—

101 147 792 32 hombres valientes. Que para conseguir el objeto de ponerse ri-

102 166 789 39 cos sin gran trabajo no habia más que preparar un buen bar-

100 195 791 40 co, montar en él algunos cañones y salir en corso al mar, sor-

99 226 790 36 prendiendo á los buques españoles; que esto era empresa muy

101 254 785 43 fácil, en virtud á que él conocia todas las ensenadas, bahías y

103 284 787 42 cabos de la costa, y lo único que hacia falta era encontrar

102 318 789 38 hombres decididos que se aventurasen á entrar en la empresa

105 348 305 39 que él habia concebido.

130 372 759 43 Escuchólo en silencio Pedro Smith y Lemoige, que así se

101 404 788 39 llamaba el tabernero, y desde luego se conoció que el discurso

101 433 788 41 del hombre del sombrero y del capote de mar habia producido

102 462 785 42 en él un grande efecto, puesto que sus ojos brillaron con ava-

101 493 786 41 ricia y sus manos parecian contar las monedas de oro que so-

103 529 784 35 ñaba apresar en la empresa que aquel hombre le proporcionaba.

134 554 752 35 —Pero, señor Ojenkan,—repuso el tabernero admirado;—

107 586 782 35 ¿estais seguro que podemos ponernos ricos sorprendiendo á los

104 616 228 39 barcos españoles?

132 646 757 35 —Tan seguro como ahora estamos bebiendo rom en vuestra

101 671 788 39 taberna. Mi plan, si es que quereis ayudarme, es pasar á la

104 703 785 38 inmediata bahía de Darien; yo, como sabeis, sé construir un

104 730 783 38 buen barco, y allí tenemos excelentes maderas para el caso.

104 760 783 41 En poco tiempo tendremos un excelente bergantin, llevare-

105 792 783 37 mos cañones de la isla y contando como cuento con algunos

103 824 785 38 amigos valientes y entendidos, podremos en poco tiempo tener

104 856 753 34 nuestra fortuna, que es hoy por desgracia muy menguada.

135 880 753 41 No cayeron, como se suele decir, en saco roto las observacio-

105 910 782 40 nes del llamado Ojenkan en el ánimo del tabernero Pedro Lemoi-

105 941 783 37 ge, y desde el dia siguiente principiaron á concertar su plan para

104 974 782 32 convertirse en piratas, puesto que la empresa ofrecia grandes

105 1003 782 35 ventajas, mucho mayores sin duda que los riesgos que esta

104 1033 783 34 podia ofrecer. Tanto Juan Ojenkan, que así se llamaba el hom-

103 1059 782 40 bre del capote de mar, como el tabernero, principiaron á re-

103 1089 782 37 clutar gente, y en poco tiempo reunieron ochenta y cinco hom-

103 1120 783 37 bres, los cuales aceptaron las condiciones que hubieron de

102 1152 782 36 ofrecérseles en la taberna, comprometiéndose á jugar sus vi-

102 1179 783 41 das á cambio de que todas las presas que se hicieran se repar-

104 1210 782 37 tieran á proporcion, y acordóse en definitiva embarcarse todos

102 1242 781 35 con rumbo á la bahía de Darien, á una ensenada completa-

103 1271 781 37 mente desierta, en la que sin ser vistos de nadie, construirian

102 1297 781 46 el bergantin pirata que habia de ejercer sus rapiñas contra los

104 1326 228 50 barcos españoles.
