1105 1542
511 93 83 36 —13—

132 135 820 36 rán desde allí á Jerusalen, y en ella á las casas de los presidentes

136 165 818 40 y pontífices en que por ellos fué condenado á muerte. Verán desde

132 194 816 35 allí el Pretorio, donde fué infamado con sangrienta lluvia de azo-

133 223 815 38 tes, yel tribunal en que alevosa mano señaló con una bofetada su

133 255 815 37 Santísimo Rostro. Verán desde allí las rejas ó balcon donde le sa-

132 283 814 39 có Pilatos para que, viéndole tan herido y lastimoso, se compa-

131 312 815 34 deciesen de él los hombres. Verán desde allí las calles de aque-

132 340 814 41 lla ciudad donde fué paseado afrentosamente, cargado de cade-

132 371 814 39 nas y tratado con suma inhumanidad y tiranía. En fin, desde

130 401 813 40 allí contemplarán el Calvario, en que por ellos fué desnudado,

130 431 815 37 crucificado, y muerto en una Cruz; y la sangre que entonces

129 461 817 39 despreciaron, será la tinta que firme contra ellos la sentencia

130 491 816 37 cruel de su condenacion. La vista de todos aquellos lugares será

130 519 815 41 terrible, porque los beneficios recibidos en ellos se volverán fis-

128 549 504 37 cales rigurosos contra sus ingratitudes.

175 579 769 39 Este, pues, será el lugar en que establezca su Tribunal el

130 610 812 34 Divino Juez; y en su Rostro se leerá el decreto de la sentencia.

128 638 814 42 Será su semblante para los predestinados, luz, y para los pros-

127 669 814 41 criptos horror; porque se ostentará á aquellos con risa amable,

127 699 815 35 mas á estos con ceño horrible, para llamar á los justos al Palacio

126 728 816 36 de las Luces, y desterrar á los delincuentes al horrendo albergue

126 757 816 40 de las oscuridades. ¡Qué angustias! ¡Qué desmayos! ¡Qué ago-

127 787 815 40 nías! Que asustando los pechos dejarán en libertad á los discur-

126 818 816 37 sos, no acabando de matar el espanto, porque quede con vida el

126 846 812 40 sentimiento. En tan terrible escena solo la verdad desnuda y

127 878 815 36 triunfante podrá tener la frente erguida y el rostro sereno. Allí

126 912 814 30 aparecerán ignorantes los celebrados de discretos, allí temblarán

125 936 815 38 cobardes los tenidos por valerosos, y se trocará la vanidad de la

126 965 751 39 sabiduría, y la soberbia de la animosidad en miedo y rubor.

169 994 772 42 Reunidos todos en aquel tremendo Valle, mandará el Juez á

125 1025 815 36 los Angeles que separen los buenos de los malos; aquellos á la

125 1054 814 39 mano derecha de su Dios, para llevarlos consigo á su Gloria; y á

124 1085 815 38 estos á la izquierda, como desechados, para sumergirlos en el

124 1115 813 40 profundo infierno; premiados los unos y castigados los otros por

126 1144 550 38 toda la eternidad de los siglos de los siglos.

168 1172 771 38 ¡Cuántos, entonces, repasando su memoria se arrepentirán de

123 1206 814 37 su pasada conducta! Roguemos á Dios y la sagrada Vírgen de las

123 1233 815 39 Mercedes no nos aparten su gracia, que al llegar ese tremendo

122 1261 815 40 dia, podamos colocarnos á la diestra del Soberano Juez. Ni la tier-

121 1295 816 37 ra con sus terremotos, ni el mar con sus bramidos, ni el aire con

121 1320 815 45 su furor, ni el fuego con su voracidad, ni la turbacion de los

122 1355 810 36 cielos, ni el precipicio de las estrellas, ni la oscuridad del sol y

122 1384 807 47 de la luna, ni los monstruos, fieras y ponzoñosos insectos igua
