1116 1558
521 80 98 50 —11—

154 128 816 47 vuelcos palpitantes, querrá huir del pecho y la respiracion no

151 164 820 46 osará asomarse al labio. Contemplaránse atónitos y espantados

153 193 817 45 unos á los otros con los rostros ahilados, secos y amarillos; muer-

151 224 819 44 tos, antes de morir; cadáveres, antes de espirar. Ya acobardados,

151 254 818 43 quedarán de los que miran, tan temerosos de lo que esperan,

152 283 818 43 que ni tendrán aliento para hablar del sujeto que le oprime, ni

153 314 818 44 para huir de los peligros que temen. Solo la estática de los ojos

153 347 818 39 espresará la alteracion de sus pechos; pero como no habrá sitio

152 373 818 41 adonde puedan dirigir la vista que no hallen señales de lo pasa-

154 404 818 41 do y donde no descubran nuevos temores, apelarán á entorpecer

154 436 819 40 los sentidos, por huir de todos los objetos, temiendo que la oscu-

154 463 818 42 ridad les haga tropezar con otros nuevos espectáculos de terror.

200 495 774 39 Pero en vano se esforzarán, por más que trabajen en huir de

155 528 819 36 la imaginacion y de la vista tristes y temerosos espectáculos, no

156 555 818 40 podrán huir; muchos que no podrá escusarse á los ojos, porque

157 585 817 41 inmóviles á la fuga, pues los tendrá el pavor estáticos, tendrán

157 615 819 38 á su presencia las más amables prendas de su cariño, acosadas

156 644 819 41 de aflicciones, atemorizadas de sustos, llorando y clamoreando

158 674 816 42 por el consuelo, y este será tan lejos de los que pidan y de los que

156 705 818 35 le debian dar, que ni aun vislumbres del alivio podrán encontrar

157 734 817 42 en sus cuitas. Clamará la mujer al marido para que le consuele;

158 766 816 38 llorarán los tiernos infantes á sus padres al ver que les faltan

160 795 815 41 sus caricias; la familia toda gemirá porque ya no encontrará

158 824 817 40 quien los cuide. ¡Qué dolor no será este para el padre y marido

159 851 815 43 al ver apelar á sí tantos lloros, suspiros y congojas sin encontrar

158 880 817 47 alivio á tantas penas! Lo más que podrá hacer será huir de la

160 910 814 49 presencia de tan queridos objetos por no verlos, para no sentirlos;

159 942 815 48 mas, ¡ay, que la memoria será el verdugo que se le pongan de-

159 978 340 39 lante para eterno castigo!

465 1013 209 54 CAPITULO III.

159 1053 818 46 Horrible sonido de la trompeta del Juicio.—Venida del Juez.—Temor y espanto de

180 1086 796 38 los pecadores.—Separacion de los buenos y de los malos.—Tormentos horribles

180 1118 181 27 de los pecadores.

204 1141 775 49 Por más que los desdichados soliciten templar sus amargas

158 1175 821 47 aflicciones escondiendo los sentidos, en manera alguna podrán

158 1203 821 47 conseguirlo, porque estando sumergidos en este mar de trabajos

161 1234 816 43 y tristezas, oirán resonar la ronca estruendosa voz de una me-

159 1261 820 47 lancólica trompeta que les atemorizará en sumo grado los cora-

160 1291 818 48 zones, penetrando como sonante clarin, no solo en los oidos, si-

160 1323 817 44 no en los más cerrados sepulcros, porque será tan fuerte su soni-

161 1351 819 42 do que hasta los muertos le han de oir. Animará el sonoro metal

162 1379 816 57 al aliento del Principe de los Sacros Tafetenes, San Miguel, di-
