1125 1536
547 103 96 44 —4—

211 155 755 37 altísima Providencia, iban viniendo á entrarse en el Arca, solo

214 185 750 41 aquellos que el soberano Criador habia escogido y determinado

214 222 750 34 para la posterior procreacion de ellos; y al plazo señalado, cuando

214 250 752 38 ya todos los que habian de entrar estaban en ella, cerró Dios el

213 283 752 40 Arca para que empezase el Diluvio, que fué de la manera que aquí

213 316 750 38 se va á describir, para que se venga en conocimiento de aquel justo

214 348 494 40 y tremendo castigo de nuestro Dios airado.

248 380 715 40 Empezó á romper la Providencia las cataratas, rasgándose es-

212 416 749 37 trepitosamente los elementos; comenzó á gemir el aire en silbos y

212 447 750 36 torbellinos. Rugian los vientos y se chocaban las nubes: no sir-

212 479 750 39 viendo los estruendosos bramidos y horribles á las desgracias que

211 514 750 32 ocasionaban, sino de vaticinio á las tormentas que se esperaban.

211 546 752 37 No solo el agua y el aire se alteraron furiosos, pues todos los de-

211 578 750 40 más elementos empezaron á luchar soberbios. A los embates y

210 610 751 38 fuertes ímpetus de los vientos se conmovió con violencia tan de-

209 642 754 40 susada el mar, que desdeñando el freno de las arenas anhelaba ab-

209 681 753 35 sorber las más altas cumbres con sus olas, llenando al mismo

209 710 752 40 tiempo de miedo y espanto á cuantos habitaban la máquina ter-

209 740 752 40 restre. Proseguía el aire violento en agitado é impetuoso torbe-

208 775 753 39 llino, recorriendo las campiñas y desgajando las más membrudas

209 810 752 36 torres: postraba los más altos y elevados chapiteles, despojaba á

209 838 752 36 los árboles de sus hojas, y partiendo las más robustas ramas tron-

208 871 753 42 chaba hasta los más fornidos troncos. Resentido el firmamento de

209 903 749 39 tan extraordinario trastorno, bamboleaba como para sacudirle, y

207 936 753 43 titubeando sus ejes, hacia su violenta trepidacion arruinar los más

209 969 368 40 fuertes y permanentes edificios.

244 1002 717 40 Al horrible estallido de las selvas, al fragor querelloso de las

206 1039 755 34 ramas, al estruendo espantoso de las ruinas salian de las concavi-

206 1067 752 39 dades de la tierra las fieras que la habitaban, y los dragones é

206 1099 753 39 insectos ponzoñosos dejábanse ver horribles y feos, introduciendo

205 1132 753 42 el asco, susto, temor y miedo en los ánimos: y como todos salian

206 1164 751 40 voraces y hambrientos de sus cavernas, no encontraban mortal

204 1200 755 39 que no despedazasen, devorasen y comiesen. Entre tanto iba cre-

206 1233 750 35 ciendo más y más el elemento del agua; y apagándose el fuego,

205 1268 753 33 que á impulsos batientes de los vientos habia crecido, se daba por

207 1295 750 37 vencido á los embates de lo impetuoso y soberbio de las corrientes.

204 1328 752 45 Despues de esta horrible competencia quedó todo el trofeo por las
