<?xml version="1.0" encoding="UTF-8"?>
<alto xmlns:xsi="http://www.w3.org/2001/XMLSchema-instance"
      xmlns="http://www.loc.gov/standards/alto/ns-v4#"
      xsi:schemaLocation="http://www.loc.gov/standards/alto/ns-v4# http://www.loc.gov/standards/alto/v4/alto-4-2.xsd">
  <Description>
    <MeasurementUnit>pixel</MeasurementUnit>
    <sourceImageInformation>
      <fileName>Varios_441_9.jpg</fileName>
      
    </sourceImageInformation>
  </Description>
  
  <Tags>
    <OtherTag ID="BT225" LABEL="GraphicZone:ornamentation" DESCRIPTION="block type GraphicZone:ornamentation"/><OtherTag ID="BT226" LABEL="MainZone" DESCRIPTION="block type MainZone"/><OtherTag ID="BT228" LABEL="MarginTextZone:colophon" DESCRIPTION="block type MarginTextZone:colophon"/><OtherTag ID="BT227" LABEL="MainZone:columns" DESCRIPTION="block type MainZone:columns"/><OtherTag ID="BT229" LABEL="MarginTextZone:note" DESCRIPTION="block type MarginTextZone:note"/><OtherTag ID="BT230" LABEL="MusicZone" DESCRIPTION="block type MusicZone"/><OtherTag ID="BT231" LABEL="NumberingZone:page" DESCRIPTION="block type NumberingZone:page"/><OtherTag ID="BT232" LABEL="QuireMarksZone:catchwords" DESCRIPTION="block type QuireMarksZone:catchwords"/><OtherTag ID="BT233" LABEL="QuireMarksZone:signature" DESCRIPTION="block type QuireMarksZone:signature"/><OtherTag ID="BT234" LABEL="RunningTitleZone" DESCRIPTION="block type RunningTitleZone"/><OtherTag ID="BT221" LABEL="CustomZone:impresorNum" DESCRIPTION="block type CustomZone:impresorNum"/><OtherTag ID="BT222" LABEL="CustomZone:numero_pliego" DESCRIPTION="block type CustomZone:numero_pliego"/><OtherTag ID="BT223" LABEL="CustomZone:title" DESCRIPTION="block type CustomZone:title"/><OtherTag ID="BT224" LABEL="GraphicZone:illustration" DESCRIPTION="block type GraphicZone:illustration"/>
    <OtherTag ID="LT83" LABEL="DefaultLine" DESCRIPTION="line type DefaultLine"/><OtherTag ID="LT81" LABEL="CustomLine:propriedad" DESCRIPTION="line type CustomLine:propriedad"/><OtherTag ID="LT82" LABEL="CustomLine:trailer" DESCRIPTION="line type CustomLine:trailer"/><OtherTag ID="LT84" LABEL="HeadingLine" DESCRIPTION="line type HeadingLine"/>
  </Tags>
  
  <Layout>
    <Page WIDTH="1144"
          HEIGHT="1589"
          PHYSICAL_IMG_NR="8"
          ID="eSc_dummypage_">
      <PrintSpace HPOS="0"
                  VPOS="0"
                  WIDTH="1144"
                  HEIGHT="1589">
        
        <TextBlock HPOS="474.0"
                   VPOS="75.0"
                   WIDTH="179.0"
                   HEIGHT="99.0"
                   ID="block_3"
                   TAGREFS="BT231">
          <Shape><Polygon POINTS="474 75 653 75 653 174 474 174 474 75"/></Shape>
          
          
          <TextLine ID="line_0"
                    TAGREFS="LT83"
                    BASELINE="528 149 609 148" 
                    HPOS="527"
                    VPOS="122"
                    WIDTH="82"
                    HEIGHT="39">
            <Shape><Polygon POINTS="528 149 528 159 583 161 584 161 609 155 609 148 607 125 573 122 572 122 571 122 570 122 560 129 527 132 528 149"/></Shape>
	    <String CONTENT="—9—"
                    HPOS="527"
                    VPOS="122"
                    WIDTH="82"
                    HEIGHT="39"></String>
          </TextLine>

          
        </TextBlock>
        
        <TextBlock HPOS="128.0"
                   VPOS="166.0"
                   WIDTH="890.0"
                   HEIGHT="1367.0"
                   ID="block_0"
                   TAGREFS="BT226">
          <Shape><Polygon POINTS="128 166 1018 166 1018 1533 128 1533 128 166"/></Shape>
          
          
          <TextLine ID="line_1"
                    TAGREFS="LT83"
                    BASELINE="158 197 968 195" 
                    HPOS="157"
                    VPOS="169"
                    WIDTH="811"
                    HEIGHT="42">
            <Shape><Polygon POINTS="158 197 158 209 378 207 394 208 432 211 433 211 473 208 485 207 500 208 557 211 558 211 559 211 560 211 566 207 568 206 590 207 639 210 640 210 641 210 642 210 646 207 649 206 697 207 876 210 877 210 878 210 896 206 897 206 920 210 921 210 967 205 968 195 966 176 939 176 939 175 925 169 924 169 924 169 923 169 906 175 906 176 869 176 868 175 856 169 856 169 855 169 772 175 763 176 663 176 659 174 639 169 638 169 637 169 560 174 530 176 488 176 485 174 478 170 477 170 477 170 476 170 446 174 430 177 387 177 379 173 369 170 368 170 303 170 302 170 301 170 294 173 287 176 276 173 260 170 259 170 157 173 158 197"/></Shape>
	    <String CONTENT="cual antorchas. Y por último, no andarán concertadas las celes-"
                    HPOS="157"
                    VPOS="169"
                    WIDTH="811"
                    HEIGHT="42"></String>
          </TextLine>

          
          
          <TextLine ID="line_2"
                    TAGREFS="LT83"
                    BASELINE="160 226 969 225" 
                    HPOS="159"
                    VPOS="202"
                    WIDTH="810"
                    HEIGHT="35">
            <Shape><Polygon POINTS="160 226 160 237 968 237 969 225 968 209 946 202 945 202 944 202 943 202 927 208 927 209 850 209 849 208 832 202 831 202 830 202 799 208 796 208 793 208 765 202 765 202 764 202 751 207 750 208 747 207 728 202 727 202 727 202 700 207 695 208 693 207 685 202 684 202 683 202 682 202 651 207 647 207 643 207 613 202 612 202 611 202 610 202 602 206 601 207 598 206 582 202 581 202 580 202 579 202 568 206 562 209 524 206 479 203 478 203 477 203 466 205 453 209 432 205 414 203 413 203 412 203 405 205 395 209 368 205 348 203 348 203 320 205 284 208 265 204 253 203 252 203 159 203 160 226"/></Shape>
	    <String CONTENT="tes influencias, porque será su obediencia el desórden, y sus"
                    HPOS="159"
                    VPOS="202"
                    WIDTH="810"
                    HEIGHT="35"></String>
          </TextLine>

          
          
          <TextLine ID="line_3"
                    TAGREFS="LT83"
                    BASELINE="159 257 971 256" 
                    HPOS="159"
                    VPOS="230"
                    WIDTH="812"
                    HEIGHT="38">
            <Shape><Polygon POINTS="159 257 159 266 969 268 971 256 969 231 938 237 874 237 863 232 863 232 862 232 810 236 791 231 789 231 788 231 787 231 784 231 763 236 754 232 751 230 750 230 750 230 734 232 696 236 650 232 628 230 565 230 564 230 563 230 557 233 545 237 463 237 457 233 454 231 454 231 453 231 452 231 442 233 424 237 409 233 401 231 401 231 400 231 399 231 390 233 374 238 342 238 334 233 329 231 328 231 327 231 295 233 271 235 257 233 239 231 238 231 237 231 228 233 218 237 197 233 178 231 177 231 159 233 159 257"/></Shape>
	    <String CONTENT="preceptos el desconcierto general. Y sobre todo, los pedazos de"
                    HPOS="159"
                    VPOS="230"
                    WIDTH="812"
                    HEIGHT="38"></String>
          </TextLine>

          
          
          <TextLine ID="line_4"
                    TAGREFS="LT83"
                    BASELINE="159 286 971 284" 
                    HPOS="159"
                    VPOS="260"
                    WIDTH="812"
                    HEIGHT="39">
            <Shape><Polygon POINTS="159 286 159 299 970 294 971 284 969 265 779 260 778 260 777 260 767 265 702 265 678 265 665 261 664 261 663 261 607 265 568 261 568 261 567 261 548 265 522 261 521 261 484 265 430 261 429 261 380 266 378 266 377 266 361 262 360 262 359 262 238 266 174 262 174 262 173 262 159 266 159 286"/></Shape>
	    <String CONTENT="fugitivas luces, precipitados de globos celestes, dejarán unos des-"
                    HPOS="159"
                    VPOS="260"
                    WIDTH="812"
                    HEIGHT="39"></String>
          </TextLine>

          
          
          <TextLine ID="line_5"
                    TAGREFS="LT83"
                    BASELINE="160 316 971 313" 
                    HPOS="159"
                    VPOS="290"
                    WIDTH="812"
                    HEIGHT="35">
            <Shape><Polygon POINTS="160 316 160 325 970 323 971 313 969 295 936 290 935 290 901 294 900 294 898 294 866 290 865 290 824 294 819 294 805 294 690 291 689 291 689 291 688 291 683 293 681 295 598 293 469 291 469 291 451 293 428 296 159 293 160 316"/></Shape>
	    <String CONTENT="tellos en la vaga region del aire, que, trasformados en horribles"
                    HPOS="159"
                    VPOS="290"
                    WIDTH="812"
                    HEIGHT="35"></String>
          </TextLine>

          
          
          <TextLine ID="line_6"
                    TAGREFS="LT83"
                    BASELINE="159 346 971 343" 
                    HPOS="158"
                    VPOS="318"
                    WIDTH="813"
                    HEIGHT="44">
            <Shape><Polygon POINTS="159 346 159 357 254 357 255 357 264 362 265 362 265 362 266 362 267 362 279 357 282 355 439 355 486 355 499 359 512 362 513 362 514 362 539 359 564 355 606 355 613 359 614 361 615 361 616 361 617 361 659 361 659 361 660 361 661 361 662 360 668 355 696 360 710 361 711 361 729 360 772 355 788 360 794 361 795 361 795 361 970 361 971 343 969 324 869 324 859 318 858 318 857 318 856 318 793 323 780 318 779 318 778 318 777 318 755 323 702 318 701 318 700 318 688 323 638 319 637 319 636 319 636 319 628 324 598 319 598 319 597 319 584 324 584 325 583 325 540 325 511 319 430 319 429 319 428 319 413 325 412 325 396 320 395 320 394 320 393 320 382 325 381 325 370 320 369 320 368 320 339 324 305 320 304 320 257 325 257 325 256 325 184 320 183 320 158 325 159 346"/></Shape>
	    <String CONTENT="cometas, servirán de faroles para alumbrar fantasmagóricamente"
                    HPOS="158"
                    VPOS="318"
                    WIDTH="813"
                    HEIGHT="44"></String>
          </TextLine>

          
          
          <TextLine ID="line_7"
                    TAGREFS="LT83"
                    BASELINE="160 376 439 374" 
                    HPOS="159"
                    VPOS="350"
                    WIDTH="280"
                    HEIGHT="39">
            <Shape><Polygon POINTS="160 376 160 389 438 385 439 374 437 356 408 350 407 350 380 355 378 355 375 355 306 350 305 350 304 350 303 350 297 355 292 351 291 351 290 351 289 351 288 351 272 354 265 356 257 354 239 351 238 351 237 351 230 354 227 356 159 354 160 376"/></Shape>
	    <String CONTENT="tan espantoso cuadro."
                    HPOS="159"
                    VPOS="350"
                    WIDTH="280"
                    HEIGHT="39"></String>
          </TextLine>

          
          
          <TextLine ID="line_8"
                    TAGREFS="LT83"
                    BASELINE="202 404 972 406" 
                    HPOS="201"
                    VPOS="378"
                    WIDTH="771"
                    HEIGHT="41">
            <Shape><Polygon POINTS="202 404 201 413 590 419 591 419 971 414 972 406 971 384 949 379 948 379 916 384 915 384 914 384 878 379 878 379 838 384 833 384 827 384 794 379 793 379 767 383 760 384 741 383 676 379 675 379 628 382 600 384 596 382 587 378 586 378 585 378 584 378 583 378 578 382 576 383 572 382 555 378 554 378 537 382 529 384 468 384 464 381 460 378 459 378 458 378 457 378 428 381 407 383 202 380 202 404"/></Shape>
	    <String CONTENT="Señora del mundo la oscuridad, solo algunos ligeros destellos"
                    HPOS="201"
                    VPOS="378"
                    WIDTH="771"
                    HEIGHT="41"></String>
          </TextLine>

          
          
          <TextLine ID="line_9"
                    TAGREFS="LT83"
                    BASELINE="158 434 972 434" 
                    HPOS="158"
                    VPOS="410"
                    WIDTH="814"
                    HEIGHT="39">
            <Shape><Polygon POINTS="158 434 158 444 212 449 213 449 234 444 237 444 243 444 299 449 300 449 339 445 350 444 364 445 409 449 409 449 410 449 418 445 422 444 442 446 482 449 483 449 513 446 536 444 971 449 972 434 972 417 893 417 893 416 884 410 883 410 882 410 881 410 880 410 861 415 858 416 854 415 825 411 825 411 799 415 791 416 785 415 763 410 762 410 761 410 751 414 748 416 740 414 726 412 725 412 709 414 697 416 694 414 686 410 685 410 684 410 683 410 675 414 671 417 603 417 592 414 584 411 583 411 583 411 582 411 575 414 565 416 525 413 492 410 491 410 476 413 453 416 445 412 440 410 439 410 415 410 414 410 413 410 406 412 389 416 374 412 370 410 369 410 368 410 350 411 312 414 158 410 158 434"/></Shape>
	    <String CONTENT="de opaca luz melancólica dejarán de ver al sol desanimado, en-"
                    HPOS="158"
                    VPOS="410"
                    WIDTH="814"
                    HEIGHT="39"></String>
          </TextLine>

          
          
          <TextLine ID="line_10"
                    TAGREFS="LT83"
                    BASELINE="158 465 972 463" 
                    HPOS="157"
                    VPOS="439"
                    WIDTH="815"
                    HEIGHT="38">
            <Shape><Polygon POINTS="158 465 158 477 971 473 972 463 970 444 643 439 643 439 604 444 565 439 564 439 563 439 549 444 295 440 294 440 293 440 283 444 235 440 234 440 234 440 218 444 191 440 190 440 157 445 158 465"/></Shape>
	    <String CONTENT="contrando en el Oriente su parasismo; la luna, huérfana, borran-"
                    HPOS="157"
                    VPOS="439"
                    WIDTH="815"
                    HEIGHT="38"></String>
          </TextLine>

          
          
          <TextLine ID="line_11"
                    TAGREFS="LT83"
                    BASELINE="157 494 973 494" 
                    HPOS="157"
                    VPOS="469"
                    WIDTH="816"
                    HEIGHT="39">
            <Shape><Polygon POINTS="157 494 157 504 972 508 973 494 972 469 934 474 910 469 909 469 908 469 907 469 906 469 889 474 838 470 827 469 826 469 787 470 662 474 638 471 621 469 620 469 619 469 618 469 615 471 610 474 535 474 528 472 519 469 518 469 517 469 492 472 478 474 473 472 465 469 464 469 378 469 378 469 377 469 376 469 371 473 368 474 303 474 302 474 290 469 289 469 288 469 263 474 260 474 254 474 170 469 169 469 168 469 157 474 157 494"/></Shape>
	    <String CONTENT="do sus medrosas claridades; las estrellas, errantes, sirviendo al"
                    HPOS="157"
                    VPOS="469"
                    WIDTH="816"
                    HEIGHT="39"></String>
          </TextLine>

          
          
          <TextLine ID="line_12"
                    TAGREFS="LT83"
                    BASELINE="158 521 972 523" 
                    HPOS="158"
                    VPOS="498"
                    WIDTH="814"
                    HEIGHT="36">
            <Shape><Polygon POINTS="158 521 158 534 971 534 972 523 971 505 752 500 751 500 738 503 731 504 725 503 716 500 715 500 714 500 713 500 704 503 697 504 691 503 685 500 684 500 683 500 668 503 655 504 648 502 643 500 642 500 641 500 613 502 573 504 522 501 492 499 492 499 444 500 333 504 301 499 298 499 297 499 295 499 262 504 256 499 255 499 254 499 158 498 158 521"/></Shape>
	    <String CONTENT="solar túmulo; y, en fin, todo será una muda batalla llena de os-"
                    HPOS="158"
                    VPOS="498"
                    WIDTH="814"
                    HEIGHT="36"></String>
          </TextLine>

          
          
          <TextLine ID="line_13"
                    TAGREFS="LT83"
                    BASELINE="157 554 972 551" 
                    HPOS="156"
                    VPOS="527"
                    WIDTH="816"
                    HEIGHT="40">
            <Shape><Polygon POINTS="157 554 157 567 951 567 951 566 952 566 972 561 972 551 970 534 782 527 781 527 780 527 769 533 670 529 669 529 668 529 660 534 659 534 538 534 535 534 511 528 510 528 461 534 453 534 452 534 444 528 443 528 442 528 441 528 377 534 367 534 364 534 352 529 351 529 350 529 349 529 341 534 338 534 331 534 311 529 310 529 156 533 157 554"/></Shape>
	    <String CONTENT="curidad, silencio y terror, pues será como íbamos diciendo, el res-"
                    HPOS="156"
                    VPOS="527"
                    WIDTH="816"
                    HEIGHT="40"></String>
          </TextLine>

          
          
          <TextLine ID="line_14"
                    TAGREFS="LT83"
                    BASELINE="159 583 973 580" 
                    HPOS="158"
                    VPOS="557"
                    WIDTH="815"
                    HEIGHT="43">
            <Shape><Polygon POINTS="159 583 159 600 198 594 298 594 310 599 312 599 313 599 314 599 315 599 317 598 334 594 386 594 404 597 412 599 413 599 414 599 418 597 431 593 453 597 460 598 461 598 462 598 466 597 481 593 578 595 660 598 661 598 695 594 718 592 733 594 754 597 755 598 939 598 939 597 972 591 973 580 971 563 858 563 857 562 850 557 849 557 848 557 848 557 754 562 742 562 740 562 721 557 720 557 719 557 719 557 704 562 699 563 689 561 670 558 669 558 629 561 606 563 600 561 589 557 588 557 587 557 550 561 537 562 531 561 515 557 514 557 513 557 504 561 499 563 475 561 439 557 438 557 437 557 436 557 432 561 427 564 158 560 159 583"/></Shape>
	    <String CONTENT="plandor tan escaso que solo dará luz para ver lo que ha de aumen-"
                    HPOS="158"
                    VPOS="557"
                    WIDTH="815"
                    HEIGHT="43"></String>
          </TextLine>

          
          
          <TextLine ID="line_15"
                    TAGREFS="LT83"
                    BASELINE="159 612 972 610" 
                    HPOS="159"
                    VPOS="588"
                    WIDTH="813"
                    HEIGHT="38">
            <Shape><Polygon POINTS="159 612 159 622 477 626 477 626 478 626 484 624 487 622 575 625 631 625 632 625 640 625 662 621 677 625 681 625 682 625 683 625 689 625 711 621 749 625 757 625 757 625 758 625 761 625 776 621 782 625 783 625 784 625 785 626 844 626 844 625 845 625 846 625 863 621 871 625 871 625 872 625 873 626 971 626 972 610 970 593 174 588 174 588 173 588 159 594 159 612"/></Shape>
	    <String CONTENT="tar el miedo. Tal caos parecerá á los mortales ó que es poco"
                    HPOS="159"
                    VPOS="588"
                    WIDTH="813"
                    HEIGHT="38"></String>
          </TextLine>

          
          
          <TextLine ID="line_16"
                    TAGREFS="LT83"
                    BASELINE="157 642 972 640" 
                    HPOS="156"
                    VPOS="617"
                    WIDTH="816"
                    HEIGHT="35">
            <Shape><Polygon POINTS="157 642 157 652 971 650 972 640 970 623 931 617 931 617 930 617 929 617 923 622 922 623 763 623 762 622 753 617 752 617 751 617 709 622 701 622 690 621 635 617 634 617 633 617 621 621 617 622 608 621 575 617 575 617 574 617 566 621 562 623 156 620 157 642"/></Shape>
	    <String CONTENT="sol para dia, ó mucha luz para noche. Triunfantes en una rebe-"
                    HPOS="156"
                    VPOS="617"
                    WIDTH="816"
                    HEIGHT="35"></String>
          </TextLine>

          
          
          <TextLine ID="line_17"
                    TAGREFS="LT83"
                    BASELINE="158 671 973 671" 
                    HPOS="158"
                    VPOS="647"
                    WIDTH="815"
                    HEIGHT="40">
            <Shape><Polygon POINTS="158 671 158 685 329 682 341 685 354 686 355 686 356 686 362 684 368 682 385 684 403 686 404 686 450 684 484 682 507 684 545 686 545 686 560 684 567 682 571 683 581 686 582 686 583 687 825 687 825 686 826 686 827 686 833 682 834 682 836 682 853 686 854 686 855 686 878 682 880 682 882 682 915 686 916 686 973 681 973 671 973 653 789 653 780 651 751 647 750 647 750 647 736 650 731 652 725 650 712 647 712 647 711 647 710 647 698 650 694 652 691 650 686 647 685 647 684 647 636 647 635 647 590 649 552 652 530 649 512 647 511 647 510 647 506 649 499 653 468 653 462 648 459 647 458 647 457 647 319 647 318 647 313 647 292 652 225 647 219 647 218 647 217 647 216 647 198 652 158 647 158 671"/></Shape>
	    <String CONTENT="lion las oscuridades, arderán tan congojadas las luces, que parez-"
                    HPOS="158"
                    VPOS="647"
                    WIDTH="815"
                    HEIGHT="40"></String>
          </TextLine>

          
          
          <TextLine ID="line_18"
                    TAGREFS="LT83"
                    BASELINE="155 702 970 702" 
                    HPOS="155"
                    VPOS="677"
                    WIDTH="815"
                    HEIGHT="41">
            <Shape><Polygon POINTS="155 702 155 713 178 717 179 717 180 717 181 717 187 714 190 712 228 712 234 714 245 717 246 717 247 717 248 717 249 717 254 714 257 712 402 712 418 715 433 717 434 717 435 717 440 715 446 712 453 715 456 716 457 716 458 716 476 715 510 712 541 715 560 717 560 717 561 717 568 715 583 712 680 712 688 716 689 716 689 716 690 716 698 716 750 713 792 716 801 717 802 717 805 716 826 712 838 717 839 717 840 717 840 718 970 718 970 702 970 677 155 677 155 702"/></Shape>
	    <String CONTENT="ca la oposicionmás obediencia que lucha. Buscarán el dia los ojos,"
                    HPOS="155"
                    VPOS="677"
                    WIDTH="815"
                    HEIGHT="41"></String>
          </TextLine>

          
          
          <TextLine ID="line_19"
                    TAGREFS="LT83"
                    BASELINE="159 731 929 730" 
                    HPOS="158"
                    VPOS="706"
                    WIDTH="771"
                    HEIGHT="40">
            <Shape><Polygon POINTS="159 731 159 746 244 740 436 740 468 745 476 745 477 745 496 745 573 739 644 744 669 745 670 745 928 741 929 730 927 713 751 713 741 706 740 706 739 706 738 706 737 706 718 712 638 707 637 707 636 707 621 712 598 706 598 706 597 706 596 706 583 711 535 708 534 708 509 714 472 714 454 707 453 707 452 707 426 712 393 707 393 707 392 707 378 713 363 707 362 707 253 707 252 707 251 707 250 707 243 711 185 707 184 707 183 707 158 714 159 731"/></Shape>
	    <String CONTENT="y detenidos los horizontes, aun no darán muertas esperanzas."
                    HPOS="158"
                    VPOS="706"
                    WIDTH="771"
                    HEIGHT="40"></String>
          </TextLine>

          
          
          <TextLine ID="line_20"
                    TAGREFS="LT83"
                    BASELINE="200 760 971 759" 
                    HPOS="199"
                    VPOS="735"
                    WIDTH="772"
                    HEIGHT="39">
            <Shape><Polygon POINTS="200 760 200 774 970 771 971 759 969 741 768 741 749 736 748 736 747 736 718 740 706 735 705 735 704 735 678 739 659 735 659 735 658 735 632 740 613 735 613 735 612 735 611 735 595 740 587 735 586 735 585 735 584 735 550 736 549 736 548 736 540 741 215 736 214 736 213 736 199 741 200 760"/></Shape>
	    <String CONTENT="A los resplandecientes ocasos de tan brillantes hogueras suce-"
                    HPOS="199"
                    VPOS="735"
                    WIDTH="772"
                    HEIGHT="39"></String>
          </TextLine>

          
          
          <TextLine ID="line_21"
                    TAGREFS="LT83"
                    BASELINE="154 790 972 790" 
                    HPOS="154"
                    VPOS="766"
                    WIDTH="818"
                    HEIGHT="39">
            <Shape><Polygon POINTS="154 790 154 799 202 805 203 805 234 800 257 805 257 805 258 805 275 800 315 805 316 805 317 805 318 805 325 800 394 805 395 805 490 800 500 805 500 805 501 805 594 805 594 805 595 805 604 800 634 805 635 805 691 805 691 805 692 805 693 805 699 800 720 805 721 805 750 800 882 805 883 805 884 805 895 800 922 805 923 805 971 799 972 790 971 768 901 766 900 766 888 768 875 770 860 768 848 766 847 766 833 768 813 770 804 768 799 766 798 766 797 766 783 768 759 770 728 768 712 766 711 766 692 767 655 770 635 767 627 766 626 766 625 766 622 767 613 771 486 771 461 767 455 766 454 766 442 767 386 770 339 766 333 766 332 766 329 766 303 770 280 766 278 766 277 766 276 766 275 766 268 771 215 771 154 766 154 790"/></Shape>
	    <String CONTENT="derán ecos medrosos, para que pase el susto de los ojos á los oidos."
                    HPOS="154"
                    VPOS="766"
                    WIDTH="818"
                    HEIGHT="39"></String>
          </TextLine>

          
          
          <TextLine ID="line_22"
                    TAGREFS="LT83"
                    BASELINE="156 819 970 820" 
                    HPOS="155"
                    VPOS="794"
                    WIDTH="815"
                    HEIGHT="37">
            <Shape><Polygon POINTS="156 819 155 830 969 831 970 820 969 801 946 796 945 796 924 800 922 800 912 800 795 796 794 796 642 798 529 799 524 797 520 795 519 795 518 795 475 797 402 799 394 796 393 795 392 795 331 795 330 795 329 795 327 795 310 799 280 795 278 795 277 795 276 795 259 799 226 795 225 795 181 799 156 794 156 819"/></Shape>
	    <String CONTENT="Estremecida al vaiven de la luz, la tierra se bamboleará en su eje,"
                    HPOS="155"
                    VPOS="794"
                    WIDTH="815"
                    HEIGHT="37"></String>
          </TextLine>

          
          
          <TextLine ID="line_23"
                    TAGREFS="LT83"
                    BASELINE="155 848 973 850" 
                    HPOS="154"
                    VPOS="825"
                    WIDTH="819"
                    HEIGHT="39">
            <Shape><Polygon POINTS="155 848 154 856 173 862 174 862 174 863 380 863 380 862 416 858 421 858 537 858 545 858 565 863 566 864 696 864 696 863 697 863 697 863 702 859 704 858 971 861 973 850 971 826 923 830 835 826 824 826 823 826 819 826 798 830 783 826 781 826 780 826 780 826 779 826 778 826 769 831 701 831 689 827 685 826 684 826 683 826 672 827 635 830 592 827 563 825 562 825 561 825 556 828 550 829 503 828 445 825 444 825 413 828 393 829 356 828 281 825 280 825 155 828 155 848"/></Shape>
	    <String CONTENT="con más fuerza que si fuera un espantoso terremoto. La que fué"
                    HPOS="154"
                    VPOS="825"
                    WIDTH="819"
                    HEIGHT="39"></String>
          </TextLine>

          
          
          <TextLine ID="line_24"
                    TAGREFS="LT83"
                    BASELINE="155 877 975 879" 
                    HPOS="155"
                    VPOS="852"
                    WIDTH="820"
                    HEIGHT="38">
            <Shape><Polygon POINTS="155 877 155 890 974 890 975 879 975 858 958 853 957 853 956 853 914 858 903 853 902 853 901 853 901 853 886 858 837 853 836 853 805 858 804 858 798 853 797 853 796 853 742 853 742 853 741 853 727 858 727 858 725 858 699 853 698 853 697 853 683 858 681 858 566 858 562 858 540 852 539 852 538 852 522 857 478 852 477 852 477 852 467 857 433 852 432 852 404 857 402 857 155 857 155 877"/></Shape>
	    <String CONTENT="seguridad, se convertirá en ruina. Desconociendo laa costumbrada"
                    HPOS="155"
                    VPOS="852"
                    WIDTH="820"
                    HEIGHT="38"></String>
          </TextLine>

          
          
          <TextLine ID="line_25"
                    TAGREFS="LT83"
                    BASELINE="155 908 974 908" 
                    HPOS="155"
                    VPOS="884"
                    WIDTH="819"
                    HEIGHT="40">
            <Shape><Polygon POINTS="155 908 155 918 178 923 179 924 179 923 203 918 248 923 249 923 285 918 296 923 297 923 298 923 299 923 309 918 462 923 463 923 974 918 974 908 973 885 757 888 748 886 742 884 742 884 741 884 725 886 703 888 682 886 665 884 664 884 630 887 599 888 578 887 551 884 550 884 531 887 521 888 512 887 497 884 496 884 495 884 494 884 490 887 487 889 379 889 373 888 351 884 350 884 314 888 308 888 306 888 295 884 294 884 293 884 292 884 280 888 278 888 274 888 246 884 245 884 244 884 235 888 234 889 155 889 155 908"/></Shape>
	    <String CONTENT="concordia los elementos, descojerán apasionados sus detenidas"
                    HPOS="155"
                    VPOS="884"
                    WIDTH="819"
                    HEIGHT="40"></String>
          </TextLine>

          
          
          <TextLine ID="line_26"
                    TAGREFS="LT83"
                    BASELINE="155 939 974 937" 
                    HPOS="154"
                    VPOS="914"
                    WIDTH="820"
                    HEIGHT="36">
            <Shape><Polygon POINTS="155 939 155 948 972 950 974 937 971 914 943 920 877 920 860 914 859 914 858 914 855 914 793 919 785 914 784 914 783 914 750 914 750 914 744 914 689 919 642 914 636 914 635 914 626 914 558 921 451 921 442 915 441 915 440 915 439 915 438 915 411 920 397 915 396 915 348 915 348 915 347 915 346 915 334 920 299 915 295 915 295 915 291 915 268 919 253 915 251 915 250 915 193 915 192 915 191 915 190 915 182 919 154 916 155 939"/></Shape>
	    <String CONTENT="impaciencias. Ardiendo en enojo, soplará con toda su fuerza el"
                    HPOS="154"
                    VPOS="914"
                    WIDTH="820"
                    HEIGHT="36"></String>
          </TextLine>

          
          
          <TextLine ID="line_27"
                    TAGREFS="LT83"
                    BASELINE="155 968 973 966" 
                    HPOS="154"
                    VPOS="941"
                    WIDTH="819"
                    HEIGHT="39">
            <Shape><Polygon POINTS="155 968 155 980 972 979 973 966 971 948 941 948 940 948 929 941 928 941 927 941 897 948 894 948 874 948 658 941 657 941 656 941 644 946 639 948 616 946 594 944 593 944 582 946 561 948 545 945 529 942 528 942 527 942 516 945 503 948 488 945 477 942 476 942 431 945 389 947 383 944 378 942 378 942 231 942 230 942 225 943 202 948 154 943 155 968"/></Shape>
	    <String CONTENT="huracan; ardiendo el fuego, llenará el globo de espeso y pestífero"
                    HPOS="154"
                    VPOS="941"
                    WIDTH="819"
                    HEIGHT="39"></String>
          </TextLine>

          
          
          <TextLine ID="line_28"
                    TAGREFS="LT83"
                    BASELINE="154 999 974 996" 
                    HPOS="153"
                    VPOS="972"
                    WIDTH="821"
                    HEIGHT="37">
            <Shape><Polygon POINTS="154 999 154 1009 973 1007 974 996 971 972 943 977 890 972 886 972 886 972 885 972 875 978 757 978 737 972 734 972 733 972 727 972 693 978 637 973 635 973 634 973 633 973 608 978 591 973 590 973 590 973 589 973 588 973 575 978 555 973 553 973 553 973 550 973 522 978 365 974 357 974 356 974 356 974 355 974 348 979 328 974 326 974 325 974 322 974 263 979 153 975 154 999"/></Shape>
	    <String CONTENT="humo; y saliendo de su seno el mar, lanzará horrorosos brami-"
                    HPOS="153"
                    VPOS="972"
                    WIDTH="821"
                    HEIGHT="37"></String>
          </TextLine>

          
          
          <TextLine ID="line_29"
                    TAGREFS="LT83"
                    BASELINE="154 1026 974 1026" 
                    HPOS="154"
                    VPOS="1003"
                    WIDTH="820"
                    HEIGHT="39">
            <Shape><Polygon POINTS="154 1026 154 1036 191 1041 192 1041 223 1037 265 1041 265 1042 401 1042 401 1041 421 1037 431 1041 431 1041 432 1041 457 1037 508 1037 515 1041 516 1041 517 1041 518 1041 816 1037 869 1041 870 1041 974 1036 974 1026 974 1009 947 1003 877 1003 876 1003 875 1003 874 1003 867 1008 840 1003 840 1003 839 1003 824 1008 824 1009 775 1009 774 1008 767 1003 766 1003 765 1003 765 1003 764 1003 750 1008 741 1003 740 1003 739 1003 738 1003 720 1008 719 1008 705 1003 704 1003 704 1003 703 1003 689 1008 689 1009 555 1009 554 1008 547 1003 546 1003 545 1003 545 1003 512 1008 509 1008 502 1003 501 1003 500 1003 500 1003 154 1007 154 1026"/></Shape>
	    <String CONTENT="dos, á los que, desquiciada la tierra, responderá trémula, bambo-"
                    HPOS="154"
                    VPOS="1003"
                    WIDTH="820"
                    HEIGHT="39"></String>
          </TextLine>

          
          
          <TextLine ID="line_30"
                    TAGREFS="LT83"
                    BASELINE="155 1057 974 1057" 
                    HPOS="155"
                    VPOS="1033"
                    WIDTH="819"
                    HEIGHT="38">
            <Shape><Polygon POINTS="155 1057 155 1071 194 1067 340 1067 359 1071 360 1071 361 1071 386 1067 445 1071 446 1071 477 1067 548 1071 549 1071 574 1067 592 1071 593 1071 594 1071 667 1067 920 1071 922 1071 923 1071 924 1071 938 1067 973 1071 974 1057 974 1038 960 1033 959 1033 958 1033 917 1038 916 1038 903 1033 902 1033 901 1033 876 1038 873 1038 869 1038 824 1033 823 1033 803 1037 799 1038 775 1037 687 1033 686 1033 661 1036 649 1038 645 1036 640 1033 639 1033 564 1033 563 1033 552 1036 541 1038 520 1035 501 1033 500 1033 474 1035 437 1038 415 1035 404 1033 403 1033 390 1034 359 1038 344 1034 340 1033 339 1033 338 1033 333 1034 314 1038 307 1034 305 1033 304 1033 303 1033 303 1033 300 1034 286 1038 280 1033 279 1033 278 1033 213 1033 212 1033 211 1033 187 1038 155 1033 155 1057"/></Shape>
	    <String CONTENT="leando á sus ecos. La que fué república de concordias, se verá"
                    HPOS="155"
                    VPOS="1033"
                    WIDTH="819"
                    HEIGHT="38"></String>
          </TextLine>

          
          
          <TextLine ID="line_31"
                    TAGREFS="LT83"
                    BASELINE="154 1087 973 1085" 
                    HPOS="153"
                    VPOS="1060"
                    WIDTH="820"
                    HEIGHT="39">
            <Shape><Polygon POINTS="154 1087 154 1099 972 1099 973 1085 971 1067 790 1067 789 1066 776 1061 775 1061 774 1061 773 1061 765 1066 751 1060 750 1060 750 1060 712 1066 709 1066 683 1066 636 1065 626 1060 625 1060 624 1060 597 1064 573 1060 572 1060 571 1060 570 1060 562 1066 561 1066 557 1065 524 1061 475 1061 474 1061 473 1061 461 1065 456 1067 452 1065 438 1061 437 1061 436 1061 400 1065 391 1066 380 1065 335 1061 334 1061 333 1061 322 1065 317 1067 310 1065 295 1061 295 1061 294 1061 153 1064 154 1087"/></Shape>
	    <String CONTENT="desierta isla de agravios. Faltando al natural halago, con que"
                    HPOS="153"
                    VPOS="1060"
                    WIDTH="820"
                    HEIGHT="39"></String>
          </TextLine>

          
          
          <TextLine ID="line_32"
                    TAGREFS="LT83"
                    BASELINE="155 1116 972 1114" 
                    HPOS="154"
                    VPOS="1091"
                    WIDTH="818"
                    HEIGHT="36">
            <Shape><Polygon POINTS="155 1116 155 1127 971 1127 972 1114 970 1097 890 1097 889 1096 883 1091 882 1091 881 1091 880 1091 879 1091 865 1096 863 1096 840 1096 643 1091 643 1091 642 1091 635 1095 632 1096 623 1095 600 1091 599 1091 598 1091 587 1095 583 1096 578 1095 570 1091 569 1091 568 1091 568 1091 567 1091 563 1095 560 1097 555 1094 550 1092 549 1092 548 1092 547 1092 540 1094 531 1097 493 1094 462 1092 462 1092 461 1092 454 1094 446 1097 154 1093 155 1116"/></Shape>
	    <String CONTENT="trataba al mundo, conspirarán á destruirle, cansados ya de com-"
                    HPOS="154"
                    VPOS="1091"
                    WIDTH="818"
                    HEIGHT="36"></String>
          </TextLine>

          
          
          <TextLine ID="line_33"
                    TAGREFS="LT83"
                    BASELINE="155 1147 972 1145" 
                    HPOS="154"
                    VPOS="1122"
                    WIDTH="818"
                    HEIGHT="38">
            <Shape><Polygon POINTS="155 1147 155 1160 187 1155 300 1155 307 1159 308 1159 309 1159 310 1159 342 1155 645 1159 646 1159 647 1159 656 1154 689 1159 689 1159 690 1159 710 1154 734 1159 735 1159 736 1159 738 1159 818 1154 970 1158 972 1145 970 1126 848 1122 848 1122 847 1122 839 1126 837 1127 772 1127 769 1126 739 1122 738 1122 737 1122 726 1126 725 1127 580 1127 580 1126 565 1122 564 1122 563 1122 515 1127 509 1127 508 1127 500 1122 500 1122 499 1122 498 1122 484 1127 481 1127 455 1127 265 1122 265 1122 264 1122 246 1127 245 1127 227 1122 226 1122 225 1122 154 1127 155 1147"/></Shape>
	    <String CONTENT="ponerle. Despreciarán las olas á las arenas, antigua márgen de"
                    HPOS="154"
                    VPOS="1122"
                    WIDTH="818"
                    HEIGHT="38"></String>
          </TextLine>

          
          
          <TextLine ID="line_34"
                    TAGREFS="LT83"
                    BASELINE="154 1175 971 1174" 
                    HPOS="153"
                    VPOS="1150"
                    WIDTH="818"
                    HEIGHT="37">
            <Shape><Polygon POINTS="154 1175 154 1187 970 1187 971 1174 969 1156 909 1150 908 1150 907 1150 889 1156 813 1156 786 1150 785 1150 784 1150 783 1150 773 1156 735 1156 716 1150 715 1150 714 1150 672 1155 652 1150 651 1150 651 1150 624 1155 406 1151 405 1151 404 1151 392 1156 361 1151 360 1151 359 1151 347 1156 287 1151 286 1151 285 1151 262 1156 224 1151 223 1151 199 1156 177 1151 176 1151 175 1151 174 1151 153 1157 154 1175"/></Shape>
	    <String CONTENT="sus cóleras; y estendiendo las columnas de su jurisdiccion, la tier-"
                    HPOS="153"
                    VPOS="1150"
                    WIDTH="818"
                    HEIGHT="37"></String>
          </TextLine>

          
          
          <TextLine ID="line_35"
                    TAGREFS="LT83"
                    BASELINE="154 1206 972 1204" 
                    HPOS="153"
                    VPOS="1181"
                    WIDTH="819"
                    HEIGHT="39">
            <Shape><Polygon POINTS="154 1206 154 1220 185 1216 327 1219 328 1219 329 1219 341 1215 371 1219 371 1219 407 1215 560 1219 561 1219 562 1219 609 1214 659 1219 659 1219 924 1214 970 1219 972 1204 970 1186 900 1186 899 1185 892 1181 891 1181 890 1181 889 1181 888 1181 877 1185 876 1185 874 1185 844 1181 843 1181 842 1181 825 1185 823 1186 600 1186 589 1184 563 1181 562 1181 544 1183 530 1186 513 1183 498 1182 497 1182 496 1182 488 1183 477 1186 153 1182 154 1206"/></Shape>
	    <String CONTENT="ra que no mancharen con sus negras espumas, ensordarán con"
                    HPOS="153"
                    VPOS="1181"
                    WIDTH="819"
                    HEIGHT="39"></String>
          </TextLine>

          
          
          <TextLine ID="line_36"
                    TAGREFS="LT83"
                    BASELINE="153 1235 971 1233" 
                    HPOS="152"
                    VPOS="1210"
                    WIDTH="819"
                    HEIGHT="34">
            <Shape><Polygon POINTS="153 1235 153 1244 970 1242 971 1233 969 1214 886 1210 886 1210 834 1214 830 1214 829 1214 815 1210 814 1210 813 1210 776 1214 775 1214 763 1210 762 1210 761 1210 760 1210 759 1210 753 1214 752 1214 750 1214 635 1211 634 1211 633 1211 632 1211 626 1215 624 1216 559 1216 558 1215 545 1211 544 1211 543 1211 521 1215 519 1215 516 1215 469 1211 468 1211 467 1211 466 1211 459 1215 392 1212 391 1212 390 1212 389 1212 383 1216 381 1217 317 1217 315 1216 297 1212 296 1212 295 1212 270 1216 268 1216 266 1216 232 1212 231 1212 152 1216 153 1235"/></Shape>
	    <String CONTENT="sus ruidosos ecos. Discurrirá el escandaloso ardor las abiertas"
                    HPOS="152"
                    VPOS="1210"
                    WIDTH="819"
                    HEIGHT="34"></String>
          </TextLine>

          
          
          <TextLine ID="line_37"
                    TAGREFS="LT83"
                    BASELINE="154 1265 972 1262" 
                    HPOS="153"
                    VPOS="1238"
                    WIDTH="819"
                    HEIGHT="41">
            <Shape><Polygon POINTS="154 1265 154 1276 295 1273 303 1275 315 1279 316 1279 317 1279 318 1279 329 1275 337 1273 402 1273 406 1275 414 1279 415 1279 416 1279 416 1279 432 1274 442 1272 456 1274 480 1278 481 1278 587 1273 622 1272 626 1273 640 1278 641 1278 642 1279 691 1279 691 1278 752 1272 765 1272 767 1272 773 1277 774 1277 775 1277 776 1278 950 1278 950 1277 951 1277 972 1271 972 1262 969 1239 756 1244 729 1242 702 1238 701 1238 700 1238 688 1242 675 1246 605 1246 600 1242 595 1239 594 1239 593 1239 592 1239 567 1243 563 1243 560 1243 533 1239 532 1239 531 1239 515 1243 510 1245 505 1243 489 1239 488 1239 487 1239 439 1244 424 1246 418 1245 401 1240 400 1240 399 1240 351 1245 344 1246 343 1246 334 1240 333 1240 333 1240 304 1240 303 1240 274 1246 227 1240 227 1240 197 1246 167 1240 166 1240 166 1240 153 1246 154 1265"/></Shape>
	    <String CONTENT="campiñas del viento, encendiendo vengativo cuanto perdonó"
                    HPOS="153"
                    VPOS="1238"
                    WIDTH="819"
                    HEIGHT="41"></String>
          </TextLine>

          
          
          <TextLine ID="line_38"
                    TAGREFS="LT83"
                    BASELINE="153 1295 967 1295" 
                    HPOS="153"
                    VPOS="1270"
                    WIDTH="814"
                    HEIGHT="39">
            <Shape><Polygon POINTS="153 1295 153 1305 966 1309 967 1295 967 1275 932 1270 931 1270 901 1274 786 1270 785 1270 712 1274 703 1270 702 1270 701 1270 649 1274 611 1270 610 1270 609 1270 592 1274 581 1270 580 1270 579 1270 549 1274 523 1270 522 1270 467 1274 460 1270 459 1270 458 1270 322 1270 321 1270 293 1274 249 1270 248 1270 215 1274 203 1270 202 1270 201 1270 153 1274 153 1295"/></Shape>
	    <String CONTENT="aprisionado. Solo dócil la media region á tan no vistos pinceles,"
                    HPOS="153"
                    VPOS="1270"
                    WIDTH="814"
                    HEIGHT="39"></String>
          </TextLine>

          
          
          <TextLine ID="line_39"
                    TAGREFS="LT83"
                    BASELINE="153 1323 969 1323" 
                    HPOS="153"
                    VPOS="1301"
                    WIDTH="816"
                    HEIGHT="34">
            <Shape><Polygon POINTS="153 1323 153 1335 969 1334 969 1323 969 1306 916 1306 909 1301 908 1301 907 1301 906 1301 863 1305 833 1301 832 1301 831 1301 812 1305 712 1301 712 1301 711 1301 701 1306 644 1306 612 1301 611 1301 610 1301 599 1305 575 1301 575 1301 574 1301 564 1306 505 1306 462 1301 462 1301 461 1301 451 1305 433 1301 432 1301 431 1301 399 1305 382 1301 381 1301 380 1301 333 1305 310 1301 310 1301 309 1301 290 1305 284 1301 283 1301 282 1301 181 1301 181 1301 153 1305 153 1323"/></Shape>
	    <String CONTENT="ofrecerá sus largos espacios para imágenes tan nuevas. No ca-"
                    HPOS="153"
                    VPOS="1301"
                    WIDTH="816"
                    HEIGHT="34"></String>
          </TextLine>

          
          
          <TextLine ID="line_40"
                    TAGREFS="LT83"
                    BASELINE="155 1355 969 1352" 
                    HPOS="154"
                    VPOS="1328"
                    WIDTH="815"
                    HEIGHT="40">
            <Shape><Polygon POINTS="155 1355 155 1363 362 1368 363 1368 969 1363 969 1352 968 1334 939 1328 938 1328 894 1333 893 1334 823 1334 821 1333 802 1328 801 1328 800 1328 799 1328 798 1328 791 1333 790 1334 747 1334 744 1332 730 1328 729 1328 728 1328 727 1328 710 1332 707 1333 704 1332 689 1329 689 1329 688 1329 687 1329 673 1332 666 1335 614 1335 611 1332 606 1329 606 1329 605 1329 604 1329 603 1329 592 1332 584 1334 534 1332 469 1329 469 1329 468 1329 462 1332 457 1334 449 1332 444 1330 443 1330 442 1330 441 1330 436 1332 427 1334 416 1332 409 1330 409 1330 408 1330 407 1330 401 1332 391 1335 378 1332 374 1330 373 1330 372 1330 371 1330 368 1332 358 1335 332 1331 322 1330 321 1330 310 1331 282 1334 276 1331 275 1330 274 1330 273 1330 272 1330 250 1331 185 1334 154 1331 155 1355"/></Shape>
	    <String CONTENT="brán en la tierra las inquietudes, y huyendo de tanto espectácu-"
                    HPOS="154"
                    VPOS="1328"
                    WIDTH="815"
                    HEIGHT="40"></String>
          </TextLine>

          
          
          <TextLine ID="line_41"
                    TAGREFS="LT83"
                    BASELINE="155 1383 967 1383" 
                    HPOS="155"
                    VPOS="1359"
                    WIDTH="812"
                    HEIGHT="44">
            <Shape><Polygon POINTS="155 1383 155 1397 334 1396 340 1399 342 1400 343 1400 344 1400 345 1400 346 1400 354 1399 364 1396 371 1399 380 1402 381 1402 382 1402 398 1399 412 1396 421 1399 427 1401 428 1401 429 1401 439 1400 451 1397 464 1400 480 1402 481 1402 482 1402 489 1400 500 1396 510 1400 515 1401 516 1401 517 1401 532 1400 564 1396 583 1400 590 1401 590 1401 591 1401 595 1400 608 1396 646 1400 662 1402 663 1402 674 1400 704 1396 718 1401 721 1402 722 1402 723 1402 724 1402 727 1401 738 1398 750 1401 755 1402 756 1402 757 1403 966 1403 967 1383 966 1366 937 1359 936 1359 935 1359 912 1365 910 1366 825 1366 822 1364 809 1360 808 1360 807 1360 806 1360 805 1360 798 1364 797 1365 723 1365 718 1363 706 1359 705 1359 704 1359 704 1359 692 1363 687 1365 681 1363 668 1359 667 1359 666 1359 609 1363 565 1365 556 1363 548 1359 547 1359 546 1359 531 1362 515 1365 508 1362 502 1359 501 1359 500 1359 475 1362 438 1365 423 1361 416 1359 415 1359 414 1359 403 1361 389 1363 344 1360 324 1359 323 1359 313 1360 276 1365 257 1360 256 1359 255 1359 254 1359 250 1359 231 1363 155 1359 155 1383"/></Shape>
	    <String CONTENT="lo los ojos, subirán al aire, donde variando de aspecto, no esta-"
                    HPOS="155"
                    VPOS="1359"
                    WIDTH="812"
                    HEIGHT="44"></String>
          </TextLine>

          
          
          <TextLine ID="line_42"
                    TAGREFS="LT83"
                    BASELINE="155 1415 346 1412" 
                    HPOS="154"
                    VPOS="1388"
                    WIDTH="192"
                    HEIGHT="39">
            <Shape><Polygon POINTS="155 1415 155 1426 345 1427 346 1412 344 1394 297 1388 296 1388 295 1388 280 1395 248 1395 222 1389 221 1389 220 1389 209 1395 171 1390 170 1390 169 1390 154 1395 155 1415"/></Shape>
	    <String CONTENT="rán sin riesgo."
                    HPOS="154"
                    VPOS="1388"
                    WIDTH="192"
                    HEIGHT="39"></String>
          </TextLine>

          
          
          <TextLine ID="line_43"
                    TAGREFS="LT83"
                    BASELINE="179 1444 968 1441" 
                    HPOS="178"
                    VPOS="1415"
                    WIDTH="790"
                    HEIGHT="53">
            <Shape><Polygon POINTS="179 1444 179 1460 256 1459 267 1460 280 1463 280 1463 313 1461 356 1459 374 1461 398 1466 399 1466 400 1466 409 1462 417 1459 432 1462 444 1465 445 1465 458 1462 465 1461 468 1462 475 1468 476 1468 477 1468 477 1468 523 1463 552 1460 561 1463 574 1468 575 1468 575 1468 576 1468 586 1464 590 1462 614 1464 661 1468 662 1468 682 1465 725 1458 807 1466 821 1467 822 1467 823 1467 825 1466 840 1460 860 1466 863 1467 863 1467 864 1468 967 1468 968 1441 966 1422 930 1415 929 1415 850 1421 849 1421 848 1421 801 1415 760 1415 759 1415 758 1415 757 1415 750 1421 749 1421 748 1421 685 1416 684 1416 658 1421 652 1422 649 1421 635 1416 634 1416 564 1416 563 1416 562 1416 561 1416 554 1421 553 1422 546 1421 521 1416 520 1416 454 1421 422 1423 408 1421 386 1417 348 1417 348 1417 347 1417 346 1417 340 1421 336 1423 178 1421 179 1444"/></Shape>
	    <String CONTENT="A tanta novedad nunca vista, temblarán los animales de la tier-"
                    HPOS="178"
                    VPOS="1415"
                    WIDTH="790"
                    HEIGHT="53"></String>
          </TextLine>

          
          
          <TextLine ID="line_44"
                    TAGREFS="LT83"
                    BASELINE="179 1478 347 1476" 
                    HPOS="178"
                    VPOS="1453"
                    WIDTH="169"
                    HEIGHT="42">
            <Shape><Polygon POINTS="179 1478 179 1491 333 1495 333 1495 334 1495 347 1490 347 1476 345 1458 178 1453 179 1478"/></Shape>
	    <String CONTENT="Juicio universal."
                    HPOS="178"
                    VPOS="1453"
                    WIDTH="169"
                    HEIGHT="42"></String>
          </TextLine>

          
        </TextBlock>
        

        
      </PrintSpace>
    </Page>
  </Layout>
</alto>
