1111 1577
528 113 101 42 —10—

149 162 823 43 ra, y esta, terremoto tras terremoto, los despedirá furiosa de sus ca-

150 194 819 40 vernas. Aparecerán mezclados entre los hombres los mónstruos y

149 223 822 38 las fieras, y todos rabiosos templarán su ira cebándose en los mor-

148 253 824 42 tales. No dejará la tierra sabandija en sus senos, que no lo arro-

148 284 823 43 je á la superficie para aumentar el tormento, apareciendo por

149 315 821 41 todas partes asquerosos y ponzoñosos insectos que, más que mie-

148 347 823 39 do y susto, esciten un repugnante asco. Saciada ya toda esta ga-

151 374 819 37 villa de mónstruos, fieras y venenosas sabandijas en los vivien-

149 403 821 43 tes, empezará á crecer el fuego que deba abrasar todo el univer-

148 436 821 39 so, creciendo tanto su voracidad que pasmará y aturdirá á cuan-

149 466 820 38 tos contemplarlo puedan. Desengaño fueran sus horrores si hu-

149 495 820 38 biera tiempo para el desengaño, que si para un desengaño siem-

149 525 820 40 pre es tiempo, ver entonces espirar el tiempo, será el trisísimo

148 556 818 39 desengaño. Reduciráse el mundo á su nativo desgreñado caos,

150 584 818 41 y borrados los colores de tantas imágenes solo quedará de sus

150 615 399 37 hermosas pinturas las sombras.

191 643 777 40 En fin, entre esta desordenada y desenfrenada lucha de los

148 674 819 39 elementos, quedará el fuego por único señor de todo. Bajará de

150 706 814 34 los cielos, subirá del abismo, y uniéndose, como dice S. Buena-

149 734 815 41 ventura, cuanto fuego hay en tierra y aire para dar batalla,

147 763 815 40 discurrirá colérico por aire, mar y tierra. Quemará el Océano y

146 798 818 36 abrasará este globo; encenderá el viento. No habrá dureza que no

145 823 815 42 ceda á su ira; no habrá diamante que no quiebre á su violencia;

146 855 814 40 no habrá metal que no reduzca á ceniza, porque su inexorable

147 884 813 42 voracidad, cubierta de negro humo toda su luz, porque no se des-

145 915 817 34 cubra alivio entre el horror, no dejará pintura que no sea som-

147 943 815 41 bra; oro, que no sea ceniza; mármol, que no sea pavesa: todo, en

146 972 357 39 fin, lo convertirá á la nada.

191 1000 768 39 Despues de esta desconcertada pelea, calmará el aire medro-

145 1033 816 38 so, cesará el fuerte ruido los mares, y la tierra sosegará con de-

145 1065 815 38 sasosiego, dejando sus cavernas patentes; el fuego esconderá entre

144 1091 815 40 el humo sus volcanes. Huirán del Océano los peces, desertarán del

145 1121 814 40 viento las aves, dejarán las fieras los bosques, y hasta los hom-

143 1151 817 37 bres muertos desamparán los sepulcros, porque al ruidoso vai-

144 1181 809 41 ven del globo terráqueo saltarán los cadáveres de sus tumbas, y

141 1211 814 39 con el susto de ver á los cadáveres se convertirán los vivos en ca-

141 1240 114 36 dáveres.

184 1264 773 45 ¿Quién puede pintar lo que pasará en el ánimo del hombre

141 1299 815 36 injusto á la vista de tanto desconcierto? Al ver los pecadores que

140 1331 817 33 todos los elementos amagan la ruina uiversal, conspirando á la

139 1357 815 42 postrimera desolacion, llenos de turbaciones, angustias y desma-

141 1387 811 41 yos, erizados con el horror y susto los cabellos, secas las fauces,

138 1417 813 48 no podarn alentar aun congojosas voces porque el corazon, con
