1133 1580
553 99 104 42 — 16—

174 165 821 20 da garganta del infierno, que suben escalando la región del vien-

176 178 819 38 to con galas de luz, con sonoros cánticos y festivos víctores en

175 202 819 47 compañia de los Angeles, de María Santísima y de su hijo á go-

175 236 301 40 zar una gloria sin fin.

219 261 776 43 Con todo, aun les queda otro tormento á los condenados; tor-

176 293 819 42 mento horrible, espantoso, el mayor de todos los tormentos, el

175 325 820 41 castigo más cruel para ellos. Llegarán los justos á la puerta del

177 353 818 42 Empireo, todos, yendo delante, como capitan, el Arcángel San

178 387 810 35 Miguel. Empezarán á entrar las Vírgenes, los Confesores, Márti

177 413 818 38 res, Patriárcas, Apóstoles, y Profetas. Entrarán San José y San

175 445 820 39 Juan Bautista. Llegará María Santísima á la puerta. Llegará es-

177 474 818 38 ta Madre de Misericordia, y al entrar volverá la espalda. Aquí

175 503 819 40 empezará una gran gritería de los abatidos condenados: ¡Ah, Se-

177 531 818 43 ñora, gritarán, ah, Señora, que sois Madre de pecadores, mirad

176 563 814 41 por estos infelices! Pero entonces, el Hijo, con semblante airado,

175 594 817 37 cerrará la puerta diciendo: A ninguno de esos malditos conozco;

179 621 816 40 y abriendose las simas del abismo se hundirán hasta el centro de

176 653 819 41 la tierra, sepultando eternamente su esperanza. Entonces serán

175 682 820 40 los ayes y lamentos, el tardio arrepentimiento se apoderará de

174 711 821 42 aquellos infelices; más, ¡ay! ya será tarde. Su condenacion es

174 746 595 36 eterna, su castigo por los siglos de los siglos.

223 771 773 41 Todo cuanto llevamos dicho es verdad de fé que nadie puede

173 800 822 39 ni debe dudar. Todos debemos comparecer á tan tremendo jui-

174 831 819 38 cio; todos debemos presentarnos á aquel Juez que no se engaña,

177 859 818 43 y que sin testigos ni acusadores sabe la verdad de nuestras ac-

173 892 822 34 ciones todas. Preparémonos, pues, hermanos mios, para aquel

174 921 821 36 imponente lance en que, ó hemos de acompañar á Cristo y á su

173 951 818 37 Madre, ó bajar con Lucifer y los demonios al abismo. No hay

174 981 819 38 que perder tiempo, acudamos con anticipacion al que tan ter-

172 1010 817 36 riblemente ha de juzgarnos, que es abogado misericordioso, y

172 1042 822 32 con benignidad acojerá nuestras súplicas. No esperemos acudir

171 1068 824 40 á su misericordia cuando no haya remedio. Confio en la Divina

171 1098 822 42 piedad, que todos abran los ojos á la luz de la razon, y que refle-

172 1129 823 36 xionen contínuamente en esta fatalidad representada, que no de-

171 1158 822 41 jándola de la consideracion, se verán libres de que Jesucristo les

171 1187 747 41 cierre la puerta y su Madre Santísima vuelva las espaldas.

213 1218 781 35 Confio asimismo que el cuadro que acabamos de trazar forti-

170 1245 823 40 ficará á los justos y hará que los pecadores, abjurando sus erro-

171 1276 822 41 res entren en la senda del bien para recibir en su dia el premio

170 1309 823 41 que Jesucristo da á los buenos. colocándolos á su diestra en el

169 1337 227 42 Juicio Universal.

541 1395 68 41 FIN.
