1860 2629
83.0 216.0 92.0 121.0 158

585.0 258.0 599.0 110.0 134 EL SUEÑO.

462.0 433.0 35.0 51.0 I.

186.0 481.0 590.0 90.0 No te ocultes tras los montes

144.0 549.0 494.0 77.0 refulgente astro del dia,

142.0 611.0 502.0 76.0 que es tanta la pena mia

142.0 663.0 494.0 68.0 cuando de ellos á través

186.0 707.0 522.0 70.0 Veo que tu faz se esconde,

146.0 764.0 555.0 77.0 y dormir es fuerte empeño;

149.0 821.0 502.0 68.0 porque creo lo que sueño

149.0 865.0 436.0 77.0 soñando lo que no es.

471.0 928.0 24.0 92.0 II.

188.0 1014.0 557.0 92.0 Si tanto á Belisa he amado,

151.0 1082.0 496.0 76.0 y hoy sobre ella , celosa,

151.0 1134.0 412.0 73.0 pesa la fúnebre losa

153.0 1183.0 472.0 85.0 y á mí me miras llorar;

193.0 1229.0 565.0 81.0 Deja al menos que dispierto

151.0 1290.0 539.0 70.0 su bella imágen recuerde ;

153.0 1334.0 562.0 85.0 porque el alma se me pierde

151.0 1395.0 456.0 68.0 en llegándola á soñar.

456.0 1483.0 52.0 65.0 III.

193.0 1535.0 594.0 103.0 ¿De qué me sirve el hablarla

155.0 1616.0 544.0 79.0 vision del ensueño siendo?

155.0 1649.0 647.0 88.0 ¿Qué me importa estarla viendo

153.0 1724.0 498.0 61.0 de mis sueños al ardor?

193.0 1759.0 522.0 79.0 Si es fantasma ó pesadilla

153.0 1814.0 511.0 85.0 que ante mis ojos parece,

160.0 1870.0 432.0 82.0 y luego se desvanece

151.0 1921.0 408.0 116.0 en fantástico vapor.

1250.0 425.0 68.0 41.0 IV.

1000.0 497.0 605.0 61.0 Yo no os niego, sueños mios,

954.0 543.0 544.0 66.0 cuanto gozo en admirarla,

958.0 591.0 570.0 72.0 verla, oirla y contemplarla,

960.0 650.0 513.0 70.0 porque ha sido mi deidad.

1002.0 703.0 491.0 61.0 Pero yo sé cuanto sufro,

960.0 753.0 540.0 70.0 y me estoy volviendo loco,

960.0 795.0 502.0 70.0 cuando dispertando toco

958.0 845.0 410.0 86.0 la infausta realidad.

1263.0 937.0 35.0 59.0 V.

1002.0 1005.0 612.0 92.0 Si, cual fuera en este instante,

958.0 1064.0 500.0 83.0 sueño la noche tranquila

960.0 1130.0 478.0 68.0 que inundaba su pupila

960.0 1176.0 450.0 64.0 una lágrima de amor,

1000.0 1226.0 495.0 62.0 Sintiendo el sonoro beso

962.0 1266.0 630.0 81.0 que yo estampaba en su frente,

965.0 1321.0 605.0 76.0 no estrañeis si el alma siente,

965.0 1375.0 559.0 119.0 mústio, hostigarla el dolor.

1261.0 1463.0 55.0 68.0 VI.

1008.0 1531.0 507.0 94.0 Estate pues sol perenne,

967.0 1599.0 566.0 90.0 y alumbra fijo y constante ;

962.0 1665.0 558.0 56.0 te lo pide un tierno amante

962.0 1713.0 479.0 59.0 con el mas hondo pesar.

1006.0 1746.0 560.0 76.0 Porque mientras tu destello

965.0 1807.0 443.0 74.0 sobre nosotros refleja,

965.0 1849.0 495.0 85.0 prófugo el sueño se aleja

965.0 1903.0 574.0 114.0 y ¡ay!... yo no puedo soñar.

1322.0 1952.0 301.0 105.0 Eduardo Sala.

1131.0 2136.0 270.0 67.0 (Es propiedad.)

153.0 2217.0 1472.0 96.0 Se halla de venta en casa Antonio Bosch, calle del Bou de la plaza Nueva, n.° 3.

212.0 2357.0 1351.0 114.0 Imprenta de Narciso Ramirez, calle de Escudillers, núm. 40, piso principal. —1862.
