1753 2480
1651.0 18.0 77.0 81.0 157

496.0 90.0 43.0 75.0 III

266.0 159.0 443.0 74.0 Si á la belleza divina

231.0 219.0 542.0 74.0 Que á la mujer Dios envia,

231.0 270.0 395.0 66.0 Se agrega la poesía

233.0 312.0 600.0 76.0 Que imprime al rostro la flor,

239.0 369.0 513.0 71.0 Y esa gracia encantadora

233.0 429.0 451.0 62.0 Que da la ramilletera,

235.0 481.0 455.0 58.0 Puede brillar altanera

237.0 524.0 455.0 81.0 En el templo del amor.

1151.0 82.0 343.0 56.0 Bellas las niñas,

1155.0 126.0 267.0 62.0 Lucen su faz

1157.0 173.0 316.0 75.0 En los jardines

1157.0 237.0 207.0 58.0 Al pasear,

1157.0 272.0 341.0 81.0 Porque las flores

1163.0 330.0 267.0 64.0 Son un eden,

1155.0 378.0 354.0 76.0 Que dan encanto

1161.0 434.0 242.0 95.0 A la mujer.

1403.0 502.0 242.0 89.0 J. Bergaño.

436.0 810.0 1017.0 161.0 133 POR TI SOLA.

186.0 1097.0 649.0 64.0 Solo á tí, dueño mio, te quiero,

146.0 1155.0 635.0 58.0 Por tí muere mi pecho amador,

144.0 1200.0 614.0 71.0 Que yo á todas á tí te prefiero,

146.0 1250.0 718.0 70.0 Que en tí sola encontré tanto amor.

186.0 1297.0 605.0 60.0 Cuando siento tu labio rosado

152.0 1347.0 554.0 64.0 A los mios prestarles ardor,

159.0 1386.0 684.0 81.0 ¡Ay! entonces, mi dueño adorado,

155.0 1444.0 616.0 103.0 Por tí sola me muero de amor.

194.0 1566.0 568.0 87.0 A tu lado no siento la pena,

152.0 1630.0 720.0 64.0 Ni en mi pecho se alberga el dolor ;

152.0 1674.0 707.0 78.0 Porque mi alma ya está toda llena,

157.0 1725.0 667.0 68.0 Y está llena , bien mio , de amor.

198.0 1775.0 620.0 74.0 Cuando miro tus ojos amantes

159.0 1831.0 562.0 64.0 De los mios vencer el ardor,

163.0 1874.0 694.0 72.0 ¡Ay! entonces y en todos instantes

163.0 1932.0 603.0 89.0 Por tí sola me muero de amor.

996.0 1041.0 730.0 118.0 Al tenerte, bien mio, en mis brazos,

957.0 1128.0 572.0 68.0 Al mirar tu sonrís y candor,

961.0 1184.0 597.0 62.0 Yo bendigo los plácidos lazos,

959.0 1229.0 568.0 77.0 Estos lazos que teje el amor.

998.0 1279.0 628.0 78.0 Cuando miro de tu tersa frente

961.0 1333.0 537.0 64.0 La finura, belleza y albor,

965.0 1374.0 670.0 83.0 ¡Ay! entonces mi pecho ferviente

961.0 1436.0 581.0 95.0 Por tí sola se muere de amor.

1000.0 1543.0 672.0 79.0 Si tus ojos mi rostro han mirado,

961.0 1603.0 626.0 77.0 Siento de ellos el dulce fulgor;

965.0 1661.0 655.0 66.0 Si tu mano la mia ha estrechado

965.0 1719.0 711.0 66.0 Lanza el pecho un suspiro de amor.

1008.0 1758.0 722.0 64.0 Cuando en dulce y sin par desvarío

969.0 1808.0 732.0 64.0 De un suave ósculo siento el ardor...

971.0 1853.0 779.0 79.0 ¡Ay! entonces... ¡ oh sí !... dueño mio,

971.0 1917.0 604.0 87.0 Por tí sola me muero de amor.

1364.0 1967.0 349.0 79.0 F. L. Manrique.
