1753 2480
355.0 14.0 29.0 60.0 2

227.0 62.0 531.0 74.0 voy á encender los mechones,

227.0 111.0 401.0 54.0 y al asalto; ¡vamos! sí.

227.0 144.0 438.0 70.0 Voy á buscar de contado

225.0 183.0 434.0 67.0 balas y alguna granada,

225.0 235.0 469.0 54.0 voy á convertirlo en nada

219.0 268.0 547.0 64.0 despues de haberlo tragado.

797.0 279.0 151.0 64.0 (Vase

219.0 320.0 512.0 49.0 Aqui está esto, aqui estotro.

177.0 359.0 747.0 56.0 (Desde este momento empezará á hacer como

742.0 320.0 173.0 60.0 y vuelve.)

179.0 396.0 745.0 83.0 si alacase un fuerte y al mismo tiempo los

177 440 430 47 versos se lo espresarán.)

219.0 471.0 434.0 66.0 Pues ya que no falta na,

217.0 518.0 413.0 58.0 empezaremos, allá va,

217.0 558.0 430.0 59.0 por el lado, por el otro,

217.0 589.0 655.0 86.0 hum tur... ur.... um..... así ya bien,

217.0 634.0 450.0 62.0 cargar sobre el enemigo;

214.0 679.0 532.0 65.0 venga un escuadron conmigo

217.0 717.0 467.0 55.0 y el comandante tambien.

217.0 754.0 425.0 58.0 Escuadrones, allo, alto,

212.0 797.0 432.0 58.0 el castillo es invencible

212.0 834.0 424.0 56.0 y tomarle es imposible

217.0 884.0 399.0 52.0 que no sea por asalto.

212.0 911.0 492.0 66.0 ¡A cargar, si, luego, luego!

316.0 956.0 603.0 83.0 (Hace como que carga los cañones.)

217.0 987.0 475.0 69.0 Vengan pues las escaleras,

212.0 1037.0 528.0 58.0 desplegar nuestras banderas;

212.0 1080.0 577.0 64.0 empezemos: ¡fuego!!! ¡fuegoitl

214.0 1118.0 548.0 68.0 y yo siempre al frente vuestro

210.0 1161.0 420.0 56.0 cual valiente campeon.

210.0 1192.0 503.0 66.0 La música..... con este son

365.0 1229.0 540.0 97.0 (Remeda la música con la boca.)

210.0 1266.0 403.0 73.0 el potaje será nuestro.

208.0 1310.0 478.0 70.0 No mas fuego, ya no mas,

206.0 1357.0 496.0 66.0 arma en rano y asaltemos,

206.0 1399.0 472.0 58.0 solo asi vencer podremos;

206.0 1436.0 420.0 60.0 no se dé cuartel jamás.

642.0 1421.0 269.0 79.0 (Queda pegan¬

167.0 1475.0 740.0 70.0 do sablazes y tirando bolitas de papel que fi¬

169.0 1519.0 740.0 88.0 guren balas. Luego asoma D. Tortuga por

167.0 1562.0 322.0 60.0 la ventana y dice:

167.0 1591.0 653.0 89.0 D. TORTUGA. Ya por fin aqui llegué

204.0 1640.0 368.0 54.0 aburrido y fatigado.

208.0 1678.0 616.0 91.0 Mas, ¡Jesús!.... ¿qué endemoniado

204.0 1721.0 414.0 64.0 será aquel? Escucharé.

161.0 1748.0 330.0 72.0 (Ve á D. Pánfito.)

202.0 1795.0 416.0 67.0 Porque no haga ruido,

206.0 1839.0 474.0 58.0 me quitaré los zapatos.....

161.0 1870.0 649.0 74.0 D. PÁN. Rindete, vil, ó te mato....

163.0 1917.0 740.0 83.0 (Amenazando con la navaja á la cazuela.)

202.0 1961.0 577.0 56.0 ¿Te rindes? Pues ya he vencido.

163.0 1990.0 651.0 97.0 D. TOR. ¿Conque todo este afan era

204.0 2039.0 426.0 56.0 para asaltar la comida?

200.0 2079.0 469.0 64.0 no en balde, por mi vida,

200.0 2122.0 478.0 60.0 mis garras echar quisiera;

200.0 2163.0 511.0 64.0 mas.... esperemos. pardiez,

204.0 2205.0 591.0 55.0 porque voy p rdiendo el tino.....

159.0 2238.0 740.0 76.0 D. PÁN ¡Porvida!.. no tengo vino, (Biendo.)

204.0 2281.0 544.0 81.0 porque este es el del marqués.

208.0 2327.0 509.0 82.0 Pues, señor, cenar sin él

996.0 57.0 424.0 87.0 fugra deshonrar la cena

1002.0 119.0 409.0 64.0 voy á casa Cachumena,

1004.0 175.0 420.0 46.0 que me dá de moscatel.

1000.0 202.0 389.0 58.0 Te dejo aqui sitiada;

1397.0 198.0 134.0 99.0 (Vase.)

1000.0 248.0 424.0 55.0 cuidado con escapar.....

955.0 281.0 653.0 91.0 D. ToR. Por tonto, me han de pelar

998.0 349.0 506.0 76.0 si al venir encuentras nada,

1382.0 324.0 317.0 107.0 (Sale á la escena.)

996.0 398.0 513.0 71.0 soy feliz, no hay que dudar.

1000.0 446.0 529.0 64.0 ¡Oht despues de haber pasado

996.0 487.0 492.0 64.0 dos dias sin haber probado

996.0 522.0 409.0 58.0 algo que poder tragar,

996.0 562.0 459.0 58.0 encuentro, por vida mia,

996.0 599.0 469.0 66.0 un hombre que por cenar

996.0 640.0 442.0 66.0 quiere asaltos atacar.....

996.0 682.0 417.0 66.0 Consuela, barriga mia.

996.0 721.0 442.0 66.0 Este hombre, por venir,

996.0 764.0 479.0 64.0 segun muestra su cachaza,

996.0 808.0 477.0 72.0 tendré tiempo, por Colasa,

994.0 849.0 395.0 56.0 de cenar y de dormir.

992.0 888.0 446.0 62.0 Además que Tortugüela,

994.0 927.0 395.0 58.0 cuando luz vea venir,

994.0 963.0 444.0 68.0 ¡ohl es capaz de engullir

996.0 1006.0 413.0 58.0 la comida y la cazuela.

990.0 1049.0 483.0 62.0 Conque tú, fuerte vencido,

990.0 1085.0 506.0 59.0 ahora estás en mi poder.....

992.0 1128.0 517.0 78.0 Pues mira que no he de ser

992.0 1167.0 415.0 58.0 como el otro divertido.

992.0 1202.0 465.0 62.0 Y por acabar mas pronto,

990.0 1254.0 415.0 50.0 Ocupo todo el cubierto,

990.0 1285.0 622.0 83.0 pues ya que encontré buen puerto,

1302.0 1326.0 382.0 75.0 (Coge todo el cubierto)

986.0 1359.0 450.0 71.0 no nos hagamos el tonto.

1004.0 1405.0 680.0 76.0 Conque, señor, tum, tr.....u........

1132.0 1454.0 550.0 58.0 ¡Hace lo que D. Pánfilo y come.)

988.0 1481.0 550.0 77.0 Por aqui, pim, pan, pim, pan,

988.0 1535.0 388.0 50.0 traga, traga, gavilan,

988.0 1562.0 653.0 78.0 vamos pronto; bum, bu.ru.....m.....

988.0 1620.0 475.0 56.0 Ahora que pringue queda,

1110.0 1651.0 570.0 66.0 (Arrebaña la casuela con el pan.)

983.0 1686.0 420.0 76.0 haremos servir el pan,

988.0 1736.0 347.0 55.0 y acabado le verán

983.0 1773.0 497.0 64.0 antes que él venirse pueda.

986.0 1808.0 407.0 89.0 ¡Por desgracia ya voló

1236.0 1837.0 442.0 99.0 (Suena un poco de ruido.)

981.0 1882.0 554.0 68.0 en un santiameni! ¡Qué susto!

981.0 1926.0 503.0 64.0 asi que le encontré el gusto

981.0 1975.0 435.0 54.0 cuando ya se me acabó;

983.0 2008.0 484.0 69.0 y lo que hay aqui ¿qué es?

981.0 2056.0 484.0 58.0 segun he oido á ese bicho,

986.0 2097.0 512.0 58.0 será bueno, porque la dicho

981.0 2139.0 474.0 53.0 que era vino del marqués.

983.0 2170.0 521.0 82.0 Y pues que por mi fatal sino,

979.0 2217.0 434.0 56.0 despues de tanta fatiga,

979.0 2256.0 445.0 60.0 no puedo llenar barriga,

977.0 2289.0 451.0 60.0 la llenaré de buen vino.

983.0 2331.0 478.0 93.0 Vamos, pichona, aquí ven;

1438.0 2287.0 236.0 135.0 (A la Botella.)
