1753 2480
783.0 109.0 103.0 64.0 -2-

374.0 175.0 24.0 77.0 2

39.0 221.0 608.0 105.0 Hijo del trueno nada me arredra,

18.0 301.0 490.0 68.0 Nunca el peligro yo conoci,

14.0 336.0 593.0 81.0 El pecho mío, fuerte cual piedra,

18.0 394.0 469.0 64.0 A tus encantos solo rendi.

41.0 436.0 525.0 62.0 De él solo sale canto sentido

12.0 485.0 542.0 64.0 Que dá los aires del trovador,

16.0 527.0 554.0 66.0 Como lo canta al salir del nido

16.0 576.0 473.0 72.0 El pagarillo cabe una for.

376.0 638.0 39.0 56.0 3

39.0 675.0 620.0 85.0 Mis tristes notas mi triste acento

16.0 737.0 614.0 69.0 Vuelan mezclados en mi canción;

16.0 791.0 626.0 56.0 Si es que penetran en tu aposento,

18.0 832.0 575.0 60.0 No la desdeñes, ten compasión.

45.0 876.0 616.0 62.0 Si por desdicha no la escuchares,

12.0 925.0 539.0 62.0 Si por desgracia no llegó á ti,

18.0 954.0 670.0 83.0 Como se aumentan más mis pesares.

18.0 1006.0 647.0 74.0 Hermosa, entonces... ¡pobre de mí!

386.0 1056.0 39.0 88.0 4

47.0 1124.0 595.0 80.0 Oye y escucha que el pecho mío

16.0 1182.0 585.0 74.0 Sin tí, consuelo no puede hallar

20.0 1227.0 589.0 66.0 Tú eres la dueña de mi albedrio

20.0 1275.0 591.0 66.0 Tú á mí la dicha me puedes dar.

55.0 1337.0 585.0 47.0 Sál, que la noche lóbrega y fria,

20.0 1370.0 624.0 56.0 Sin contemplarte cáusame enojos:

22.0 1409.0 622.0 70.0 Sál, porque el alma tan solo ansia

22.0 1459.0 637.0 82.0 Los resplandores que dan tus ojos.

392.0 1514.0 33.0 67.0 5

57.0 1554.0 726.0 93.0 Pues si al tormento que estoy sufriendo

20.0 1630.0 577.0 58.0 Se añade el doble de tu desdén,

26.0 1676.0 587.0 68.0 Mi triste vida se irá extiguiendo

22.0 1717.0 596.0 64.0 Que tus encantos son mi sostén.

59.0 1754.0 710.0 81.0 Pues los placeres que el mundo ofrece

26.0 1810.0 554.0 58.0 No son placeres si tu no estás

26.0 1857.0 571.0 56.0 Sin ti, de encantos todo carece,

28.0 1905.0 550.0 74.0 Gloria cumplida, sin ti jamás.

396.0 1953.0 36.0 78.0 6

64.0 2008.0 576.0 79.0 La palida luna azás debilmente

35.0 2058.0 723.0 72.0 Proyecta mi sombra y alumbra á la vez

33.0 2114.0 535.0 60.0 Mi ardiente volcánica frente,

28.0 2157.0 722.0 120.0 Que temo ser planco de injusta altivez.

886.0 136.0 736.0 97.0 No, no; no rechaces amor tan profundo

851.0 219.0 769.0 68.0 Que puesto á tus plantas perenne estaré,

855.0 260.0 765.0 64.0 Qué me importa el cielo, ni que me importa

859.0 303.0 759.0 93.0 Yo juré adorarte y te adoraré (al mundo.

1217.0 380.0 41.0 64.0 7

893.0 415.0 711.0 78.0 La noche se aleja, se acerca la aurora,

857.0 481.0 693.0 60.0 Mi ayes, mis quejas perdiéndose van;

864.0 522.0 721.0 64.0 Tu ausencia, mi pecho doliente ya llora

864.0 578.0 620.0 52.0 Y mis esperanzas su despido dán.

888.0 609.0 621.0 73.0 Cruel, si mis ayes oiste tranquila

859.0 663.0 712.0 66.0 Cruel, si mis quejas tu pecho escuchó,

864.0 710.0 719.0 54.0 El mío en constancia y amor no vacila,

864.0 741.0 686.0 87.0 Jamás el perjurio mis labios manchó

1232.0 797.0 41.0 77.0 8

901.0 865.0 670.0 71.0 Desprecio la muerte, no temo morir,

859.0 913.0 765.0 72.0 Allá en mi cabaña do el trueuo retumbra,

866.0 969.0 657.0 56.0 El rayo fulgente no me puede herir,

862.0 1000.0 727.0 78.0 Cambiando mi cuna por mísera tumba.

897.0 1054.0 688.0 57.0 Allí varias veces luché con las fieras,

872.0 1095.0 663.0 64.0 Y fuerte cual roble, la muerte les di:

868.0 1138.0 734.0 73.0 Que alli de los montes entre sus laderas

870.0 1186.0 682.0 74.0 A ser hombre fuerte de niño aprendi.

1229.0 1248.0 42.0 60.0 9

870.0 1285.0 727.0 85.0 Bandidos salvajes, los montes cercanos

872.0 1347.0 637.0 62.0 Recorren veloces tu vida á buscar,

872.0 1388.0 763.0 89.0 Respeto me tienen, pues ven en mis ma¬

1540.0 1426.0 95.0 72.0 (noS

870.0 1471.0 746.0 85.0 Los medios de hacerme querer respetar.

909.0 1529.0 703.0 58.0 Ni el hombre salvaje, ni la loba ligera,

874.0 1564.0 616.0 68.0 Ni rayos, ni nieves, ni sol estival,

870.0 1620.0 696.0 58.0 Jamás doblegaron mi cuerpo de fiera,

878.0 1665.0 637.0 75.0 Mas tú la rendiste, alma angelical.

1242.0 1713.0 43.0 74.0 10

907.0 1771.0 635.0 76.0 Mi madre amada, llora mis penas.

882.0 1833.0 600.0 58.0 Y cuando quiere calmar mi mal,

878.0 1872.0 600.0 66.0 Dice llorando que por mis venas

880.0 1924.0 593.0 55.0 Corren torrentes de sangre real.

921.0 1963.0 482.0 62.0 Y si no sales á la ventana,

882.0 2008.0 523.0 64.0 Perla de Oriente, nitida flor.

882.0 2058.0 552.0 64.0 Bajo tus muros verás mañana

886.0 2091.0 604.0 99.0 Nota una lira, muerto un cantor.

1502.0 2068.0 108.0 155.0 F. B.
