1943 2592
440 181 456 67 de salir á los caminos,

440 226 515 82 sobornando con astucias;

447 285 467 71 y por dentro la Ciudad

440 332 508 76 no dejan casa, ni gruta:

440 390 456 63 A unos dán Beneficios,

440 436 497 69 á otros los hacen Curas;

436 477 512 75 á todos calzan, y visten,

436 535 581 67 conveniencias, sin segundas;

438 585 538 78 y hinchándoles las cabezas,

434 639 456 67 se los dejan á la Luna.

434 682 588 78 Los pobres, muy satisfechos,

432 740 469 65 gastan la poca pecunia

434 784 607 86 que han allegado, cumpliendo

432 833 516 74 los preceptos de la Tuna.

434 894 452 58 Alquilan sus escaletas,

423 930 491 74 los camaradas se juntan,

425 989 532 75 armados con sus xergones,

425 1036 467 72 sirva la paja de pluma.

432 1088 501 69 Y ojalá que todos tengan,

425 1142 549 74 que no es poca la fortuna;

421 1190 504 71 las sábanas son manteos,

421 1244 540 60 á donde cuevan las pulgas.

417 1296 542 66 Su lecho es el santo suelo,

419 1339 525 77 que no gastan esculturas:

419 1399 385 54 el aparato de sillas,

421 1440 443 74 cada cual se trae una

412 1492 616 71 de aquellas que en el Mercado

414 1550 532 59 revenden, y se descuidan.

412 1596 411 67 El adorno de cocina,

410 1643 506 72 tiene lo que mas abunda,

412 1693 523 71 un perol, y un cucharon,

410 1740 636 70 que en todo el año se escuran:

410 1792 409 74 el pozal es una olla,

408 1840 536 75 mas negra que la pegunta.

406 1896 519 65 Las casas, turban la vista

406 1946 493 67 los reflejos de blancura;

406 1998 525 64 todos los meses se barren,

419 2047 575 78 y están llenas de espesura.

402 2088 574 84 Unos dicen, ay mis padres;

399 2142 487 113 otros la licion estudian:

1141 190 421 80 otros están ocupados

1139 244 555 84 en matar piojos, y pulgas:

1139 300 449 65 otros tañen la vihuela,

1141 343 542 82 moviendo bayles, y bulla;

1141 401 495 72 y otros están pensativos,

1136 451 530 73 de sus trabajos murmuran.

1132 494 469 71 Levántanse de mañana,

1130 544 501 75 lo primero que procuran

1130 600 473 67 cada cual con su perol,

1130 648 514 75 de esto nadie se descuida.

1128 699 540 80 Cual lo trae á las espaldas,

1123 753 515 78 cual colgado á la cintura,

1119 797 506 75 toman el vade, y se van

1123 853 560 71 al estudio, donde se juntan

1123 896 428 76 los Catedráticos, que

1121 946 534 82 de acudir no se descuidan,

1126 1004 520 73 por guardar la faltriquera,

1121 1056 543 71 si non pagabunt pecuniam.

1119 1095 553 73 Cada cual se vá á su aula:

1119 1151 581 67 puestos que están en postura

1115 1198 594 82 entra el Maestro, y les dicta

1115 1248 575 78 aquella ciencia que estudian.

1113 1302 484 76 Escritos los cartapacios,

1110 1356 593 73 salen, y arman las disputas;

1115 1406 503 67 unos dicen lo que saben,

1113 1449 549 75 otros á Dios y á la ventura.

1104 1503 579 80 Grita el que menos entiende,

1106 1561 486 63 y el entendido se apura,

1110 1609 506 65 y tal vez van á cachetes;

1108 1656 489 67 es un laberinto en suma.

1110 1699 459 72 Y en allegando la hora

1102 1756 477 69 de acudir á la manduca

1104 1807 424 65 alli no valen razones,

1102 1855 510 71 ni los textos de Escritura,

1102 1900 441 74 para detener la gente,

1097 1959 541 69 cada cual se pone en fuga,

1100 2002 490 69 al sagrado del Convento,

1097 2062 530 63 que es refugio de la gula;

1089 2103 542 74 en donde el padre Portero,

1093 2162 549 136 qne de esto no se descuida,

1616 2218 84 106 con
