1753 2480
157 173 487 101 al fin una cierta noche,

202 233 500 91 Con un amigo gallardo,

146 285 521 87 à la hora que el filencio,

138 330 604 91 eſtá en ſu golfo enfroſcado,

140 392 494 79 ſe puſo calçon de ante,

198 431 488 87 Jubon, y coleto largo,

134 493 591 75 media blanca, y alpargata,

134 535 606 82 ſu capa, y ſombrero blanco;

132 584 605 73 tomando broquel, y eſpada.

177 632 608 87 Fuè al parage acoſtumbrado,

126 679 521 77 donde ſabia que eſtavan;

128 729 614 77 llegó, y aſſi les ha hablado:

124 785 518 76 picaros, viles traydores,

167 828 589 89 Que vilmente aveis obrado,

115 880 618 85 en darle muerte aquel moço,

115 932 608 80 mas yo à la vengança ſalgo,

121 985 538 73 y vengo porque me toca:

163 1037 471 72 Aora, vereis villanos,

111 1076 521 83 ſi aqui la razon me vale,

109 1128 471 70 la vereis en eſte braço;

107 1175 581 83 echando mano à ſu azero,

157 1225 547 77 Ellos tambien arrancaron

103 1273 539 80 ſus eſpadas ; mas à pocos

101 1328 541 73 movimientos ( caſo raro!)

103 1372 572 87 dió al mayor una eſtocada,

146 1419 639 93 Que el corazon le ha paſſado;

103 1473 488 74 y otro por la garganta

93 1521 665 80 le dió en forma, que quedaron

95 1578 452 77 difuntos ambos à dos,

150 1622 569 87 Y èlla fué paſſo entre paſſo

90 1665 453 83 á ſu fortuna principio

88 1721 550 79 lo de más valor, y dando

86 1769 430 78 à ſu caſa, y recogió

140 1829 496 72 A Cramona caminando,

84 1864 461 76 à las cinco de la tarde

82 1917 552 77 llegó, y eſtavan jugando

82 1969 457 74 en la calle à la pelota

134 2015 546 78 Quatro guapos alentados,

93 2066 746 85 pafsó, no quitandoſe el ſombrero,

74 2122 517 74 y uno dellos reparando,

80 2172 457 101 le dixo ſer deſcortés,

1000 183 488 98 Y todos ſe alborotaron,

942 254 600 74 metiendo mano à ſu eſpada

938 305 633 81 le dió que hacer un buen rato,

928 359 655 79 donde al fin mató un Alcalde,

983 411 592 87 Un Cochero, y un Lacayo:

936 452 531 81 quatro quedaron heridos,

934 510 568 68 y por ſer tantos contrarios

924 560 547 68 ſe eſcapó como èlla pudo,

915 605 554 72 mas fuè à uña de cavallo.

967 661 535 58 Albergóſe aquella noche

913 694 482 76 en una caſa de campo,

913 750 505 70 caminando à toda priſſa

911 803 581 67 con muchiſſimo cuydado.

959 845 657 89 Entró en Cuenca una mañana,

907 901 506 74 donde poſada buſcando,

907 954 478 62 allí eſtuvo quatro dias

905 996 564 76 donde una noche cenando,

952 1045 559 77 Llegaron dos Portugueſes

903 1093 527 78 junto à èlla ſe aſentaron,

901 1153 442 68 y al inſtante conoció

901 1196 572 72 que eran valientes lagartos,

948 1248 544 68 Les dixo : ſi eran fervidos

899 1293 574 77 de cenar, con que afetaron;

895 1353 527 60 comieron de lo que avia,

897 1397 525 68 y uno fuè deſvergonçado

932 1440 552 81 Con la Hueſpeda de caſa,

886 1498 600 72 con que les dixo: Payſanos,

888 1543 565 71 poco, á poco en el hablar,

890 1597 629 74 porque aunque no eſtè el amo,

932 1638 517 79 Baſtará que eſtè yo aqui,

888 1686 548 76 para que ſe haga mas caſo:

882 1736 498 70 Uno de éllos reſpondió,

878 1789 566 71 con muy grande deſacato;

926 1843 556 70 Cogió el plato de la meſa,

878 1884 581 73 y ſe lo metió en los caſcos:

872 1932 457 74 Al otro con una daga

874 1986 562 72 tres puñaladas le hdado;

915 2037 602 81 Conque ambos à dos fueron

872 2081 467 76 à cenar al otro barrio.

872 2130 533 87 De allí paſsó á Zaragoça,

864 2188 442 91 andandoſe paſſeando

1494 2234 79 115 Por
