1860 2629
54 280 1547 96 XACARA NUEVA, EN QUE SE REFIERE, Y DA

61 352 1537 105 cuenta de veinte muertes que una Donzella, llamada

61 427 1531 85 Doña Tereſa de Llanos, natural de la Cindad de Sevilla,

57 492 1533 106 ſiendo las primeras á dos hermanos ſuyos, por averle eſ¬

52 573 1555 73 torvado el caſarſe. Y tambien fe declara como ſe viſtió de

61 633 1544 120 hombre, y fue preſa, y ſentenciada à muerte, y ſe vió

239 716 1153 92 libre, por averſe deſcubierto que era muger,

489 782 675 122 y el dichoſo fin que tuyo.

65 1474 632 107 PReſtame ſilencio el mundo,

138 1533 634 92 mientras que voy explicando

46 1579 550 77 de una muger los arrojos,

50 1632 487 59 valentias, y deſgarros.

98 1678 542 83 En la Ciudad de Sevilla,

48 1719 526 81 cuyo circulo, y eſpacio

50 1774 500 75 adorna Febo con luzes

52 1831 498 75 de ſus eminentes rayos.

103 1873 605 74 Naciò de muy nobles Padres

48 1916 513 86 Doña Tereſa de Llanos,

48 1976 495 76 tan virtuoſa, y afable.

48 2024 574 68 como honeſta en ſu recato.

98 2076 557 75 La infandió, ſu corazon

48 2125 504 72 el valor mas arraſtr do,

48 2184 574 70 que ſe ha viſto en criatura,

54 2225 551 73 ni han oído los humanos.

103 2267 631 101 Murió ſu Padre, y ſu Madre,

848 1491 614 66 y en poder de dos Hermanos

835 1531 592 81 quedó, y viendoſe muger,

842 1583 616 75 de edad de unos veinte años;

894 1632 525 74 Por no ſujetarſe à nadie,

851 1678 465 81 procura tomar eſtado,

846 1732 546 73 con un moco bien nacido,

894 1783 542 63 Mas al fin ſe lo eſtorvaron

846 1833 522 68 ſus Hermanos, y le dizen

842 1884 522 78 con baſtantes amenazas,

844 1932 425 74 que ſi ſe caſa con èl,

892 1980 540 75 Han de procurar matarlo,

851 2035 607 72 porque no es à guſto de ellos;

844 2085 526 57 mas al fin lo executaron:

842 2129 517 77 la moça des que lo ſupo,

899 2182 623 76 Toma el Cielo con las manos,

848 2236 518 68 procura tomar venganga

842 2287 546 90 ella de ſus dos Hermanos:
