<?xml version="1.0" encoding="UTF-8"?>
<alto xmlns:xsi="http://www.w3.org/2001/XMLSchema-instance"
      xmlns="http://www.loc.gov/standards/alto/ns-v4#"
      xsi:schemaLocation="http://www.loc.gov/standards/alto/ns-v4# http://www.loc.gov/standards/alto/v4/alto-4-2.xsd">
  <Description>
    <MeasurementUnit>pixel</MeasurementUnit>
    <sourceImageInformation>
      <fileName>Varios_433_15.jpg</fileName>
      
    </sourceImageInformation>
  </Description>
  
  <Tags>
    <OtherTag ID="BT221" LABEL="CustomZone:impresorNum" DESCRIPTION="block type CustomZone:impresorNum"/><OtherTag ID="BT222" LABEL="CustomZone:numero_pliego" DESCRIPTION="block type CustomZone:numero_pliego"/><OtherTag ID="BT223" LABEL="CustomZone:title" DESCRIPTION="block type CustomZone:title"/><OtherTag ID="BT224" LABEL="GraphicZone:illustration" DESCRIPTION="block type GraphicZone:illustration"/><OtherTag ID="BT225" LABEL="GraphicZone:ornamentation" DESCRIPTION="block type GraphicZone:ornamentation"/><OtherTag ID="BT226" LABEL="MainZone" DESCRIPTION="block type MainZone"/><OtherTag ID="BT227" LABEL="MainZone:columns" DESCRIPTION="block type MainZone:columns"/><OtherTag ID="BT228" LABEL="MarginTextZone:colophon" DESCRIPTION="block type MarginTextZone:colophon"/><OtherTag ID="BT229" LABEL="MarginTextZone:note" DESCRIPTION="block type MarginTextZone:note"/><OtherTag ID="BT230" LABEL="MusicZone" DESCRIPTION="block type MusicZone"/><OtherTag ID="BT231" LABEL="NumberingZone:page" DESCRIPTION="block type NumberingZone:page"/><OtherTag ID="BT232" LABEL="QuireMarksZone:catchwords" DESCRIPTION="block type QuireMarksZone:catchwords"/><OtherTag ID="BT233" LABEL="QuireMarksZone:signature" DESCRIPTION="block type QuireMarksZone:signature"/><OtherTag ID="BT234" LABEL="RunningTitleZone" DESCRIPTION="block type RunningTitleZone"/>
    <OtherTag ID="LT81" LABEL="CustomLine:propriedad" DESCRIPTION="line type CustomLine:propriedad"/><OtherTag ID="LT82" LABEL="CustomLine:trailer" DESCRIPTION="line type CustomLine:trailer"/><OtherTag ID="LT83" LABEL="DefaultLine" DESCRIPTION="line type DefaultLine"/><OtherTag ID="LT84" LABEL="HeadingLine" DESCRIPTION="line type HeadingLine"/>
  </Tags>
  
  <Layout>
    <Page WIDTH="1657"
          HEIGHT="2298"
          PHYSICAL_IMG_NR="162"
          ID="eSc_dummypage_">
      <PrintSpace HPOS="0"
                  VPOS="0"
                  WIDTH="1657"
                  HEIGHT="2298">
        
        <TextBlock HPOS="692.0"
                   VPOS="82.0"
                   WIDTH="238.0"
                   HEIGHT="84.0"
                   ID="block_3"
                   TAGREFS="BT231">
          <Shape><Polygon POINTS="917 82 930 166 692 166 703 90"/></Shape>
          
          
          <TextLine ID="line_0"
                    TAGREFS="LT83"
                    BASELINE="733 139 892 144" 
                    HPOS="729.0"
                    VPOS="91.0"
                    WIDTH="161.0"
                    HEIGHT="66.0">
            <Shape><Polygon POINTS="731 137 729 153 886 157 890 143 888 91 787 103 731 97 731 137"/></Shape>
	    <String CONTENT="— 15—"
                    HPOS="729.0"
                    VPOS="91.0"
                    WIDTH="161.0"
                    HEIGHT="66.0"></String>
          </TextLine>

          
        </TextBlock>
        
        <TextBlock HPOS="74.0"
                   VPOS="141.0"
                   WIDTH="755.0"
                   HEIGHT="2049.0"
                   ID="block_0"
                   TAGREFS="BT227">
          <Shape><Polygon POINTS="810 168 829 2161 74 2190 74 141"/></Shape>
          
          
          <TextLine ID="line_29"
                    TAGREFS="LT83"
                    BASELINE="120 190 804 188" 
                    HPOS="118.0"
                    VPOS="178.0"
                    WIDTH="686.0"
                    HEIGHT="26.0">
            <Shape><Polygon POINTS="120 204 120 190 118 178 804 178 804 203"/></Shape>
	    <String CONTENT="como hubiese conocido en Santander á una her-"
                    HPOS="118.0"
                    VPOS="178.0"
                    WIDTH="686.0"
                    HEIGHT="26.0"></String>
          </TextLine>

          
          
          <TextLine ID="line_30"
                    TAGREFS="LT83"
                    BASELINE="120 229 804 227" 
                    HPOS="118.0"
                    VPOS="197.0"
                    WIDTH="686.0"
                    HEIGHT="51.0">
            <Shape><Polygon POINTS="120 229 118 204 476 199 477 199 542 204 559 205 576 204 645 197 646 197 761 204 771 205 804 205 804 243 789 242 772 241 763 242 738 247 735 247 716 242 709 241 691 242 638 247 636 247 626 242 623 241 614 242 582 248 581 248 530 242 517 242 466 248 465 248 429 242 421 242 394 248 392 248 379 242 196 242 185 248 182 248 120 242"/></Shape>
	    <String CONTENT="mana del Baron de Espinosa y trajese reco-"
                    HPOS="118.0"
                    VPOS="197.0"
                    WIDTH="686.0"
                    HEIGHT="51.0"></String>
          </TextLine>

          
          
          <TextLine ID="line_31"
                    TAGREFS="LT83"
                    BASELINE="120 265 804 267" 
                    HPOS="120.0"
                    VPOS="233.0"
                    WIDTH="684.0"
                    HEIGHT="52.0">
            <Shape><Polygon POINTS="120 233 200 241 231 234 233 234 260 241 477 236 541 234 542 234 554 236 585 243 804 243 804 285 120 285"/></Shape>
	    <String CONTENT="mendacion de ella, fué recibido con el mayor"
                    HPOS="120.0"
                    VPOS="233.0"
                    WIDTH="684.0"
                    HEIGHT="52.0"></String>
          </TextLine>

          
          
          <TextLine ID="line_32"
                    TAGREFS="LT83"
                    BASELINE="121 305 814 306" 
                    HPOS="121.0"
                    VPOS="274.0"
                    WIDTH="694.0"
                    HEIGHT="48.0">
            <Shape><Polygon POINTS="121 279 365 274 366 274 410 280 415 280 471 274 472 274 508 280 511 280 582 274 583 274 642 282 670 282 798 275 801 275 813 282 815 282 814 322 121 322"/></Shape>
	    <String CONTENT="agrado y distincion en casa del padre de Lola,"
                    HPOS="121.0"
                    VPOS="274.0"
                    WIDTH="694.0"
                    HEIGHT="48.0"></String>
          </TextLine>

          
          
          <TextLine ID="line_33"
                    TAGREFS="LT83"
                    BASELINE="122 342 814 344" 
                    HPOS="121.0"
                    VPOS="315.0"
                    WIDTH="694.0"
                    HEIGHT="50.0">
            <Shape><Polygon POINTS="122 342 122 316 707 321 729 320 793 315 795 315 811 320 815 321 814 365 523 365 522 363 463 357 429 357 153 362 152 362 121 354"/></Shape>
	    <String CONTENT="los cuales no tardaron en aficionarse mucho á"
                    HPOS="121.0"
                    VPOS="315.0"
                    WIDTH="694.0"
                    HEIGHT="50.0"></String>
          </TextLine>

          
          
          <TextLine ID="line_34"
                    TAGREFS="LT83"
                    BASELINE="121 381 814 383" 
                    HPOS="120.0"
                    VPOS="353.0"
                    WIDTH="695.0"
                    HEIGHT="46.0">
            <Shape><Polygon POINTS="121 381 121 353 779 353 815 359 814 399 120 398"/></Shape>
	    <String CONTENT="él, tanto por su despejo, talento y finura,"
                    HPOS="120.0"
                    VPOS="353.0"
                    WIDTH="695.0"
                    HEIGHT="46.0"></String>
          </TextLine>

          
          
          <TextLine ID="line_35"
                    TAGREFS="LT83"
                    BASELINE="126 422 814 424" 
                    HPOS="125.0"
                    VPOS="390.0"
                    WIDTH="690.0"
                    HEIGHT="51.0">
            <Shape><Polygon POINTS="126 422 126 390 183 398 208 391 210 391 341 398 401 391 416 391 440 398 457 393 459 391 462 391 473 393 513 398 624 394 664 393 665 393 674 394 696 399 716 394 726 393 728 393 753 395 799 399 815 399 814 441 125 439"/></Shape>
	    <String CONTENT="cuanto por el mucho afecto que él demostraba"
                    HPOS="125.0"
                    VPOS="390.0"
                    WIDTH="690.0"
                    HEIGHT="51.0"></String>
          </TextLine>

          
          
          <TextLine ID="line_1"
                    TAGREFS="LT83"
                    BASELINE="125 460 811 460" 
                    HPOS="125.0"
                    VPOS="430.0"
                    WIDTH="686.0"
                    HEIGHT="44.0">
            <Shape><Polygon POINTS="125 460 125 474 811 474 811 460 811 437 769 430 767 430 766 430 744 436 725 430 724 430 723 430 721 430 720 430 711 436 710 436 660 430 659 430 624 436 622 437 545 437 542 436 531 430 530 430 528 430 490 436 482 437 416 437 413 435 407 430 406 430 404 430 403 430 364 435 352 436 334 435 272 430 270 430 269 430 256 435 251 436 244 435 218 430 217 430 125 434 125 460"/></Shape>
	    <String CONTENT="á Lola y á su anciano padre. Sus visitas fueron"
                    HPOS="125.0"
                    VPOS="430.0"
                    WIDTH="686.0"
                    HEIGHT="44.0"></String>
          </TextLine>

          
          
          <TextLine ID="line_2"
                    TAGREFS="LT83"
                    BASELINE="123 497 813 501" 
                    HPOS="122.0"
                    VPOS="467.0"
                    WIDTH="691.0"
                    HEIGHT="55.0">
            <Shape><Polygon POINTS="123 497 122 517 435 514 445 517 458 520 459 520 461 522 461 520 462 520 475 517 485 514 503 517 534 520 535 520 567 517 582 514 594 515 624 522 626 522 738 515 743 515 757 522 758 522 760 522 812 514 813 501 813 478 779 469 778 469 776 469 716 477 711 477 706 477 665 469 664 469 576 476 565 476 563 476 539 468 537 468 536 468 535 468 534 468 523 474 522 476 516 474 473 468 472 468 471 468 454 474 450 476 430 474 353 467 352 467 351 467 330 473 325 474 123 472 123 497"/></Shape>
	    <String CONTENT="cada dia mas frecuentes, y tanta impresion"
                    HPOS="122.0"
                    VPOS="467.0"
                    WIDTH="691.0"
                    HEIGHT="55.0"></String>
          </TextLine>

          
          
          <TextLine ID="line_3"
                    TAGREFS="LT83"
                    BASELINE="123 540 813 540" 
                    HPOS="123.0"
                    VPOS="514.0"
                    WIDTH="690.0"
                    HEIGHT="43.0">
            <Shape><Polygon POINTS="123 540 123 557 813 552 813 540 813 517 123 514 123 540"/></Shape>
	    <String CONTENT="causó en su corazon la hermosura de la jóven"
                    HPOS="123.0"
                    VPOS="514.0"
                    WIDTH="690.0"
                    HEIGHT="43.0"></String>
          </TextLine>

          
          
          <TextLine ID="line_4"
                    TAGREFS="LT83"
                    BASELINE="125 579 813 579" 
                    HPOS="125.0"
                    VPOS="548.0"
                    WIDTH="688.0"
                    HEIGHT="53.0">
            <Shape><Polygon POINTS="125 600 171 593 212 593 218 598 218 600 219 600 221 600 222 600 231 598 273 593 287 598 291 600 292 600 293 600 295 600 298 598 309 593 350 593 355 597 356 598 356 600 357 600 358 600 360 600 361 600 369 597 380 593 389 597 396 600 397 600 398 600 774 593 776 593 793 600 794 600 795 601 795 600 797 600 813 592 813 579 813 555 794 548 793 548 792 548 790 548 789 548 783 555 771 548 770 548 769 548 767 548 751 555 742 555 599 548 597 548 574 554 564 555 554 552 531 548 530 548 528 548 512 552 503 555 499 552 495 548 494 548 493 548 491 548 470 552 452 555 433 551 415 548 413 548 412 548 404 551 393 555 371 551 357 548 356 548 355 548 348 551 337 555 330 550 328 548 327 548 325 548 214 548 213 548 204 548 149 555 126 548 125 579 125 600"/></Shape>
	    <String CONTENT="que no tardó en conocer que la amaba con cie-"
                    HPOS="125.0"
                    VPOS="548.0"
                    WIDTH="688.0"
                    HEIGHT="53.0"></String>
          </TextLine>

          
          
          <TextLine ID="line_40"
                    TAGREFS="LT83"
                    BASELINE="126 616 816 618" 
                    HPOS="125.0"
                    VPOS="592.0"
                    WIDTH="691.0"
                    HEIGHT="43.0">
            <Shape><Polygon POINTS="125 635 126 616 126 592 816 592 816 635"/></Shape>
	    <String CONTENT="go frenesí. Su pasion aumentaba cada dia mas"
                    HPOS="125.0"
                    VPOS="592.0"
                    WIDTH="691.0"
                    HEIGHT="43.0"></String>
          </TextLine>

          
          
          <TextLine ID="line_5"
                    TAGREFS="LT83"
                    BASELINE="129 660 812 657" 
                    HPOS="127.0"
                    VPOS="628.0"
                    WIDTH="685.0"
                    HEIGHT="51.0">
            <Shape><Polygon POINTS="129 660 129 679 168 672 809 672 812 657 809 631 206 628 205 628 127 634 129 660"/></Shape>
	    <String CONTENT="y no tuvo reparo en pedir al anciano Baron la"
                    HPOS="127.0"
                    VPOS="628.0"
                    WIDTH="685.0"
                    HEIGHT="51.0"></String>
          </TextLine>

          
          
          <TextLine ID="line_6"
                    TAGREFS="LT83"
                    BASELINE="136 695 814 697" 
                    HPOS="135.0"
                    VPOS="663.0"
                    WIDTH="680.0"
                    HEIGHT="49.0">
            <Shape><Polygon POINTS="815 670 783 663 781 663 740 671 739 671 711 663 710 663 709 663 619 670 609 663 608 663 606 663 518 663 517 663 516 663 514 663 514 665 508 670 507 671 498 670 461 665 459 665 458 665 447 670 444 671 442 670 431 663 430 663 429 663 427 663 426 663 411 670 406 671 396 670 365 663 364 663 362 663 339 668 329 671 306 668 254 663 252 663 218 668 198 671 136 668 136 695 135 712 814 708"/></Shape>
	    <String CONTENT="mano de su hija. Lola escuchó al principio"
                    HPOS="135.0"
                    VPOS="663.0"
                    WIDTH="680.0"
                    HEIGHT="49.0"></String>
          </TextLine>

          
          
          <TextLine ID="line_7"
                    TAGREFS="LT83"
                    BASELINE="129 732 814 736" 
                    HPOS="127.0"
                    VPOS="708.0"
                    WIDTH="688.0"
                    HEIGHT="41.0">
            <Shape><Polygon POINTS="815 708 129 708 129 732 127 749 814 749"/></Shape>
	    <String CONTENT="con indiferencia la pretension del Marqués,"
                    HPOS="127.0"
                    VPOS="708.0"
                    WIDTH="688.0"
                    HEIGHT="41.0"></String>
          </TextLine>

          
          
          <TextLine ID="line_8"
                    TAGREFS="LT83"
                    BASELINE="130 776 814 776" 
                    HPOS="130.0"
                    VPOS="745.0"
                    WIDTH="684.0"
                    HEIGHT="45.0">
            <Shape><Polygon POINTS="814 745 772 751 763 745 762 745 761 745 760 745 758 745 757 745 757 746 752 751 738 745 737 745 735 745 734 745 733 745 732 745 716 751 694 745 691 745 689 745 688 745 687 745 686 746 674 751 649 746 642 745 641 745 640 745 638 745 637 746 632 751 619 746 615 745 614 745 613 745 611 745 606 746 588 751 582 746 581 745 580 745 578 745 577 745 576 745 569 746 555 751 549 746 548 745 546 745 545 745 544 745 542 745 536 748 523 751 477 748 444 745 443 745 442 745 433 748 422 751 403 749 381 745 380 745 379 745 371 749 366 751 361 749 353 745 352 745 351 745 350 745 338 749 330 751 315 749 290 745 288 745 287 745 274 749 268 753 180 753 177 750 172 745 171 745 169 745 168 745 130 750 130 776 130 790 814 788"/></Shape>
	    <String CONTENT="porque vivamente impresionado todavía su"
                    HPOS="130.0"
                    VPOS="745.0"
                    WIDTH="684.0"
                    HEIGHT="45.0"></String>
          </TextLine>

          
          
          <TextLine ID="line_45"
                    TAGREFS="LT83"
                    BASELINE="130 814 819 814" 
                    HPOS="130.0"
                    VPOS="783.0"
                    WIDTH="689.0"
                    HEIGHT="48.0">
            <Shape><Polygon POINTS="130 790 214 783 217 783 240 790 242 791 357 791 360 790 373 783 375 783 439 788 458 790 484 788 559 783 560 783 688 787 774 790 819 790 819 830 130 831"/></Shape>
	    <String CONTENT="corazon con el amor de su querido Diego guar-"
                    HPOS="130.0"
                    VPOS="783.0"
                    WIDTH="689.0"
                    HEIGHT="48.0"></String>
          </TextLine>

          
          
          <TextLine ID="line_46"
                    TAGREFS="LT83"
                    BASELINE="130 852 819 852" 
                    HPOS="130.0"
                    VPOS="824.0"
                    WIDTH="689.0"
                    HEIGHT="48.0">
            <Shape><Polygon POINTS="130 824 819 827 819 872 130 870"/></Shape>
	    <String CONTENT="daba fielmente su memoria alimentando la es-"
                    HPOS="130.0"
                    VPOS="824.0"
                    WIDTH="689.0"
                    HEIGHT="48.0"></String>
          </TextLine>

          
          
          <TextLine ID="line_47"
                    TAGREFS="LT83"
                    BASELINE="132 892 817 892" 
                    HPOS="132.0"
                    VPOS="863.0"
                    WIDTH="685.0"
                    HEIGHT="51.0">
            <Shape><Polygon POINTS="132 869 175 863 177 863 199 869 265 863 268 863 292 869 431 863 433 863 468 869 499 863 502 863 523 870 604 870 618 863 620 863 700 869 778 863 817 863 817 912 724 907 679 906 647 907 580 912 578 912 546 908 531 906 514 908 480 914 479 914 433 908 408 906 378 908 321 914 320 914 132 908"/></Shape>
	    <String CONTENT="peranza de que un dia le volvería á ver. El"
                    HPOS="132.0"
                    VPOS="863.0"
                    WIDTH="685.0"
                    HEIGHT="51.0"></String>
          </TextLine>

          
          
          <TextLine ID="line_9"
                    TAGREFS="LT83"
                    BASELINE="134 933 817 930" 
                    HPOS="132.0"
                    VPOS="898.0"
                    WIDTH="685.0"
                    HEIGHT="53.0">
            <Shape><Polygon POINTS="816 907 735 907 735 906 726 898 725 898 724 898 723 898 721 898 693 906 692 907 583 907 581 906 567 898 565 898 564 898 563 898 539 906 535 906 532 906 504 898 503 898 502 898 500 898 480 906 473 907 463 905 436 900 435 900 370 905 339 907 315 905 272 900 270 900 132 903 134 933 134 947 696 951 697 951 698 951 700 951 710 944 712 944 752 951 753 951 755 951 756 951 756 949 762 944 817 944"/></Shape>
	    <String CONTENT="Marqués no desistió por esto de su empeño, an-"
                    HPOS="132.0"
                    VPOS="898.0"
                    WIDTH="685.0"
                    HEIGHT="53.0"></String>
          </TextLine>

          
          
          <TextLine ID="line_10"
                    TAGREFS="LT83"
                    BASELINE="135 971 826 971" 
                    HPOS="135.0"
                    VPOS="942.0"
                    WIDTH="691.0"
                    HEIGHT="44.0">
            <Shape><Polygon POINTS="135 971 135 986 826 986 826 971 825 948 778 942 776 942 775 942 774 942 766 948 765 948 720 942 719 942 717 942 716 942 709 948 705 948 670 942 669 942 642 947 636 948 629 947 609 942 608 942 606 942 605 942 604 942 604 943 599 947 597 948 594 947 578 942 577 942 576 942 551 947 540 949 489 949 486 946 482 943 482 942 481 942 480 942 479 942 416 946 356 948 135 943 135 971"/></Shape>
	    <String CONTENT="tes al contrario redobló sus instancias procu-"
                    HPOS="135.0"
                    VPOS="942.0"
                    WIDTH="691.0"
                    HEIGHT="44.0"></String>
          </TextLine>

          
          
          <TextLine ID="line_11"
                    TAGREFS="LT83"
                    BASELINE="135 1009 790 1012" 
                    HPOS="134.0"
                    VPOS="977.0"
                    WIDTH="656.0"
                    HEIGHT="54.0">
            <Shape><Polygon POINTS="135 1009 134 1021 175 1030 176 1030 339 1023 350 1030 351 1030 352 1030 353 1030 422 1025 462 1031 463 1031 465 1031 482 1025 505 1031 507 1031 508 1031 789 1023 790 1012 789 988 753 979 752 979 751 979 730 986 709 979 707 979 655 979 654 979 652 979 651 979 642 986 642 988 554 988 553 986 534 979 532 979 531 979 530 979 505 986 503 986 502 986 481 980 480 980 479 980 425 985 407 977 406 977 348 977 347 977 346 977 344 977 332 985 330 986 218 986 217 985 209 977 208 977 206 977 205 977 204 977 187 985 186 985 135 985 135 1009"/></Shape>
	    <String CONTENT="rando atraer á su partido el corazon de Lola."
                    HPOS="134.0"
                    VPOS="977.0"
                    WIDTH="656.0"
                    HEIGHT="54.0"></String>
          </TextLine>

          
          
          <TextLine ID="line_12"
                    TAGREFS="LT83"
                    BASELINE="168 1051 822 1049" 
                    HPOS="167.0"
                    VPOS="1018.0"
                    WIDTH="655.0"
                    HEIGHT="53.0">
            <Shape><Polygon POINTS="168 1051 168 1063 208 1069 209 1069 210 1069 227 1063 233 1062 241 1063 263 1068 264 1068 296 1063 309 1062 321 1063 358 1069 360 1069 361 1069 362 1069 370 1063 371 1063 379 1069 380 1069 381 1069 383 1071 417 1071 417 1069 476 1063 502 1060 523 1063 562 1068 563 1068 591 1063 599 1062 603 1063 617 1068 618 1068 619 1068 821 1062 822 1049 820 1027 677 1027 675 1026 660 1018 659 1018 657 1018 626 1025 519 1020 518 1020 517 1020 500 1025 491 1027 477 1025 457 1021 456 1021 436 1025 420 1027 360 1027 357 1023 352 1020 351 1020 350 1020 348 1020 328 1023 316 1026 301 1023 277 1020 275 1020 274 1020 264 1023 256 1026 254 1023 250 1020 249 1020 247 1020 246 1020 245 1020 231 1023 215 1027 209 1023 205 1020 204 1020 203 1020 201 1020 167 1022 168 1051"/></Shape>
	    <String CONTENT="El anciano Baron entre tanto sufria una pe-"
                    HPOS="167.0"
                    VPOS="1018.0"
                    WIDTH="655.0"
                    HEIGHT="53.0"></String>
          </TextLine>

          
          
          <TextLine ID="line_13"
                    TAGREFS="LT83"
                    BASELINE="137 1086 824 1090" 
                    HPOS="136.0"
                    VPOS="1057.0"
                    WIDTH="688.0"
                    HEIGHT="52.0">
            <Shape><Polygon POINTS="824 1083 818 1064 803 1059 802 1059 801 1059 646 1066 631 1066 629 1066 613 1059 611 1059 610 1059 609 1059 597 1066 596 1066 581 1066 472 1058 471 1058 411 1064 404 1064 401 1064 378 1058 376 1058 375 1058 374 1058 373 1058 366 1064 365 1064 347 1057 346 1057 344 1057 343 1057 327 1063 327 1064 270 1064 270 1063 264 1058 264 1057 263 1057 261 1057 260 1057 137 1062 137 1086 136 1101 338 1108 339 1108 341 1108 358 1101 366 1100 374 1101 402 1109 403 1109 404 1109 445 1101 452 1101 454 1101 473 1109 475 1109 476 1109 477 1109 496 1103 548 1109 549 1109 550 1109 574 1103 682 1103 691 1109 692 1109 693 1109 694 1109 824 1101"/></Shape>
	    <String CONTENT="nosa enfermedad que bien pronto le condujo"
                    HPOS="136.0"
                    VPOS="1057.0"
                    WIDTH="688.0"
                    HEIGHT="52.0"></String>
          </TextLine>

          
          
          <TextLine ID="line_14"
                    TAGREFS="LT83"
                    BASELINE="136 1128 824 1128" 
                    HPOS="824.0"
                    VPOS="1103.0"
                    WIDTH="6.0"
                    HEIGHT="39.0">
            <Shape><Polygon POINTS="824 1142 830 1142 830 1128 830 1104 826 1103 826 1128 824 1121"/></Shape>
	    <String CONTENT="al sepulcro. Durante este trance fatal supo el"
                    HPOS="824.0"
                    VPOS="1103.0"
                    WIDTH="6.0"
                    HEIGHT="39.0"></String>
          </TextLine>

          
          
          <TextLine ID="line_15"
                    TAGREFS="LT83"
                    BASELINE="136 1166 825 1169" 
                    HPOS="135.0"
                    VPOS="1136.0"
                    WIDTH="690.0"
                    HEIGHT="52.0">
            <Shape><Polygon POINTS="136 1166 135 1179 196 1187 198 1187 404 1180 417 1180 422 1180 493 1188 494 1188 824 1180 825 1169 822 1137 786 1143 680 1137 679 1137 632 1143 606 1137 605 1137 604 1137 521 1143 484 1136 480 1136 479 1136 475 1136 435 1142 337 1136 332 1136 330 1136 328 1136 270 1142 245 1136 244 1136 242 1136 241 1136 191 1142 136 1136 136 1166"/></Shape>
	    <String CONTENT="Marqués conducirse de tal modo, ya con su"
                    HPOS="135.0"
                    VPOS="1136.0"
                    WIDTH="690.0"
                    HEIGHT="52.0"></String>
          </TextLine>

          
          
          <TextLine ID="line_16"
                    TAGREFS="LT83"
                    BASELINE="139 1205 825 1207" 
                    HPOS="137.0"
                    VPOS="1174.0"
                    WIDTH="688.0"
                    HEIGHT="52.0">
            <Shape><Polygon POINTS="139 1205 137 1216 167 1225 168 1225 169 1226 246 1226 246 1225 247 1225 249 1225 258 1219 440 1225 442 1225 443 1225 467 1219 473 1225 475 1225 476 1225 477 1225 610 1220 665 1226 666 1226 668 1226 696 1220 758 1226 760 1226 761 1226 762 1226 771 1220 824 1220 825 1207 824 1183 734 1175 733 1175 689 1182 687 1182 686 1182 664 1175 663 1175 661 1175 620 1182 617 1182 608 1175 606 1175 605 1175 604 1175 541 1182 532 1182 530 1182 516 1175 514 1175 513 1175 486 1182 482 1182 480 1182 463 1174 462 1174 461 1174 429 1180 427 1182 378 1182 378 1180 370 1174 369 1174 367 1174 366 1174 139 1179 139 1205"/></Shape>
	    <String CONTENT="afectuosa solicitud, ya con sus desvelos y tier-"
                    HPOS="137.0"
                    VPOS="1174.0"
                    WIDTH="688.0"
                    HEIGHT="52.0"></String>
          </TextLine>

          
          
          <TextLine ID="line_17"
                    TAGREFS="LT83"
                    BASELINE="139 1247 824 1244" 
                    HPOS="137.0"
                    VPOS="1214.0"
                    WIDTH="687.0"
                    HEIGHT="53.0">
            <Shape><Polygon POINTS="139 1247 139 1262 245 1260 250 1262 259 1266 260 1266 261 1266 263 1266 279 1262 290 1260 302 1262 328 1266 329 1266 330 1266 332 1266 332 1265 335 1261 338 1260 348 1261 380 1266 381 1266 383 1266 397 1261 399 1260 401 1261 406 1265 406 1266 407 1266 408 1266 410 1267 480 1267 480 1266 587 1260 613 1258 628 1260 696 1265 697 1265 822 1257 824 1244 820 1216 652 1221 640 1217 624 1214 623 1214 622 1214 620 1214 610 1219 604 1221 592 1219 572 1214 571 1214 569 1214 568 1214 549 1219 540 1221 531 1219 509 1214 508 1214 507 1214 505 1214 504 1214 495 1220 493 1221 484 1220 456 1215 454 1215 453 1215 452 1215 443 1220 438 1224 393 1224 388 1221 373 1215 371 1215 370 1215 369 1215 356 1221 352 1224 261 1224 260 1223 249 1215 247 1215 246 1215 245 1215 137 1224 139 1247"/></Shape>
	    <String CONTENT="nos consuelos que prodigaba á Lola, que al fin"
                    HPOS="137.0"
                    VPOS="1214.0"
                    WIDTH="687.0"
                    HEIGHT="53.0"></String>
          </TextLine>

          
          
          <TextLine ID="line_18"
                    TAGREFS="LT83"
                    BASELINE="139 1285 824 1285" 
                    HPOS="139.0"
                    VPOS="1254.0"
                    WIDTH="685.0"
                    HEIGHT="50.0">
            <Shape><Polygon POINTS="139 1285 139 1304 824 1302 824 1285 822 1257 456 1261 453 1260 449 1256 449 1254 448 1254 447 1254 393 1254 392 1254 366 1260 360 1261 358 1260 351 1254 350 1254 348 1254 267 1254 265 1254 264 1254 263 1254 255 1261 254 1262 139 1262 139 1285"/></Shape>
	    <String CONTENT="esta, vencida, no sabia por que decidirse. Tres"
                    HPOS="139.0"
                    VPOS="1254.0"
                    WIDTH="685.0"
                    HEIGHT="50.0"></String>
          </TextLine>

          
          
          <TextLine ID="line_19"
                    TAGREFS="LT83"
                    BASELINE="139 1326 822 1322" 
                    HPOS="137.0"
                    VPOS="1291.0"
                    WIDTH="685.0"
                    HEIGHT="54.0">
            <Shape><Polygon POINTS="139 1326 139 1339 318 1339 319 1339 333 1345 334 1345 335 1345 337 1345 352 1339 353 1339 358 1339 399 1344 401 1344 402 1344 403 1344 408 1339 410 1337 416 1339 433 1344 434 1344 435 1345 578 1345 578 1344 580 1344 587 1340 594 1336 597 1340 600 1343 601 1343 603 1343 604 1343 822 1340 822 1322 820 1299 721 1291 720 1291 613 1298 590 1299 586 1298 568 1291 567 1291 565 1291 564 1291 563 1291 555 1298 554 1299 550 1298 527 1291 526 1291 525 1291 523 1291 508 1298 504 1299 488 1298 425 1291 424 1291 380 1298 360 1300 353 1298 343 1293 342 1293 341 1293 316 1298 301 1300 286 1298 263 1293 261 1293 137 1297 139 1326"/></Shape>
	    <String CONTENT="años habian cumplido ya desde que el generoso"
                    HPOS="137.0"
                    VPOS="1291.0"
                    WIDTH="685.0"
                    HEIGHT="54.0"></String>
          </TextLine>

          
          
          <TextLine ID="line_20"
                    TAGREFS="LT83"
                    BASELINE="139 1362 821 1364" 
                    HPOS="137.0"
                    VPOS="1331.0"
                    WIDTH="684.0"
                    HEIGHT="49.0">
            <Shape><Polygon POINTS="139 1362 137 1376 818 1380 821 1364 820 1340 347 1340 300 1332 293 1332 292 1332 288 1332 258 1339 233 1332 232 1332 231 1332 229 1332 217 1339 206 1332 205 1332 204 1332 203 1332 201 1332 186 1339 139 1331 139 1362"/></Shape>
	    <String CONTENT="Diego se separára de su lado para volar á los"
                    HPOS="137.0"
                    VPOS="1331.0"
                    WIDTH="684.0"
                    HEIGHT="49.0"></String>
          </TextLine>

          
          
          <TextLine ID="line_21"
                    TAGREFS="LT83"
                    BASELINE="139 1404 821 1404" 
                    HPOS="139.0"
                    VPOS="1373.0"
                    WIDTH="682.0"
                    HEIGHT="45.0">
            <Shape><Polygon POINTS="139 1404 139 1417 820 1418 821 1404 821 1381 780 1373 779 1373 778 1373 751 1380 735 1373 734 1373 733 1373 689 1380 688 1380 674 1373 673 1373 671 1373 627 1380 624 1380 623 1380 615 1373 614 1373 613 1373 611 1373 573 1380 568 1380 560 1380 496 1373 495 1373 494 1373 476 1380 472 1380 457 1378 380 1373 379 1373 378 1373 358 1378 353 1380 333 1378 265 1373 264 1373 263 1373 245 1378 237 1380 139 1378 139 1404"/></Shape>
	    <String CONTENT="brazos de su padre, y estos tres años habian"
                    HPOS="139.0"
                    VPOS="1373.0"
                    WIDTH="682.0"
                    HEIGHT="45.0"></String>
          </TextLine>

          
          
          <TextLine ID="line_22"
                    TAGREFS="LT83"
                    BASELINE="141 1442 822 1442" 
                    HPOS="141.0"
                    VPOS="1417.0"
                    WIDTH="681.0"
                    HEIGHT="39.0">
            <Shape><Polygon POINTS="141 1442 141 1456 822 1456 822 1442 821 1417 141 1417 141 1442"/></Shape>
	    <String CONTENT="sido tres siglos de angustias y tormentos para"
                    HPOS="141.0"
                    VPOS="1417.0"
                    WIDTH="681.0"
                    HEIGHT="39.0"></String>
          </TextLine>

          
          
          <TextLine ID="line_23"
                    TAGREFS="LT83"
                    BASELINE="143 1479 825 1482" 
                    HPOS="141.0"
                    VPOS="1454.0"
                    WIDTH="684.0"
                    HEIGHT="42.0">
            <Shape><Polygon POINTS="143 1479 141 1493 822 1496 825 1482 825 1456 143 1454 143 1479"/></Shape>
	    <String CONTENT="el tierno corazon de la enamorada jóven. Al fin,"
                    HPOS="141.0"
                    VPOS="1454.0"
                    WIDTH="684.0"
                    HEIGHT="42.0"></String>
          </TextLine>

          
          
          <TextLine ID="line_24"
                    TAGREFS="LT83"
                    BASELINE="143 1519 821 1521" 
                    HPOS="141.0"
                    VPOS="1488.0"
                    WIDTH="680.0"
                    HEIGHT="52.0">
            <Shape><Polygon POINTS="143 1519 141 1532 162 1539 163 1539 164 1539 297 1533 306 1533 309 1533 329 1539 330 1539 332 1539 378 1534 389 1533 398 1534 425 1539 426 1539 461 1535 480 1533 488 1535 503 1540 504 1540 505 1540 534 1535 548 1534 818 1539 821 1521 820 1498 767 1491 766 1491 765 1491 743 1497 726 1489 725 1489 724 1489 694 1496 670 1489 669 1489 668 1489 666 1489 665 1489 654 1497 652 1498 603 1498 601 1497 591 1489 590 1489 588 1489 587 1489 586 1489 565 1497 563 1497 555 1497 480 1489 479 1489 447 1496 435 1488 434 1488 433 1488 364 1488 362 1488 361 1488 360 1488 360 1489 352 1496 316 1488 315 1488 314 1488 284 1496 282 1496 278 1496 218 1488 217 1488 143 1494 143 1519"/></Shape>
	    <String CONTENT="considerando que Diego no volveria ya mas, y"
                    HPOS="141.0"
                    VPOS="1488.0"
                    WIDTH="680.0"
                    HEIGHT="52.0"></String>
          </TextLine>

          
          
          <TextLine ID="line_25"
                    TAGREFS="LT83"
                    BASELINE="143 1560 824 1560" 
                    HPOS="143.0"
                    VPOS="1529.0"
                    WIDTH="681.0"
                    HEIGHT="50.0">
            <Shape><Polygon POINTS="143 1575 822 1579 824 1560 824 1535 799 1529 798 1529 797 1529 795 1529 772 1535 771 1535 751 1529 749 1529 748 1529 747 1529 728 1535 726 1535 725 1535 712 1529 711 1529 710 1529 709 1529 696 1535 694 1535 682 1534 622 1529 620 1529 577 1533 555 1535 550 1533 541 1529 540 1529 539 1529 537 1529 536 1529 532 1533 528 1535 503 1533 468 1529 467 1529 466 1529 465 1529 459 1532 453 1537 310 1537 268 1530 256 1529 255 1529 241 1530 169 1535 144 1529 143 1560 143 1575"/></Shape>
	    <String CONTENT="despertándose en su corazon un sentimiento de"
                    HPOS="143.0"
                    VPOS="1529.0"
                    WIDTH="681.0"
                    HEIGHT="50.0"></String>
          </TextLine>

          
          
          <TextLine ID="line_26"
                    TAGREFS="LT83"
                    BASELINE="144 1597 824 1600" 
                    HPOS="143.0"
                    VPOS="1566.0"
                    WIDTH="681.0"
                    HEIGHT="52.0">
            <Shape><Polygon POINTS="144 1597 143 1609 162 1617 163 1617 164 1618 822 1618 824 1600 822 1575 697 1569 696 1569 694 1569 682 1574 678 1575 674 1574 659 1569 657 1569 656 1569 614 1574 599 1575 592 1574 572 1567 571 1567 569 1567 298 1572 268 1572 267 1572 258 1566 256 1566 255 1566 254 1566 144 1571 144 1597"/></Shape>
	    <String CONTENT="orgullo y coquetería empezó á concurrir á las"
                    HPOS="143.0"
                    VPOS="1566.0"
                    WIDTH="681.0"
                    HEIGHT="52.0"></String>
          </TextLine>

          
          
          <TextLine ID="line_27"
                    TAGREFS="LT83"
                    BASELINE="144 1636 825 1639" 
                    HPOS="143.0"
                    VPOS="1607.0"
                    WIDTH="682.0"
                    HEIGHT="51.0">
            <Shape><Polygon POINTS="144 1636 143 1653 244 1657 245 1657 259 1654 282 1650 292 1654 297 1657 298 1657 300 1657 311 1654 334 1650 392 1655 412 1657 413 1657 415 1657 419 1655 431 1650 436 1655 436 1657 438 1657 439 1657 555 1658 557 1658 558 1658 559 1658 560 1657 569 1652 627 1657 641 1658 642 1658 643 1658 647 1657 669 1652 725 1658 732 1658 733 1658 735 1658 769 1652 822 1658 825 1639 824 1614 144 1607 144 1636"/></Shape>
	    <String CONTENT="tertulias, bailes y teatros procurando de este"
                    HPOS="143.0"
                    VPOS="1607.0"
                    WIDTH="682.0"
                    HEIGHT="51.0"></String>
          </TextLine>

          
          
          <TextLine ID="line_28"
                    TAGREFS="LT83"
                    BASELINE="145 1678 825 1676" 
                    HPOS="144.0"
                    VPOS="1653.0"
                    WIDTH="681.0"
                    HEIGHT="46.0">
            <Shape><Polygon POINTS="145 1678 146 1699 175 1691 210 1697 212 1697 213 1697 227 1691 365 1691 371 1696 371 1697 373 1697 374 1697 375 1697 413 1691 448 1697 449 1697 450 1697 470 1697 548 1696 549 1696 550 1696 550 1695 557 1690 784 1696 792 1696 793 1696 794 1696 795 1696 806 1690 821 1696 825 1676 822 1653 144 1653 145 1678"/></Shape>
	    <String CONTENT="modo arrancar de su memoria el nombre de su"
                    HPOS="144.0"
                    VPOS="1653.0"
                    WIDTH="681.0"
                    HEIGHT="46.0"></String>
          </TextLine>

          
          
          <TextLine ID="line_68"
                    TAGREFS="LT83"
                    BASELINE="145 1714 827 1717" 
                    HPOS="144.0"
                    VPOS="1685.0"
                    WIDTH="683.0"
                    HEIGHT="47.0">
            <Shape><Polygon POINTS="145 1714 144 1729 825 1732 827 1717 826 1687 724 1694 687 1687 674 1686 673 1686 671 1686 663 1687 638 1694 605 1689 587 1686 586 1686 585 1686 583 1686 581 1689 574 1695 507 1695 498 1690 489 1685 488 1685 486 1685 335 1690 274 1692 252 1691 173 1685 172 1685 171 1685 145 1691 145 1714"/></Shape>
	    <String CONTENT="amante : por otra parte, no podia ver que el"
                    HPOS="144.0"
                    VPOS="1685.0"
                    WIDTH="683.0"
                    HEIGHT="47.0"></String>
          </TextLine>

          
          
          <TextLine ID="line_69"
                    TAGREFS="LT83"
                    BASELINE="145 1755 826 1755" 
                    HPOS="145.0"
                    VPOS="1726.0"
                    WIDTH="681.0"
                    HEIGHT="46.0">
            <Shape><Polygon POINTS="145 1755 145 1770 825 1772 826 1755 822 1726 145 1728 145 1755"/></Shape>
	    <String CONTENT="Marqués tributase sus obsequios á otra mujer"
                    HPOS="145.0"
                    VPOS="1726.0"
                    WIDTH="681.0"
                    HEIGHT="46.0"></String>
          </TextLine>

          
          
          <TextLine ID="line_70"
                    TAGREFS="LT83"
                    BASELINE="145 1797 827 1793" 
                    HPOS="144.0"
                    VPOS="1764.0"
                    WIDTH="683.0"
                    HEIGHT="52.0">
            <Shape><Polygon POINTS="145 1797 145 1810 278 1816 279 1816 281 1816 296 1811 302 1809 440 1809 449 1812 454 1815 456 1815 457 1815 458 1815 466 1812 475 1809 479 1812 481 1815 482 1815 484 1815 485 1815 509 1812 545 1809 577 1812 594 1815 595 1815 596 1815 597 1815 600 1812 608 1807 615 1814 617 1814 618 1814 619 1814 620 1814 623 1814 641 1807 758 1814 765 1814 766 1814 767 1814 783 1807 825 1814 827 1793 825 1772 609 1764 608 1764 606 1764 605 1764 595 1772 458 1765 457 1765 456 1765 454 1765 454 1766 448 1773 402 1773 371 1765 370 1765 307 1773 163 1768 162 1768 160 1768 144 1774 145 1797"/></Shape>
	    <String CONTENT="que á ella. Ultimamente empezó á reinar en"
                    HPOS="144.0"
                    VPOS="1764.0"
                    WIDTH="683.0"
                    HEIGHT="52.0"></String>
          </TextLine>

          
          
          <TextLine ID="line_71"
                    TAGREFS="LT83"
                    BASELINE="146 1833 825 1835" 
                    HPOS="146.0"
                    VPOS="1803.0"
                    WIDTH="679.0"
                    HEIGHT="50.0">
            <Shape><Polygon POINTS="146 1833 146 1851 164 1846 187 1851 195 1852 196 1853 404 1853 404 1852 406 1852 411 1849 419 1846 449 1849 488 1853 489 1853 490 1853 491 1853 496 1848 499 1847 563 1848 766 1853 767 1853 769 1853 770 1853 770 1852 776 1847 824 1847 825 1835 822 1805 788 1812 620 1812 609 1806 606 1805 605 1805 604 1805 603 1805 597 1806 580 1811 535 1806 517 1805 516 1805 485 1807 442 1810 436 1807 431 1803 430 1803 429 1803 427 1803 426 1803 425 1803 421 1807 417 1810 411 1807 402 1803 401 1803 399 1803 398 1803 388 1807 380 1810 369 1807 350 1803 348 1803 146 1809 146 1833"/></Shape>
	    <String CONTENT="su pensamiento el deseo de ser marquesa para"
                    HPOS="146.0"
                    VPOS="1803.0"
                    WIDTH="679.0"
                    HEIGHT="50.0"></String>
          </TextLine>

          
          
          <TextLine ID="line_72"
                    TAGREFS="LT83"
                    BASELINE="146 1874 827 1874" 
                    HPOS="146.0"
                    VPOS="1847.0"
                    WIDTH="681.0"
                    HEIGHT="45.0">
            <Shape><Polygon POINTS="146 1874 146 1892 206 1886 826 1892 827 1874 827 1848 146 1847 146 1874"/></Shape>
	    <String CONTENT="brillar mas y mas en la sociedad, y vencida"
                    HPOS="146.0"
                    VPOS="1847.0"
                    WIDTH="681.0"
                    HEIGHT="45.0"></String>
          </TextLine>

          
          
          <TextLine ID="line_73"
                    TAGREFS="LT83"
                    BASELINE="149 1913 830 1913" 
                    HPOS="149.0"
                    VPOS="1881.0"
                    WIDTH="681.0"
                    HEIGHT="50.0">
            <Shape><Polygon POINTS="826 1913 817 1889 746 1889 746 1888 739 1883 739 1881 738 1881 737 1881 735 1881 734 1881 711 1888 710 1889 656 1889 656 1888 650 1883 650 1881 649 1881 647 1881 646 1881 564 1888 553 1888 545 1888 498 1881 496 1881 470 1886 463 1888 456 1886 419 1881 361 1881 360 1881 358 1881 357 1881 352 1886 350 1888 342 1886 310 1881 309 1881 149 1885 149 1913 149 1929 829 1931 830 1913 830 1889 826 1889 826 1913"/></Shape>
	    <String CONTENT="por las reiteradas instancias del Marqués, con-"
                    HPOS="149.0"
                    VPOS="1881.0"
                    WIDTH="681.0"
                    HEIGHT="50.0"></String>
          </TextLine>

          
          
          <TextLine ID="line_74"
                    TAGREFS="LT83"
                    BASELINE="149 1952 827 1950" 
                    HPOS="148.0"
                    VPOS="1922.0"
                    WIDTH="679.0"
                    HEIGHT="46.0">
            <Shape><Polygon POINTS="149 1952 149 1968 826 1966 827 1950 825 1925 148 1922 149 1952"/></Shape>
	    <String CONTENT="sintió en unir su vida con él por medio del"
                    HPOS="148.0"
                    VPOS="1922.0"
                    WIDTH="679.0"
                    HEIGHT="46.0"></String>
          </TextLine>

          
          
          <TextLine ID="line_75"
                    TAGREFS="LT83"
                    BASELINE="150 1990 830 1992" 
                    HPOS="149.0"
                    VPOS="1960.0"
                    WIDTH="681.0"
                    HEIGHT="48.0">
            <Shape><Polygon POINTS="150 1990 149 2003 827 2008 830 1992 829 1969 771 1962 770 1962 698 1968 694 1968 693 1968 678 1962 677 1962 675 1962 674 1962 673 1962 666 1968 665 1969 588 1969 586 1968 569 1962 568 1962 567 1962 539 1968 536 1968 532 1968 511 1962 509 1962 508 1962 507 1962 491 1968 490 1968 488 1968 470 1960 468 1960 467 1960 466 1960 445 1967 415 1960 413 1960 150 1966 150 1990"/></Shape>
	    <String CONTENT="matrimonio, olvidando el solemne juramento"
                    HPOS="149.0"
                    VPOS="1960.0"
                    WIDTH="681.0"
                    HEIGHT="48.0"></String>
          </TextLine>

          
          
          <TextLine ID="line_76"
                    TAGREFS="LT83"
                    BASELINE="149 2033 830 2033" 
                    HPOS="149.0"
                    VPOS="2004.0"
                    WIDTH="681.0"
                    HEIGHT="50.0">
            <Shape><Polygon POINTS="826 2033 818 2010 712 2004 711 2004 661 2010 631 2004 629 2004 628 2004 627 2004 627 2005 620 2012 578 2012 559 2004 558 2004 557 2004 484 2010 427 2004 426 2004 367 2010 324 2004 323 2004 283 2010 267 2004 265 2004 264 2004 206 2010 166 2004 164 2004 163 2004 149 2010 149 2033 149 2054 199 2047 287 2054 288 2054 290 2054 310 2046 385 2046 410 2054 411 2054 412 2054 413 2054 431 2046 484 2046 495 2054 496 2054 498 2054 499 2054 500 2054 772 2046 829 2054 830 2033 830 2012 827 2010 826 2033"/></Shape>
	    <String CONTENT="que pronunciara para asegurar de su eterno y"
                    HPOS="149.0"
                    VPOS="2004.0"
                    WIDTH="681.0"
                    HEIGHT="50.0"></String>
          </TextLine>

          
          
          <TextLine ID="line_77"
                    TAGREFS="LT83"
                    BASELINE="148 2073 668 2073" 
                    HPOS="148.0"
                    VPOS="2041.0"
                    WIDTH="520.0"
                    HEIGHT="51.0">
            <Shape><Polygon POINTS="148 2073 148 2086 666 2092 668 2073 668 2049 580 2041 578 2041 577 2041 576 2041 568 2047 530 2041 528 2041 485 2047 482 2049 369 2049 369 2047 362 2042 362 2041 361 2041 360 2041 358 2041 328 2047 325 2047 324 2047 310 2041 309 2041 307 2041 306 2041 305 2041 296 2047 295 2047 278 2041 277 2041 275 2041 148 2046 148 2073"/></Shape>
	    <String CONTENT="constante amor á su querido Diego."
                    HPOS="148.0"
                    VPOS="2041.0"
                    WIDTH="520.0"
                    HEIGHT="51.0"></String>
          </TextLine>

          
          
          <TextLine ID="line_78"
                    TAGREFS="LT83"
                    BASELINE="181 2112 839 2112" 
                    HPOS="181.0"
                    VPOS="2079.0"
                    WIDTH="658.0"
                    HEIGHT="64.0">
            <Shape><Polygon POINTS="181 2112 182 2142 204 2130 240 2130 252 2140 252 2142 254 2142 255 2142 256 2143 315 2143 315 2142 316 2142 318 2142 319 2140 332 2130 357 2139 358 2139 360 2139 361 2139 376 2134 381 2139 384 2140 384 2142 385 2142 387 2142 388 2142 408 2139 461 2130 512 2138 544 2142 545 2142 601 2137 661 2130 684 2135 698 2138 700 2138 701 2138 712 2135 725 2132 733 2134 748 2142 749 2142 751 2142 752 2142 774 2134 786 2130 798 2134 817 2139 818 2139 820 2139 821 2139 839 2133 839 2112 839 2087 783 2079 781 2079 748 2086 747 2086 744 2086 723 2079 721 2079 720 2079 719 2079 717 2079 709 2086 707 2086 706 2086 689 2079 688 2079 687 2079 686 2079 666 2084 663 2086 652 2084 603 2079 601 2079 553 2084 532 2086 504 2083 447 2079 362 2079 361 2079 360 2079 358 2079 358 2080 356 2083 352 2086 181 2082 181 2112"/></Shape>
	    <String CONTENT="La fiesta se celebró con el mayor lucimiento"
                    HPOS="181.0"
                    VPOS="2079.0"
                    WIDTH="658.0"
                    HEIGHT="64.0"></String>
          </TextLine>

          
        </TextBlock>
        
        <TextBlock HPOS="824.0"
                   VPOS="174.0"
                   WIDTH="741.0"
                   HEIGHT="1989.0"
                   ID="block_2"
                   TAGREFS="BT227">
          <Shape><Polygon POINTS="1565 179 1565 2163 843 2163 824 174"/></Shape>
          
          
          <TextLine ID="eSc_line_694eb318"
                    TAGREFS="LT83"
                    BASELINE="828 188 1508 186" 
                    HPOS="828.0"
                    VPOS="151.0"
                    WIDTH="680.0"
                    HEIGHT="51.0">
            <Shape><Polygon POINTS="834 168 878 154 881 154 987 158 1045 151 1286 151 1329 162 1365 151 1369 151 1409 167 1414 168 1424 167 1464 159 1465 159 1506 167 1508 186 1507 201 828 202 828 171"/></Shape>
	    <String CONTENT="y regocijo. Lola que habia creido que con aque-"
                    HPOS="828.0"
                    VPOS="151.0"
                    WIDTH="680.0"
                    HEIGHT="51.0"></String>
          </TextLine>

          
          
          <TextLine ID="eSc_line_4c31abca"
                    TAGREFS="LT83"
                    BASELINE="828 227 1510 225" 
                    HPOS="828.0"
                    VPOS="197.0"
                    WIDTH="682.0"
                    HEIGHT="50.0">
            <Shape><Polygon POINTS="900 205 903 204 914 197 918 197 932 204 935 204 956 197 959 197 1027 204 1046 204 1134 197 1135 197 1507 204 1510 225 1508 241 844 247 843 247 828 246 828 205"/></Shape>
	    <String CONTENT="lla union y el afecto de su esposo acabaría de"
                    HPOS="828.0"
                    VPOS="197.0"
                    WIDTH="682.0"
                    HEIGHT="50.0"></String>
          </TextLine>

          
          
          <TextLine ID="eSc_line_93cebefc"
                    TAGREFS="LT83"
                    BASELINE="828 267 1511 269" 
                    HPOS="828.0"
                    VPOS="236.0"
                    WIDTH="683.0"
                    HEIGHT="49.0">
            <Shape><Polygon POINTS="834 243 843 238 849 236 852 236 935 240 1000 242 1033 236 1037 236 1043 241 1048 243 1085 241 1133 237 1241 237 1254 242 1259 243 1266 242 1289 237 1290 237 1321 242 1328 243 1351 243 1474 237 1475 237 1510 245 1511 269 1510 285 828 285 828 243"/></Shape>
	    <String CONTENT="olvidar para siempre á Diego, vió con terrible"
                    HPOS="828.0"
                    VPOS="236.0"
                    WIDTH="683.0"
                    HEIGHT="49.0"></String>
          </TextLine>

          
          
          <TextLine ID="eSc_line_8e0ba7b1"
                    TAGREFS="LT83"
                    BASELINE="833 307 1511 308" 
                    HPOS="833.0"
                    VPOS="277.0"
                    WIDTH="678.0"
                    HEIGHT="44.0">
            <Shape><Polygon POINTS="836 282 1069 277 1070 277 1142 283 1157 283 1189 277 1191 277 1211 283 1213 284 1345 284 1346 283 1366 277 1370 277 1391 283 1393 283 1447 277 1448 277 1510 284 1511 308 1510 321 833 321 834 282"/></Shape>
	    <String CONTENT="amargura que ahora mas que nunca se levan-"
                    HPOS="833.0"
                    VPOS="277.0"
                    WIDTH="678.0"
                    HEIGHT="44.0"></String>
          </TextLine>

          
          
          <TextLine ID="eSc_line_6b346634"
                    TAGREFS="LT83"
                    BASELINE="833 345 1512 347" 
                    HPOS="833.0"
                    VPOS="316.0"
                    WIDTH="679.0"
                    HEIGHT="49.0">
            <Shape><Polygon POINTS="853 316 854 316 878 321 887 324 1036 324 1038 322 1050 316 1052 316 1107 322 1108 322 1125 316 1128 316 1200 324 1232 324 1456 317 1457 317 1512 326 1512 347 1511 365 833 365 834 320"/></Shape>
	    <String CONTENT="taba en su corazon el grito amenazador é im-"
                    HPOS="833.0"
                    VPOS="316.0"
                    WIDTH="679.0"
                    HEIGHT="49.0"></String>
          </TextLine>

          
          
          <TextLine ID="eSc_line_cdc9eb41"
                    TAGREFS="LT83"
                    BASELINE="833 384 1512 386" 
                    HPOS="833.0"
                    VPOS="354.0"
                    WIDTH="679.0"
                    HEIGHT="46.0">
            <Shape><Polygon POINTS="1108 354 1138 354 1172 361 1510 356 1512 386 1510 400 833 399 834 360"/></Shape>
	    <String CONTENT="ponente de su fé perjura, de su promesa viola-"
                    HPOS="833.0"
                    VPOS="354.0"
                    WIDTH="679.0"
                    HEIGHT="46.0"></String>
          </TextLine>

          
          
          <TextLine ID="eSc_line_d2b9c3cd"
                    TAGREFS="LT83"
                    BASELINE="833 424 1511 426" 
                    HPOS="833.0"
                    VPOS="393.0"
                    WIDTH="678.0"
                    HEIGHT="50.0">
            <Shape><Polygon POINTS="898 397 1005 393 1006 393 1030 397 1050 402 1163 402 1168 398 1177 394 1180 394 1409 400 1434 400 1479 394 1481 394 1511 402 1511 426 1508 443 833 441 834 398"/></Shape>
	    <String CONTENT="da, y que el nombre de Diego ocurria á todas"
                    HPOS="833.0"
                    VPOS="393.0"
                    WIDTH="678.0"
                    HEIGHT="50.0"></String>
          </TextLine>

          
          
          <TextLine ID="line_36"
                    TAGREFS="LT83"
                    BASELINE="831 462 1513 464" 
                    HPOS="830.0"
                    VPOS="431.0"
                    WIDTH="683.0"
                    HEIGHT="47.0">
            <Shape><Polygon POINTS="831 462 830 478 1512 478 1513 464 1513 441 1306 434 1305 434 1278 437 1258 440 1252 436 1245 434 1244 434 1243 434 1227 436 1209 440 1183 436 1161 432 1160 432 1143 435 1122 439 1099 435 1085 432 1084 432 1074 434 1053 440 890 440 831 431 831 462"/></Shape>
	    <String CONTENT="horas á su memoria. Mil fantasmas se levanta-"
                    HPOS="830.0"
                    VPOS="431.0"
                    WIDTH="683.0"
                    HEIGHT="47.0"></String>
          </TextLine>

          
          
          <TextLine ID="line_37"
                    TAGREFS="LT83"
                    BASELINE="826 501 1515 504" 
                    HPOS="825.0"
                    VPOS="472.0"
                    WIDTH="690.0"
                    HEIGHT="52.0">
            <Shape><Polygon POINTS="826 501 825 515 840 523 841 523 843 523 844 523 845 523 854 517 867 523 868 523 870 523 1034 517 1061 517 1071 518 1110 523 1111 523 1134 518 1144 517 1152 519 1168 524 1170 524 1171 524 1204 519 1217 518 1235 520 1272 524 1273 524 1292 520 1308 518 1512 523 1515 504 1515 481 1474 473 1473 473 1328 480 1317 480 1315 480 1308 473 1306 473 1305 473 1195 473 1194 473 1193 473 1174 480 1170 480 1166 480 1131 472 1130 472 1129 472 1115 478 1111 478 935 472 933 472 826 477 826 501"/></Shape>
	    <String CONTENT="ban de contínuo ante su imaginacion pidién-"
                    HPOS="825.0"
                    VPOS="472.0"
                    WIDTH="690.0"
                    HEIGHT="52.0"></String>
          </TextLine>

          
          
          <TextLine ID="line_38"
                    TAGREFS="LT83"
                    BASELINE="831 541 1516 543" 
                    HPOS="830.0"
                    VPOS="509.0"
                    WIDTH="686.0"
                    HEIGHT="54.0">
            <Shape><Polygon POINTS="831 541 830 552 880 561 881 561 1024 555 1050 555 1056 556 1082 561 1083 563 1515 563 1516 543 1515 519 1421 511 1420 511 1388 517 1373 519 1370 517 1368 513 1366 513 1366 511 1365 511 1364 511 1328 511 1327 511 1301 515 1278 519 1271 515 1266 511 1264 511 1263 511 1262 511 1245 514 1223 519 1212 514 1206 511 1204 511 1203 511 1174 514 1120 518 1114 513 1111 510 1110 510 1108 510 1065 510 1064 510 1062 510 1057 511 1041 518 1033 511 1032 510 1030 510 1029 510 1028 510 1027 510 1024 511 1010 519 900 519 831 509 831 541"/></Shape>
	    <String CONTENT="dole cuenta de su juramento y quería entrever"
                    HPOS="830.0"
                    VPOS="509.0"
                    WIDTH="686.0"
                    HEIGHT="54.0"></String>
          </TextLine>

          
          
          <TextLine ID="line_39"
                    TAGREFS="LT83"
                    BASELINE="830 579 1516 582" 
                    HPOS="829.0"
                    VPOS="550.0"
                    WIDTH="687.0"
                    HEIGHT="50.0">
            <Shape><Polygon POINTS="843 579 835 556 830 556 830 579 829 592 890 600 891 600 1515 598 1516 582 1513 554 1379 559 1369 554 1363 551 1361 551 1360 551 1359 551 1351 554 1340 559 1304 554 1278 551 1277 551 1276 551 1275 551 1271 555 1264 560 1202 560 1189 555 1174 550 1172 550 1171 550 1108 555 1080 557 1075 555 1062 550 1061 550 1000 550 999 550 965 556 956 557 953 556 936 550 935 550 933 550 932 550 931 550 931 551 924 556 923 557 918 556 890 551 889 551 850 555 843 579"/></Shape>
	    <String CONTENT="en sueños el rostro pálido y terrible de su ama-"
                    HPOS="829.0"
                    VPOS="550.0"
                    WIDTH="687.0"
                    HEIGHT="50.0"></String>
          </TextLine>

          
          
          <TextLine ID="eSc_line_fa96fd3a"
                    TAGREFS="LT83"
                    BASELINE="833 618 1516 620" 
                    HPOS="833.0"
                    VPOS="592.0"
                    WIDTH="683.0"
                    HEIGHT="42.0">
            <Shape><Polygon POINTS="836 592 1515 592 1516 620 1515 634 833 634 834 600"/></Shape>
	    <String CONTENT="do D. Diego echándole en cara su infidelidad."
                    HPOS="833.0"
                    VPOS="592.0"
                    WIDTH="683.0"
                    HEIGHT="42.0"></String>
          </TextLine>

          
          
          <TextLine ID="line_41"
                    TAGREFS="LT83"
                    BASELINE="838 658 1517 660" 
                    HPOS="834.0"
                    VPOS="634.0"
                    WIDTH="4.0"
                    HEIGHT="40.0">
            <Shape><Polygon POINTS="838 634 835 634 835 658 834 674 838 674"/></Shape>
	    <String CONTENT="Aquel matrimonio, lejos de hacerla feliz, vino"
                    HPOS="834.0"
                    VPOS="634.0"
                    WIDTH="4.0"
                    HEIGHT="40.0"></String>
          </TextLine>

          
          
          <TextLine ID="line_42"
                    TAGREFS="LT83"
                    BASELINE="838 698 1517 695" 
                    HPOS="825.0"
                    VPOS="672.0"
                    WIDTH="13.0"
                    HEIGHT="40.0">
            <Shape><Polygon POINTS="838 672 825 676 826 698 826 712 838 712"/></Shape>
	    <String CONTENT="á labrar su eterna desventura envolviendo en"
                    HPOS="825.0"
                    VPOS="672.0"
                    WIDTH="13.0"
                    HEIGHT="40.0"></String>
          </TextLine>

          
          
          <TextLine ID="line_43"
                    TAGREFS="LT83"
                    BASELINE="838 736 1520 737" 
                    HPOS="824.0"
                    VPOS="712.0"
                    WIDTH="14.0"
                    HEIGHT="40.0">
            <Shape><Polygon POINTS="838 712 825 713 825 736 824 748 838 752"/></Shape>
	    <String CONTENT="su ruina á su querido amante. El Marqués se"
                    HPOS="824.0"
                    VPOS="712.0"
                    WIDTH="14.0"
                    HEIGHT="40.0"></String>
          </TextLine>

          
          
          <TextLine ID="line_44"
                    TAGREFS="LT83"
                    BASELINE="838 776 1521 776" 
                    HPOS="831.0"
                    VPOS="754.0"
                    WIDTH="7.0"
                    HEIGHT="34.0">
            <Shape><Polygon POINTS="838 754 831 754 831 776 831 788 838 788"/></Shape>
	    <String CONTENT="esforzaba con el mas tierno afecto en hacer di-"
                    HPOS="831.0"
                    VPOS="754.0"
                    WIDTH="7.0"
                    HEIGHT="34.0"></String>
          </TextLine>

          
          
          <TextLine ID="eSc_line_77d0bf79"
                    TAGREFS="LT83"
                    BASELINE="838 814 1521 814" 
                    HPOS="838.0"
                    VPOS="783.0"
                    WIDTH="683.0"
                    HEIGHT="46.0">
            <Shape><Polygon POINTS="1520 783 1521 814 1521 828 838 829 838 789"/></Shape>
	    <String CONTENT="chosa á Lola, y ésta aun que sufria un horrible"
                    HPOS="838.0"
                    VPOS="783.0"
                    WIDTH="683.0"
                    HEIGHT="46.0"></String>
          </TextLine>

          
          
          <TextLine ID="eSc_line_014c1a70"
                    TAGREFS="LT83"
                    BASELINE="838 852 1522 852" 
                    HPOS="838.0"
                    VPOS="828.0"
                    WIDTH="684.0"
                    HEIGHT="46.0">
            <Shape><Polygon POINTS="1522 831 1522 852 1521 874 838 872 838 828"/></Shape>
	    <String CONTENT="martirio, callaba y padecía en secreto procu-"
                    HPOS="838.0"
                    VPOS="828.0"
                    WIDTH="684.0"
                    HEIGHT="46.0"></String>
          </TextLine>

          
          
          <TextLine ID="eSc_line_211f4be4"
                    TAGREFS="LT83"
                    BASELINE="849 892 1524 892" 
                    HPOS="849.0"
                    VPOS="863.0"
                    WIDTH="675.0"
                    HEIGHT="52.0">
            <Shape><Polygon POINTS="940 863 967 869 1002 863 1004 863 1372 869 1404 863 1406 863 1420 870 1524 870 1524 905 1430 914 1429 914 1386 906 1382 906 1294 914 1291 914 1260 906 1258 906 1239 914 1237 914 1237 915 1027 915 1025 914 959 907 946 906 932 907 867 914 866 914 849 913 849 863"/></Shape>
	    <String CONTENT="rando ocultar el verdadero estado de su co-"
                    HPOS="849.0"
                    VPOS="863.0"
                    WIDTH="675.0"
                    HEIGHT="52.0"></String>
          </TextLine>

          
          
          <TextLine ID="line_48"
                    TAGREFS="LT83"
                    BASELINE="849 931 947 934" 
                    HPOS="834.0"
                    VPOS="908.0"
                    WIDTH="15.0"
                    HEIGHT="41.0">
            <Shape><Polygon POINTS="849 908 835 908 835 931 834 949 848 949"/></Shape>
	    <String CONTENT="razon."
                    HPOS="834.0"
                    VPOS="908.0"
                    WIDTH="15.0"
                    HEIGHT="41.0"></String>
          </TextLine>

          
          
          <TextLine ID="line_49"
                    TAGREFS="LT83"
                    BASELINE="870 974 1525 974" 
                    HPOS="870.0"
                    VPOS="943.0"
                    WIDTH="655.0"
                    HEIGHT="52.0">
            <Shape><Polygon POINTS="870 974 870 991 979 988 1019 993 1032 994 1033 994 1041 993 1064 988 1161 993 1183 994 1184 994 1185 994 1189 993 1212 988 1223 994 1225 994 1226 994 1227 994 1234 994 1275 988 1299 994 1301 994 1303 994 1304 994 1305 994 1306 994 1318 988 1336 994 1337 994 1338 994 1340 994 1341 994 1342 994 1366 988 1395 994 1397 994 1398 994 1401 994 1439 988 1450 994 1451 994 1452 994 1453 995 1525 995 1525 974 1524 943 870 946 870 974"/></Shape>
	    <String CONTENT="Mientras que Lola y el Marqués nadaban en"
                    HPOS="870.0"
                    VPOS="943.0"
                    WIDTH="655.0"
                    HEIGHT="52.0"></String>
          </TextLine>

          
          
          <TextLine ID="line_50"
                    TAGREFS="LT83"
                    BASELINE="841 1013 1526 1011" 
                    HPOS="840.0"
                    VPOS="980.0"
                    WIDTH="686.0"
                    HEIGHT="51.0">
            <Shape><Polygon POINTS="841 1013 841 1027 1524 1031 1526 1011 1524 989 1425 981 1424 981 1387 988 1386 988 1384 988 1377 980 1375 980 1374 980 1373 980 1372 980 1354 986 1312 980 1310 980 1309 980 1291 986 1289 988 1282 986 1236 980 1235 980 1189 986 1167 989 840 985 841 1013"/></Shape>
	    <String CONTENT="la opulencia, en la comodidad, el lujo y el re-"
                    HPOS="840.0"
                    VPOS="980.0"
                    WIDTH="686.0"
                    HEIGHT="51.0"></String>
          </TextLine>

          
          
          <TextLine ID="line_51"
                    TAGREFS="LT83"
                    BASELINE="840 1050 1527 1051" 
                    HPOS="838.0"
                    VPOS="1026.0"
                    WIDTH="2.0"
                    HEIGHT="42.0">
            <Shape><Polygon POINTS="840 1026 839 1026 839 1050 838 1067 840 1068"/></Shape>
	    <String CONTENT="galo, D. Diego y su fiel criado labraban la tier-"
                    HPOS="838.0"
                    VPOS="1026.0"
                    WIDTH="2.0"
                    HEIGHT="42.0"></String>
          </TextLine>

          
          
          <TextLine ID="line_52"
                    TAGREFS="LT83"
                    BASELINE="841 1091 1527 1091" 
                    HPOS="841.0"
                    VPOS="1062.0"
                    WIDTH="686.0"
                    HEIGHT="43.0">
            <Shape><Polygon POINTS="841 1091 841 1105 1527 1105 1527 1091 1527 1069 1427 1062 1425 1062 1424 1062 1410 1068 1409 1068 1375 1062 1374 1062 1373 1062 1372 1062 1364 1068 1349 1062 1347 1062 1346 1062 1309 1068 1308 1068 1301 1063 1301 1062 1300 1062 1299 1062 1298 1062 1258 1068 1252 1068 1243 1068 1184 1062 1183 1062 1181 1062 1180 1062 1174 1067 1171 1068 1166 1067 1128 1062 1126 1062 1125 1062 1103 1067 1098 1068 1092 1067 1062 1062 1061 1062 1060 1062 1046 1067 1041 1068 1036 1067 1014 1062 1013 1062 1011 1062 841 1066 841 1091"/></Shape>
	    <String CONTENT="ra regándola con el copioso sudor de su abrasa-"
                    HPOS="841.0"
                    VPOS="1062.0"
                    WIDTH="686.0"
                    HEIGHT="43.0"></String>
          </TextLine>

          
          
          <TextLine ID="line_53"
                    TAGREFS="LT83"
                    BASELINE="840 1129 1529 1129" 
                    HPOS="836.0"
                    VPOS="1105.0"
                    WIDTH="4.0"
                    HEIGHT="41.0">
            <Shape><Polygon POINTS="840 1105 836 1105 836 1129 836 1146 840 1146"/></Shape>
	    <String CONTENT="da frente á fin de hacerla producir algunas"
                    HPOS="836.0"
                    VPOS="1105.0"
                    WIDTH="4.0"
                    HEIGHT="41.0"></String>
          </TextLine>

          
          
          <TextLine ID="line_54"
                    TAGREFS="LT83"
                    BASELINE="845 1169 1527 1166" 
                    HPOS="844.0"
                    VPOS="1137.0"
                    WIDTH="683.0"
                    HEIGHT="47.0">
            <Shape><Polygon POINTS="845 1169 845 1184 1526 1183 1527 1166 1525 1146 1424 1146 1411 1137 1410 1137 1409 1137 1407 1137 1406 1137 1383 1145 1328 1137 1327 1137 1277 1143 1252 1137 1250 1137 1249 1137 1248 1137 1225 1145 1189 1137 1188 1137 1186 1137 1166 1146 1157 1138 1156 1138 1154 1138 1153 1138 991 1146 905 1138 904 1138 903 1138 881 1146 868 1138 867 1138 866 1138 864 1138 863 1138 844 1146 845 1169"/></Shape>
	    <String CONTENT="yerbas que eran su único sustento. Tres años"
                    HPOS="844.0"
                    VPOS="1137.0"
                    WIDTH="683.0"
                    HEIGHT="47.0"></String>
          </TextLine>

          
          
          <TextLine ID="line_55"
                    TAGREFS="LT83"
                    BASELINE="841 1207 1526 1209" 
                    HPOS="840.0"
                    VPOS="1178.0"
                    WIDTH="686.0"
                    HEIGHT="50.0">
            <Shape><Polygon POINTS="841 1207 840 1220 861 1228 862 1228 863 1228 1525 1224 1526 1209 1525 1186 1460 1178 1458 1178 1457 1178 1439 1184 1438 1184 1437 1184 1425 1178 1424 1178 1423 1178 1379 1183 1368 1184 1335 1183 1244 1178 1243 1178 1223 1182 1209 1184 1202 1182 1194 1178 1193 1178 1191 1178 1143 1180 1083 1184 1056 1179 1045 1178 1043 1178 1019 1179 947 1184 841 1178 841 1207"/></Shape>
	    <String CONTENT="habian cumplido ya en aquella tierra desierta,"
                    HPOS="840.0"
                    VPOS="1178.0"
                    WIDTH="686.0"
                    HEIGHT="50.0"></String>
          </TextLine>

          
          
          <TextLine ID="line_56"
                    TAGREFS="LT83"
                    BASELINE="844 1247 1529 1248" 
                    HPOS="843.0"
                    VPOS="1216.0"
                    WIDTH="686.0"
                    HEIGHT="49.0">
            <Shape><Polygon POINTS="844 1247 843 1262 1526 1265 1529 1248 1527 1216 1484 1216 1483 1216 1481 1216 1480 1216 1480 1217 1473 1224 1420 1216 1411 1216 1410 1216 1404 1217 1364 1224 1326 1217 1321 1217 1319 1217 1314 1217 1282 1224 1268 1219 1262 1216 1260 1216 1259 1216 1258 1216 1250 1219 1236 1224 1229 1219 1227 1217 1226 1217 1225 1217 1223 1217 1214 1219 1195 1224 1190 1219 1188 1217 1188 1216 1186 1216 1185 1216 1184 1216 992 1221 899 1224 895 1223 878 1216 877 1216 876 1216 875 1216 873 1216 873 1217 867 1223 866 1224 844 1224 844 1247"/></Shape>
	    <String CONTENT="espuestos á la inclemencia de los tiempos, á"
                    HPOS="843.0"
                    VPOS="1216.0"
                    WIDTH="686.0"
                    HEIGHT="49.0"></String>
          </TextLine>

          
          
          <TextLine ID="line_57"
                    TAGREFS="LT83"
                    BASELINE="845 1285 1525 1288" 
                    HPOS="844.0"
                    VPOS="1254.0"
                    WIDTH="681.0"
                    HEIGHT="52.0">
            <Shape><Polygon POINTS="845 1285 844 1302 1522 1306 1525 1288 1524 1262 845 1254 845 1285"/></Shape>
	    <String CONTENT="las privaciones, á la miseria y á la desnudez,"
                    HPOS="844.0"
                    VPOS="1254.0"
                    WIDTH="681.0"
                    HEIGHT="52.0"></String>
          </TextLine>

          
          
          <TextLine ID="line_58"
                    TAGREFS="LT83"
                    BASELINE="845 1327 1530 1327" 
                    HPOS="845.0"
                    VPOS="1302.0"
                    WIDTH="685.0"
                    HEIGHT="43.0">
            <Shape><Polygon POINTS="845 1327 845 1344 1529 1345 1530 1327 1530 1302 845 1302 845 1327"/></Shape>
	    <String CONTENT="y el único pensamiento de D. Diego en medio"
                    HPOS="845.0"
                    VPOS="1302.0"
                    WIDTH="685.0"
                    HEIGHT="43.0"></String>
          </TextLine>

          
          
          <TextLine ID="line_59"
                    TAGREFS="LT83"
                    BASELINE="847 1367 1529 1364" 
                    HPOS="845.0"
                    VPOS="1337.0"
                    WIDTH="684.0"
                    HEIGHT="46.0">
            <Shape><Polygon POINTS="847 1367 847 1382 1526 1383 1529 1364 1526 1339 845 1337 847 1367"/></Shape>
	    <String CONTENT="de tantas desgracias era su querida Lola; su"
                    HPOS="845.0"
                    VPOS="1337.0"
                    WIDTH="684.0"
                    HEIGHT="46.0"></String>
          </TextLine>

          
          
          <TextLine ID="line_60"
                    TAGREFS="LT83"
                    BASELINE="849 1405 1531 1405" 
                    HPOS="849.0"
                    VPOS="1374.0"
                    WIDTH="682.0"
                    HEIGHT="53.0">
            <Shape><Polygon POINTS="849 1405 849 1418 863 1426 864 1426 866 1427 953 1427 953 1426 954 1426 955 1426 965 1419 1032 1426 1033 1426 1034 1426 1053 1419 1078 1426 1079 1426 1080 1426 1117 1419 1163 1426 1165 1426 1166 1426 1189 1419 1231 1426 1232 1426 1234 1426 1257 1419 1483 1426 1484 1426 1531 1418 1531 1405 1531 1383 1430 1383 1429 1382 1419 1374 1418 1374 1416 1374 1415 1374 1377 1382 1373 1383 1266 1383 1263 1381 1246 1374 1245 1374 1244 1374 1243 1374 1229 1381 1226 1383 1156 1383 1154 1381 1148 1376 1148 1374 1147 1374 1145 1374 1069 1374 1068 1374 1066 1374 1052 1380 1047 1382 1033 1380 1000 1374 999 1374 997 1374 978 1380 967 1382 955 1380 932 1374 931 1374 930 1374 913 1380 901 1382 849 1380 849 1405"/></Shape>
	    <String CONTENT="corazon alentaba solo por ella en aquellos apar-"
                    HPOS="849.0"
                    VPOS="1374.0"
                    WIDTH="682.0"
                    HEIGHT="53.0"></String>
          </TextLine>

          
          
          <TextLine ID="line_61"
                    TAGREFS="LT83"
                    BASELINE="848 1442 1529 1445" 
                    HPOS="847.0"
                    VPOS="1415.0"
                    WIDTH="682.0"
                    HEIGHT="49.0">
            <Shape><Polygon POINTS="848 1442 847 1456 857 1463 858 1463 859 1463 861 1464 1028 1464 1028 1463 1029 1463 1030 1463 1038 1456 1046 1463 1047 1463 1048 1463 1050 1463 1080 1457 1089 1456 1099 1457 1130 1463 1131 1463 1133 1463 1143 1459 1148 1456 1165 1459 1197 1464 1198 1464 1199 1464 1208 1459 1211 1457 1213 1460 1220 1464 1221 1464 1222 1464 1223 1464 1262 1460 1291 1457 1298 1461 1301 1464 1303 1464 1304 1464 1305 1464 1337 1461 1384 1457 1526 1464 1529 1445 1527 1420 848 1415 848 1442"/></Shape>
	    <String CONTENT="tados y desiertos climas, y si procuraba con-"
                    HPOS="847.0"
                    VPOS="1415.0"
                    WIDTH="682.0"
                    HEIGHT="49.0"></String>
          </TextLine>

          
          
          <TextLine ID="line_62"
                    TAGREFS="LT83"
                    BASELINE="845 1483 1533 1483" 
                    HPOS="845.0"
                    VPOS="1452.0"
                    WIDTH="688.0"
                    HEIGHT="53.0">
            <Shape><Polygon POINTS="845 1483 845 1496 909 1503 910 1503 947 1497 953 1497 960 1497 1011 1503 1013 1505 1163 1505 1163 1503 1165 1503 1175 1500 1183 1497 1531 1502 1533 1483 1533 1459 1504 1452 1503 1452 1502 1452 1501 1452 1487 1459 1471 1452 1470 1452 1366 1452 1365 1452 1364 1452 1351 1459 1329 1452 1328 1452 1327 1452 1326 1452 1310 1459 1273 1452 1272 1452 1234 1459 1231 1459 1229 1459 1181 1452 1180 1452 1129 1459 1125 1459 1121 1459 1087 1452 1085 1452 845 1457 845 1483"/></Shape>
	    <String CONTENT="servar la vida haciéndose superior á todas las"
                    HPOS="845.0"
                    VPOS="1452.0"
                    WIDTH="688.0"
                    HEIGHT="53.0"></String>
          </TextLine>

          
          
          <TextLine ID="line_63"
                    TAGREFS="LT83"
                    BASELINE="850 1521 1531 1523" 
                    HPOS="849.0"
                    VPOS="1492.0"
                    WIDTH="682.0"
                    HEIGHT="54.0">
            <Shape><Polygon POINTS="850 1521 849 1542 850 1543 852 1543 852 1544 853 1544 854 1544 855 1544 887 1538 894 1543 894 1544 895 1544 896 1544 898 1544 899 1544 923 1538 1055 1544 1056 1544 1057 1544 1075 1537 1105 1544 1106 1544 1107 1544 1108 1544 1135 1537 1160 1544 1161 1544 1162 1546 1234 1546 1234 1544 1235 1544 1236 1544 1249 1537 1398 1537 1423 1544 1424 1544 1425 1544 1427 1544 1443 1537 1479 1544 1480 1544 1530 1535 1531 1523 1530 1501 1462 1501 1462 1500 1444 1492 1443 1492 1442 1492 1383 1498 1366 1492 1365 1492 1364 1492 1363 1492 1338 1500 1337 1500 1308 1492 1306 1492 1305 1492 1304 1492 1273 1500 1272 1500 1240 1492 1239 1492 1208 1492 1207 1492 1206 1492 1204 1492 1197 1500 1195 1501 1149 1501 1148 1500 1139 1492 1138 1492 1137 1492 1135 1492 1134 1492 1108 1500 1106 1501 1030 1501 1029 1500 1010 1492 1009 1492 1007 1492 850 1498 850 1521"/></Shape>
	    <String CONTENT="desgracias, era solo porque alimentaba la es-"
                    HPOS="849.0"
                    VPOS="1492.0"
                    WIDTH="682.0"
                    HEIGHT="54.0"></String>
          </TextLine>

          
          
          <TextLine ID="line_64"
                    TAGREFS="LT83"
                    BASELINE="852 1561 1526 1563" 
                    HPOS="850.0"
                    VPOS="1532.0"
                    WIDTH="676.0"
                    HEIGHT="47.0">
            <Shape><Polygon POINTS="852 1561 850 1579 1525 1579 1526 1563 1526 1540 1497 1533 1496 1533 1411 1533 1410 1533 1409 1533 1407 1533 1407 1534 1401 1539 1400 1539 1370 1533 1369 1533 1368 1533 1351 1539 1349 1539 1345 1539 1317 1533 1315 1533 1286 1538 1277 1539 1248 1538 1143 1532 1142 1532 1116 1537 1111 1538 1110 1537 1105 1533 1105 1532 1103 1532 1102 1532 1036 1532 1034 1532 1033 1532 1032 1532 1025 1537 1020 1538 852 1535 852 1561"/></Shape>
	    <String CONTENT="peranza de volver á ser su adorado amante,"
                    HPOS="850.0"
                    VPOS="1532.0"
                    WIDTH="676.0"
                    HEIGHT="47.0"></String>
          </TextLine>

          
          
          <TextLine ID="line_65"
                    TAGREFS="LT83"
                    BASELINE="852 1600 1533 1603" 
                    HPOS="850.0"
                    VPOS="1570.0"
                    WIDTH="683.0"
                    HEIGHT="53.0">
            <Shape><Polygon POINTS="852 1600 850 1620 1018 1622 1019 1622 1020 1622 1033 1620 1048 1616 1075 1620 1102 1622 1103 1622 1105 1622 1106 1622 1110 1618 1114 1616 1180 1616 1188 1618 1202 1623 1203 1623 1204 1623 1236 1618 1245 1617 1259 1618 1319 1623 1321 1623 1370 1617 1375 1617 1377 1617 1393 1623 1395 1623 1396 1623 1397 1623 1398 1623 1406 1617 1407 1617 1531 1617 1533 1603 1533 1579 1513 1571 1512 1571 1511 1571 1465 1579 1460 1579 1457 1579 1439 1571 1438 1571 1437 1571 1435 1571 1415 1579 1414 1579 1406 1571 1405 1571 1404 1571 1364 1571 1363 1571 1361 1571 1360 1571 1351 1577 1350 1580 1298 1580 1291 1577 1258 1571 1257 1571 1203 1577 1202 1577 1186 1570 1185 1570 1184 1570 1148 1577 1145 1579 1091 1579 1089 1577 1076 1570 1075 1570 1074 1570 1073 1570 960 1577 949 1577 947 1577 930 1570 928 1570 927 1570 926 1570 900 1577 899 1577 898 1577 881 1570 880 1570 878 1570 877 1570 852 1576 852 1600"/></Shape>
	    <String CONTENT="que él creia le era fiel mientras viviese. Mil"
                    HPOS="850.0"
                    VPOS="1570.0"
                    WIDTH="683.0"
                    HEIGHT="53.0"></String>
          </TextLine>

          
          
          <TextLine ID="line_66"
                    TAGREFS="LT83"
                    BASELINE="855 1639 1533 1641" 
                    HPOS="854.0"
                    VPOS="1609.0"
                    WIDTH="679.0"
                    HEIGHT="44.0">
            <Shape><Polygon POINTS="855 1639 854 1653 1531 1653 1533 1641 1531 1617 1434 1611 1433 1611 1406 1617 1397 1618 1388 1617 1365 1611 1364 1611 1363 1611 1332 1617 1322 1618 1310 1617 1280 1611 1278 1611 1277 1611 1258 1617 1250 1618 1229 1617 1161 1609 1160 1609 1158 1609 1157 1609 1148 1617 1145 1617 1138 1617 1092 1611 1091 1611 1061 1617 1056 1617 1053 1617 1034 1609 1033 1609 1032 1609 1030 1609 1029 1609 1029 1611 1023 1617 1022 1617 1014 1617 968 1611 967 1611 855 1616 855 1639"/></Shape>
	    <String CONTENT="veces vieron arrancada su miserable cabaña"
                    HPOS="854.0"
                    VPOS="1609.0"
                    WIDTH="679.0"
                    HEIGHT="44.0"></String>
          </TextLine>

          
          
          <TextLine ID="line_67"
                    TAGREFS="LT83"
                    BASELINE="854 1681 1534 1681" 
                    HPOS="854.0"
                    VPOS="1657.0"
                    WIDTH="680.0"
                    HEIGHT="43.0">
            <Shape><Polygon POINTS="854 1681 854 1700 905 1694 933 1700 936 1700 937 1700 1534 1695 1534 1681 1534 1657 854 1657 854 1681"/></Shape>
	    <String CONTENT="por el huracan, y espuestos á ser devorados"
                    HPOS="854.0"
                    VPOS="1657.0"
                    WIDTH="680.0"
                    HEIGHT="43.0"></String>
          </TextLine>

          
          
          <TextLine ID="line_79"
                    TAGREFS="LT83"
                    BASELINE="854 1720 1535 1718" 
                    HPOS="853.0"
                    VPOS="1690.0"
                    WIDTH="682.0"
                    HEIGHT="51.0">
            <Shape><Polygon POINTS="854 1720 854 1741 997 1733 1079 1738 1110 1740 1111 1740 1112 1740 1114 1740 1116 1737 1124 1733 1268 1736 1466 1738 1467 1738 1534 1731 1535 1718 1533 1691 900 1690 899 1690 853 1696 854 1720"/></Shape>
	    <String CONTENT="por las fieras, pero el valeroso corazon del ena-"
                    HPOS="853.0"
                    VPOS="1690.0"
                    WIDTH="682.0"
                    HEIGHT="51.0"></String>
          </TextLine>

          
          
          <TextLine ID="line_80"
                    TAGREFS="LT83"
                    BASELINE="853 1759 1536 1759" 
                    HPOS="853.0"
                    VPOS="1731.0"
                    WIDTH="683.0"
                    HEIGHT="42.0">
            <Shape><Polygon POINTS="853 1759 853 1773 1536 1773 1536 1759 1535 1731 853 1733 853 1759"/></Shape>
	    <String CONTENT="morado jóven por nada se arredraba, si no que"
                    HPOS="853.0"
                    VPOS="1731.0"
                    WIDTH="683.0"
                    HEIGHT="42.0"></String>
          </TextLine>

          
          
          <TextLine ID="line_81"
                    TAGREFS="LT83"
                    BASELINE="854 1798 1538 1798" 
                    HPOS="854.0"
                    VPOS="1768.0"
                    WIDTH="684.0"
                    HEIGHT="52.0">
            <Shape><Polygon POINTS="854 1798 854 1819 933 1812 985 1819 992 1819 993 1819 995 1819 997 1819 1022 1812 1147 1812 1152 1817 1153 1817 1153 1819 1154 1819 1156 1819 1157 1820 1222 1820 1222 1819 1223 1819 1225 1819 1227 1816 1232 1812 1264 1816 1286 1819 1287 1819 1538 1814 1538 1798 1538 1773 1323 1768 1322 1768 1321 1768 1309 1773 1306 1775 1226 1775 1218 1774 1179 1768 1177 1768 1128 1774 1122 1774 1116 1774 1046 1768 1045 1768 1043 1768 1042 1768 1042 1769 1036 1774 1036 1775 970 1775 954 1775 918 1768 917 1768 887 1774 871 1768 870 1768 868 1768 867 1768 854 1774 854 1798"/></Shape>
	    <String CONTENT="parecia desafiar los peligros y las desgracias"
                    HPOS="854.0"
                    VPOS="1768.0"
                    WIDTH="684.0"
                    HEIGHT="52.0"></String>
          </TextLine>

          
          
          <TextLine ID="line_82"
                    TAGREFS="LT83"
                    BASELINE="853 1835 1536 1838" 
                    HPOS="852.0"
                    VPOS="1812.0"
                    WIDTH="684.0"
                    HEIGHT="41.0">
            <Shape><Polygon POINTS="853 1835 852 1853 1535 1851 1536 1838 1535 1815 853 1812 853 1835"/></Shape>
	    <String CONTENT="que no hacian mella nunca ni en su constancia"
                    HPOS="852.0"
                    VPOS="1812.0"
                    WIDTH="684.0"
                    HEIGHT="41.0"></String>
          </TextLine>

          
          
          <TextLine ID="line_83"
                    TAGREFS="LT83"
                    BASELINE="853 1877 1536 1875" 
                    HPOS="852.0"
                    VPOS="1846.0"
                    WIDTH="684.0"
                    HEIGHT="49.0">
            <Shape><Polygon POINTS="853 1877 853 1892 1534 1895 1536 1875 1534 1854 1490 1847 1489 1847 1488 1847 1487 1847 1487 1848 1480 1854 1406 1854 1389 1846 1388 1846 1387 1846 1386 1846 1363 1853 1326 1846 1324 1846 1283 1853 1266 1846 1264 1846 1263 1846 1214 1853 1194 1846 1193 1846 1191 1846 1190 1846 1166 1854 932 1847 931 1847 930 1847 912 1854 881 1847 880 1847 878 1847 877 1847 852 1856 853 1877"/></Shape>
	    <String CONTENT="ni en su amor. El negro Juan, aquel pobre escla-"
                    HPOS="852.0"
                    VPOS="1846.0"
                    WIDTH="684.0"
                    HEIGHT="49.0"></String>
          </TextLine>

          
          
          <TextLine ID="line_84"
                    TAGREFS="LT83"
                    BASELINE="854 1913 1538 1916" 
                    HPOS="853.0"
                    VPOS="1885.0"
                    WIDTH="685.0"
                    HEIGHT="51.0">
            <Shape><Polygon POINTS="854 1913 853 1926 890 1935 891 1935 893 1935 918 1929 924 1934 924 1935 926 1935 927 1935 928 1935 1009 1929 1128 1935 1129 1935 1130 1935 1148 1929 1198 1936 1199 1936 1536 1929 1538 1916 1536 1894 1458 1886 1457 1886 1456 1886 1455 1886 1446 1893 1443 1893 1401 1886 1400 1886 1365 1893 1359 1894 1263 1894 1260 1892 1254 1886 1253 1886 1252 1886 1250 1886 1213 1892 1195 1893 1171 1890 1115 1885 1114 1885 1079 1890 1068 1892 1064 1890 1052 1885 1051 1885 1050 1885 1025 1890 1014 1892 1005 1889 991 1885 990 1885 988 1885 968 1889 956 1892 946 1889 933 1885 932 1885 931 1885 930 1885 928 1885 924 1889 922 1890 919 1889 916 1885 914 1885 913 1885 912 1885 854 1888 854 1913"/></Shape>
	    <String CONTENT="vo á quien él salvara en el bosque y cuya san-"
                    HPOS="853.0"
                    VPOS="1885.0"
                    WIDTH="685.0"
                    HEIGHT="51.0"></String>
          </TextLine>

          
          
          <TextLine ID="line_85"
                    TAGREFS="LT83"
                    BASELINE="857 1954 1539 1954" 
                    HPOS="857.0"
                    VPOS="1925.0"
                    WIDTH="682.0"
                    HEIGHT="46.0">
            <Shape><Polygon POINTS="857 1954 857 1971 1539 1969 1539 1954 1539 1931 1524 1925 1522 1925 1521 1925 1520 1925 1503 1931 1457 1925 1456 1925 1455 1925 1439 1931 1438 1931 857 1926 857 1954"/></Shape>
	    <String CONTENT="gre redimiera, le pagaba ahora con usura, todo"
                    HPOS="857.0"
                    VPOS="1925.0"
                    WIDTH="682.0"
                    HEIGHT="46.0"></String>
          </TextLine>

          
          
          <TextLine ID="line_86"
                    TAGREFS="LT83"
                    BASELINE="855 1994 1539 1994" 
                    HPOS="855.0"
                    VPOS="1963.0"
                    WIDTH="684.0"
                    HEIGHT="54.0">
            <Shape><Polygon POINTS="855 1994 855 2008 872 2015 873 2015 875 2017 922 2017 922 2015 923 2015 924 2015 924 2014 931 2009 950 2015 951 2015 953 2015 1019 2009 1038 2015 1039 2015 1041 2015 1042 2015 1056 2009 1122 2015 1124 2015 1166 2009 1208 2009 1214 2014 1214 2015 1216 2015 1217 2015 1218 2015 1318 2009 1510 2015 1511 2015 1512 2015 1539 2008 1539 1994 1539 1971 1503 1963 1502 1963 1451 1969 1327 1963 1326 1963 1275 1969 1249 1963 1248 1963 1246 1963 1213 1969 1199 1963 1198 1963 1197 1963 1195 1963 1181 1969 1166 1963 1165 1963 1163 1963 1082 1969 1074 1963 1073 1963 1071 1963 1007 1963 1006 1963 1005 1963 1004 1963 1004 1964 997 1971 855 1971 855 1994"/></Shape>
	    <String CONTENT="cuanto por él habia hecho, pues él era su único"
                    HPOS="855.0"
                    VPOS="1963.0"
                    WIDTH="684.0"
                    HEIGHT="54.0"></String>
          </TextLine>

          
          
          <TextLine ID="line_87"
                    TAGREFS="LT83"
                    BASELINE="855 2032 1538 2035" 
                    HPOS="854.0"
                    VPOS="2003.0"
                    WIDTH="684.0"
                    HEIGHT="48.0">
            <Shape><Polygon POINTS="855 2032 854 2043 876 2051 877 2051 878 2051 1536 2050 1538 2035 1536 2010 1221 2010 1217 2009 1198 2003 1197 2003 1195 2003 855 2006 855 2032"/></Shape>
	    <String CONTENT="consuelo en las desgracias que le rodeaban, y"
                    HPOS="854.0"
                    VPOS="2003.0"
                    WIDTH="684.0"
                    HEIGHT="48.0"></String>
          </TextLine>

          
          
          <TextLine ID="line_88"
                    TAGREFS="LT83"
                    BASELINE="857 2074 1540 2072" 
                    HPOS="855.0"
                    VPOS="2042.0"
                    WIDTH="685.0"
                    HEIGHT="50.0">
            <Shape><Polygon POINTS="857 2074 857 2086 1194 2092 1195 2092 1197 2092 1198 2092 1206 2086 1207 2086 1540 2086 1540 2072 1536 2047 1289 2049 1286 2049 1258 2042 1257 2042 1217 2049 1198 2042 1197 2042 1195 2042 1076 2050 1066 2043 1065 2043 1064 2043 983 2043 982 2043 918 2050 876 2043 875 2043 873 2043 855 2050 857 2074"/></Shape>
	    <String CONTENT="sin su cuidado y sus desvelos acaso hubiera"
                    HPOS="855.0"
                    VPOS="2042.0"
                    WIDTH="685.0"
                    HEIGHT="50.0"></String>
          </TextLine>

          
          
          <TextLine ID="line_89"
                    TAGREFS="LT83"
                    BASELINE="862 2112 1536 2111" 
                    HPOS="847.0"
                    VPOS="2086.0"
                    WIDTH="15.0"
                    HEIGHT="42.0">
            <Shape><Polygon POINTS="862 2086 847 2086 848 2112 848 2128 862 2128"/></Shape>
	    <String CONTENT="muerto el noble jóven víctima de su desventura."
                    HPOS="847.0"
                    VPOS="2086.0"
                    WIDTH="15.0"
                    HEIGHT="42.0"></String>
          </TextLine>

          
        </TextBlock>
        

        
      </PrintSpace>
    </Page>
  </Layout>
</alto>
