1662 2285
114.0 133.0 688.0 59.0 nejo de las bombas. El viento rugia con furia

119.0 178.0 685.0 45.0 amenazando á ambos buques; la tempestad se

116.0 218.0 686.0 46.0 desencadenaba por instantes y era preciso pre-

118.0 258.0 684.0 50.0 pararse para luchar con ese otro enemigo. Las

118.0 297.0 684.0 49.0 embravecidas olas azotadas por el huracan se

118.0 329.0 684.0 55.0 levantaban imponentes formando montañas gi-

123.0 367.0 679.0 57.0 gantescas; dentro de dos minutos iba á desapa-

121.0 411.0 681.0 46.0 recer el bergantin, la fragata quedóse á palo

120.0 441.0 682.0 73.0 seco y poniéndose al viento no tardó en aban-

831.0 129.0 684.0 59.0 donar aquel terrible sitio. El bergantin acaba-

829.0 173.0 686.0 59.0 ba de flotar por instantes, y una furiosa ola in-

831.0 217.0 684.0 53.0 vadiendo la cubierta sepultóle en las salobres

829.0 255.0 682.0 45.0 ondas. La fragata victoriosa seguia la direccion

829.0 289.0 686.0 55.0 del viento guiada por el intrépido jóven D. Die-

831.0 327.0 680.0 57.0 go de Carbajal que habia tomado el mando,

831.0 369.0 680.0 51.0 puesto que el capitan y los dos pilotos fueron

829.0 405.0 678.0 65.0 las primeras víctimas que cayeron heridas por

829.0 445.0 297.0 69.0 el plomo del pirata.
