<?xml version="1.0" encoding="UTF-8"?>
<alto xmlns:xsi="http://www.w3.org/2001/XMLSchema-instance"
      xmlns="http://www.loc.gov/standards/alto/ns-v4#"
      xsi:schemaLocation="http://www.loc.gov/standards/alto/ns-v4# http://www.loc.gov/standards/alto/v4/alto-4-2.xsd">
  <Description>
    <MeasurementUnit>pixel</MeasurementUnit>
    <sourceImageInformation>
      <fileName>Varios_433_4.jpg</fileName>
      
    </sourceImageInformation>
  </Description>
  
  <Tags>
    <OtherTag ID="BT221" LABEL="CustomZone:impresorNum" DESCRIPTION="block type CustomZone:impresorNum"/><OtherTag ID="BT222" LABEL="CustomZone:numero_pliego" DESCRIPTION="block type CustomZone:numero_pliego"/><OtherTag ID="BT223" LABEL="CustomZone:title" DESCRIPTION="block type CustomZone:title"/><OtherTag ID="BT224" LABEL="GraphicZone:illustration" DESCRIPTION="block type GraphicZone:illustration"/><OtherTag ID="BT225" LABEL="GraphicZone:ornamentation" DESCRIPTION="block type GraphicZone:ornamentation"/><OtherTag ID="BT226" LABEL="MainZone" DESCRIPTION="block type MainZone"/><OtherTag ID="BT227" LABEL="MainZone:columns" DESCRIPTION="block type MainZone:columns"/><OtherTag ID="BT228" LABEL="MarginTextZone:colophon" DESCRIPTION="block type MarginTextZone:colophon"/><OtherTag ID="BT229" LABEL="MarginTextZone:note" DESCRIPTION="block type MarginTextZone:note"/><OtherTag ID="BT230" LABEL="MusicZone" DESCRIPTION="block type MusicZone"/><OtherTag ID="BT231" LABEL="NumberingZone:page" DESCRIPTION="block type NumberingZone:page"/><OtherTag ID="BT232" LABEL="QuireMarksZone:catchwords" DESCRIPTION="block type QuireMarksZone:catchwords"/><OtherTag ID="BT233" LABEL="QuireMarksZone:signature" DESCRIPTION="block type QuireMarksZone:signature"/><OtherTag ID="BT234" LABEL="RunningTitleZone" DESCRIPTION="block type RunningTitleZone"/>
    <OtherTag ID="LT81" LABEL="CustomLine:propriedad" DESCRIPTION="line type CustomLine:propriedad"/><OtherTag ID="LT82" LABEL="CustomLine:trailer" DESCRIPTION="line type CustomLine:trailer"/><OtherTag ID="LT83" LABEL="DefaultLine" DESCRIPTION="line type DefaultLine"/><OtherTag ID="LT84" LABEL="HeadingLine" DESCRIPTION="line type HeadingLine"/>
  </Tags>
  
  <Layout>
    <Page WIDTH="1673"
          HEIGHT="2292"
          PHYSICAL_IMG_NR="151"
          ID="eSc_dummypage_">
      <PrintSpace HPOS="0"
                  VPOS="0"
                  WIDTH="1673"
                  HEIGHT="2292">
        
        <TextBlock HPOS="709.0"
                   VPOS="39.0"
                   WIDTH="217.0"
                   HEIGHT="126.0"
                   ID="block_2"
                   TAGREFS="BT231">
          <Shape><Polygon POINTS="709 39 926 39 926 165 709 165 709 39"/></Shape>
          
          
          <TextLine ID="line_27"
                    TAGREFS="LT83"
                    BASELINE="751 134 891 137" 
                    HPOS="750.0"
                    VPOS="92.0"
                    WIDTH="141.0"
                    HEIGHT="58.0">
            <Shape><Polygon POINTS="751 134 750 150 890 148 891 137 890 114 847 114 838 105 828 98 826 98 825 98 796 92 795 92 751 92 751 134"/></Shape>
	    <String CONTENT="— 4—"
                    HPOS="750.0"
                    VPOS="92.0"
                    WIDTH="141.0"
                    HEIGHT="58.0"></String>
          </TextLine>

          
        </TextBlock>
        
        <TextBlock HPOS="76.0"
                   VPOS="185.0"
                   WIDTH="724.0"
                   HEIGHT="1992.0"
                   ID="block_0"
                   TAGREFS="BT226">
          <Shape><Polygon POINTS="76 185 800 185 800 2177 76 2177 76 185"/></Shape>
          
          
          <TextLine ID="line_28"
                    TAGREFS="LT83"
                    BASELINE="123 193 797 191" 
                    HPOS="120.0"
                    VPOS="145.0"
                    WIDTH="675.0"
                    HEIGHT="65.0">
            <Shape><Polygon POINTS="122 192 122 210 793 210 795 191 791 145 743 145 741 145 739 145 738 145 738 147 726 158 694 145 690 145 688 145 686 145 684 145 680 145 634 160 543 160 527 148 523 145 521 145 520 145 518 145 476 148 399 160 326 160 313 152 298 145 296 145 294 145 252 152 225 158 212 154 196 148 195 148 193 148 120 154 122 192"/></Shape>
	    <String CONTENT="man los primeros reflejos del alba, y ya las ji-"
                    HPOS="120.0"
                    VPOS="145.0"
                    WIDTH="675.0"
                    HEIGHT="65.0"></String>
          </TextLine>

          
          
          <TextLine ID="line_29"
                    TAGREFS="LT83"
                    BASELINE="122 234 797 232" 
                    HPOS="118.0"
                    VPOS="204.0"
                    WIDTH="677.0"
                    HEIGHT="51.0">
            <Shape><Polygon POINTS="120 233 120 255 793 255 795 231 789 204 118 204 120 233"/></Shape>
	    <String CONTENT="gantescas masas se achican ó se dibujan con mas"
                    HPOS="118.0"
                    VPOS="204.0"
                    WIDTH="677.0"
                    HEIGHT="51.0"></String>
          </TextLine>

          
          
          <TextLine ID="line_30"
                    TAGREFS="LT83"
                    BASELINE="123 272 797 269" 
                    HPOS="120.0"
                    VPOS="242.0"
                    WIDTH="675.0"
                    HEIGHT="46.0">
            <Shape><Polygon POINTS="122 271 122 288 793 284 795 267 789 242 120 244 122 271"/></Shape>
	    <String CONTENT="claridad, y todos los matices de primorosos co-"
                    HPOS="120.0"
                    VPOS="242.0"
                    WIDTH="675.0"
                    HEIGHT="46.0"></String>
          </TextLine>

          
          
          <TextLine ID="line_0"
                    TAGREFS="LT83"
                    BASELINE="122 310 797 309" 
                    HPOS="118.0"
                    VPOS="278.0"
                    WIDTH="677.0"
                    HEIGHT="50.0">
            <Shape><Polygon POINTS="120 309 120 328 793 328 795 307 789 278 118 278 120 309"/></Shape>
	    <String CONTENT="lores, del cielo y del suelo, se van apareciendo"
                    HPOS="118.0"
                    VPOS="278.0"
                    WIDTH="677.0"
                    HEIGHT="50.0"></String>
          </TextLine>

          
          
          <TextLine ID="line_1"
                    TAGREFS="LT83"
                    BASELINE="121 351 797 348" 
                    HPOS="118.0"
                    VPOS="315.0"
                    WIDTH="677.0"
                    HEIGHT="59.0">
            <Shape><Polygon POINTS="120 349 120 374 793 370 795 347 789 315 118 320 120 349"/></Shape>
	    <String CONTENT="como por encanto á la vista del que mira, llenos"
                    HPOS="118.0"
                    VPOS="315.0"
                    WIDTH="677.0"
                    HEIGHT="59.0"></String>
          </TextLine>

          
          
          <TextLine ID="line_2"
                    TAGREFS="LT83"
                    BASELINE="119 390 797 388" 
                    HPOS="118.0"
                    VPOS="364.0"
                    WIDTH="679.0"
                    HEIGHT="42.0">
            <Shape><Polygon POINTS="119 390 119 406 796 406 797 388 795 364 118 364 119 390"/></Shape>
	    <String CONTENT="de inefable encanto, de dulce y sublime poesia."
                    HPOS="118.0"
                    VPOS="364.0"
                    WIDTH="679.0"
                    HEIGHT="42.0"></String>
          </TextLine>

          
          
          <TextLine ID="line_34"
                    TAGREFS="LT83"
                    BASELINE="122 431 797 429" 
                    HPOS="118.0"
                    VPOS="395.0"
                    WIDTH="677.0"
                    HEIGHT="53.0">
            <Shape><Polygon POINTS="120 429 120 445 791 448 795 427 791 401 118 395 120 429"/></Shape>
	    <String CONTENT="La adelfa de rosado color, la matizada clavelli-"
                    HPOS="118.0"
                    VPOS="395.0"
                    WIDTH="677.0"
                    HEIGHT="53.0"></String>
          </TextLine>

          
          
          <TextLine ID="line_3"
                    TAGREFS="LT83"
                    BASELINE="121 469 797 467" 
                    HPOS="119.0"
                    VPOS="438.0"
                    WIDTH="678.0"
                    HEIGHT="52.0">
            <Shape><Polygon POINTS="121 469 121 482 345 490 346 490 347 490 364 482 403 490 405 490 452 481 458 481 471 481 575 488 577 488 578 488 579 488 589 481 610 488 611 488 612 490 735 490 735 488 736 488 753 482 770 488 772 488 773 488 774 488 797 480 797 467 793 438 629 444 606 440 593 438 592 438 591 438 584 440 575 444 560 440 545 438 544 438 542 438 533 441 524 444 517 441 505 438 504 438 503 438 477 441 456 445 444 443 431 439 430 439 429 439 428 439 419 443 412 445 377 443 307 439 305 439 268 445 265 445 256 439 254 439 253 439 192 439 191 439 189 439 188 439 188 440 182 446 119 446 121 469"/></Shape>
	    <String CONTENT="na, el lirio silvestre, la violeta y la purpúrea"
                    HPOS="119.0"
                    VPOS="438.0"
                    WIDTH="678.0"
                    HEIGHT="52.0"></String>
          </TextLine>

          
          
          <TextLine ID="line_4"
                    TAGREFS="LT83"
                    BASELINE="119 509 796 505" 
                    HPOS="118.0"
                    VPOS="477.0"
                    WIDTH="678.0"
                    HEIGHT="47.0">
            <Shape><Polygon POINTS="119 509 119 522 793 524 796 505 793 485 761 477 760 477 759 477 740 483 740 485 619 485 615 483 583 477 582 477 581 477 567 483 561 485 550 482 524 478 523 478 522 478 510 482 504 485 465 482 406 478 405 478 388 482 374 485 361 482 349 478 347 478 346 478 345 478 331 481 313 486 305 481 303 480 301 480 300 480 299 480 286 481 257 486 118 481 119 509"/></Shape>
	    <String CONTENT="amapola, húmedas del rocío, hermosean con"
                    HPOS="118.0"
                    VPOS="477.0"
                    WIDTH="678.0"
                    HEIGHT="47.0"></String>
          </TextLine>

          
          
          <TextLine ID="line_37"
                    TAGREFS="LT83"
                    BASELINE="118 547 797 546" 
                    HPOS="114.0"
                    VPOS="519.0"
                    WIDTH="681.0"
                    HEIGHT="50.0">
            <Shape><Polygon POINTS="116 546 116 569 793 567 795 544 789 519 114 519 116 546"/></Shape>
	    <String CONTENT="sus primorosos colores las llanuras, las monta-"
                    HPOS="114.0"
                    VPOS="519.0"
                    WIDTH="681.0"
                    HEIGHT="50.0"></String>
          </TextLine>

          
          
          <TextLine ID="line_38"
                    TAGREFS="LT83"
                    BASELINE="118 587 797 586" 
                    HPOS="114.0"
                    VPOS="557.0"
                    WIDTH="681.0"
                    HEIGHT="54.0">
            <Shape><Polygon POINTS="116 586 116 611 793 605 795 584 789 557 114 557 116 586"/></Shape>
	    <String CONTENT="ñas y los riscos asemejándoles á un bello y de-"
                    HPOS="114.0"
                    VPOS="557.0"
                    WIDTH="681.0"
                    HEIGHT="54.0"></String>
          </TextLine>

          
          
          <TextLine ID="line_5"
                    TAGREFS="LT83"
                    BASELINE="117 625 344 627" 
                    HPOS="115.0"
                    VPOS="592.0"
                    WIDTH="229.0"
                    HEIGHT="49.0">
            <Shape><Polygon POINTS="117 625 115 639 341 641 344 627 342 603 275 595 273 595 257 598 238 602 217 597 206 593 205 593 203 593 202 593 194 595 173 601 117 592 117 625"/></Shape>
	    <String CONTENT="licioso paraiso."
                    HPOS="115.0"
                    VPOS="592.0"
                    WIDTH="229.0"
                    HEIGHT="49.0"></String>
          </TextLine>

          
          
          <TextLine ID="line_40"
                    TAGREFS="LT83"
                    BASELINE="152 667 796 665" 
                    HPOS="149.0"
                    VPOS="634.0"
                    WIDTH="646.0"
                    HEIGHT="53.0">
            <Shape><Polygon POINTS="151 666 151 687 793 685 795 664 789 634 149 634 151 666"/></Shape>
	    <String CONTENT="En la hora pues en que la América en con-"
                    HPOS="149.0"
                    VPOS="634.0"
                    WIDTH="646.0"
                    HEIGHT="53.0"></String>
          </TextLine>

          
          
          <TextLine ID="line_6"
                    TAGREFS="LT83"
                    BASELINE="115 705 796 701" 
                    HPOS="114.0"
                    VPOS="673.0"
                    WIDTH="682.0"
                    HEIGHT="52.0">
            <Shape><Polygon POINTS="796 698 792 673 207 679 169 673 168 673 166 673 154 679 114 673 115 705 117 725 132 719 247 724 270 724 271 724 795 715 796 706"/></Shape>
	    <String CONTENT="junto presenta este espectáculo tan bello, en la"
                    HPOS="114.0"
                    VPOS="673.0"
                    WIDTH="682.0"
                    HEIGHT="52.0"></String>
          </TextLine>

          
          
          <TextLine ID="line_7"
                    TAGREFS="LT83"
                    BASELINE="117 743 796 741" 
                    HPOS="115.0"
                    VPOS="716.0"
                    WIDTH="681.0"
                    HEIGHT="45.0">
            <Shape><Polygon POINTS="796 738 793 720 115 716 117 743 117 761 795 757 796 747"/></Shape>
	    <String CONTENT="hora del crepúsculo matutino y en la parte mas"
                    HPOS="115.0"
                    VPOS="716.0"
                    WIDTH="681.0"
                    HEIGHT="45.0"></String>
          </TextLine>

          
          
          <TextLine ID="line_8"
                    TAGREFS="LT83"
                    BASELINE="115 784 796 780" 
                    HPOS="115.0"
                    VPOS="751.0"
                    WIDTH="681.0"
                    HEIGHT="47.0">
            <Shape><Polygon POINTS="796 778 792 755 716 758 707 755 700 751 699 751 648 751 647 751 646 751 644 751 640 755 637 758 493 760 476 755 470 752 468 752 467 752 466 752 465 752 462 755 452 761 412 761 397 755 391 752 389 752 388 752 387 752 382 755 368 760 350 755 342 752 341 752 340 752 338 752 332 755 314 761 258 755 248 753 247 753 240 755 206 761 170 755 163 753 161 753 160 753 157 755 138 761 115 755 115 784 115 795 793 798 796 782"/></Shape>
	    <String CONTENT="occidental de Buenos Aires, en una hermosa"
                    HPOS="115.0"
                    VPOS="751.0"
                    WIDTH="681.0"
                    HEIGHT="47.0"></String>
          </TextLine>

          
          
          <TextLine ID="line_9"
                    TAGREFS="LT83"
                    BASELINE="117 823 796 820" 
                    HPOS="114.0"
                    VPOS="792.0"
                    WIDTH="681.0"
                    HEIGHT="52.0">
            <Shape><Polygon POINTS="116 821 116 844 793 836 795 819 791 792 114 792 116 821"/></Shape>
	    <String CONTENT="mañana del mes de Abril de 1822, un hombre"
                    HPOS="114.0"
                    VPOS="792.0"
                    WIDTH="681.0"
                    HEIGHT="52.0"></String>
          </TextLine>

          
          
          <TextLine ID="line_45"
                    TAGREFS="LT83"
                    BASELINE="121 862 796 859" 
                    HPOS="118.0"
                    VPOS="832.0"
                    WIDTH="677.0"
                    HEIGHT="46.0">
            <Shape><Polygon POINTS="120 861 120 876 791 878 795 857 789 832 118 832 120 861"/></Shape>
	    <String CONTENT="de color tostado, perteneciente á la raza des-"
                    HPOS="118.0"
                    VPOS="832.0"
                    WIDTH="677.0"
                    HEIGHT="46.0"></String>
          </TextLine>

          
          
          <TextLine ID="line_46"
                    TAGREFS="LT83"
                    BASELINE="115 901 796 897" 
                    HPOS="112.0"
                    VPOS="867.0"
                    WIDTH="683.0"
                    HEIGHT="51.0">
            <Shape><Polygon POINTS="114 899 114 918 793 914 795 895 791 867 112 867 114 899"/></Shape>
	    <String CONTENT="graciada de los negros, corria presuroso por"
                    HPOS="112.0"
                    VPOS="867.0"
                    WIDTH="683.0"
                    HEIGHT="51.0"></String>
          </TextLine>

          
          
          <TextLine ID="line_47"
                    TAGREFS="LT83"
                    BASELINE="121 940 796 937" 
                    HPOS="118.0"
                    VPOS="903.0"
                    WIDTH="677.0"
                    HEIGHT="52.0">
            <Shape><Polygon POINTS="120 939 120 955 793 951 795 935 789 903 118 911 120 939"/></Shape>
	    <String CONTENT="medio del espeso bosque, llevando en sus robus-"
                    HPOS="118.0"
                    VPOS="903.0"
                    WIDTH="677.0"
                    HEIGHT="52.0"></String>
          </TextLine>

          
          
          <TextLine ID="line_10"
                    TAGREFS="LT83"
                    BASELINE="117 979 800 976" 
                    HPOS="115.0"
                    VPOS="947.0"
                    WIDTH="685.0"
                    HEIGHT="48.0">
            <Shape><Polygon POINTS="117 979 117 993 797 995 800 976 793 953 783 948 782 948 781 948 672 955 619 947 617 947 616 947 593 956 493 956 472 947 471 947 470 947 468 947 449 956 216 948 215 948 214 948 192 956 174 948 173 948 172 948 115 957 117 979"/></Shape>
	    <String CONTENT="tos brazos un niño que á juzgar tambien por el"
                    HPOS="115.0"
                    VPOS="947.0"
                    WIDTH="685.0"
                    HEIGHT="48.0"></String>
          </TextLine>

          
          
          <TextLine ID="line_11"
                    TAGREFS="LT83"
                    BASELINE="115 1017 800 1017" 
                    HPOS="115.0"
                    VPOS="988.0"
                    WIDTH="685.0"
                    HEIGHT="49.0">
            <Shape><Polygon POINTS="115 1017 115 1037 800 1037 800 1017 793 989 791 988 789 988 788 988 787 988 731 994 703 988 702 988 700 988 666 994 510 988 509 988 508 988 507 988 496 995 438 995 377 988 375 988 374 988 373 988 365 995 236 995 202 988 201 988 172 994 164 988 163 988 161 988 160 988 115 994 115 1017"/></Shape>
	    <String CONTENT="color de su cara, debia sin duda ser su hijo. El"
                    HPOS="115.0"
                    VPOS="988.0"
                    WIDTH="685.0"
                    HEIGHT="49.0"></String>
          </TextLine>

          
          
          <TextLine ID="line_12"
                    TAGREFS="LT83"
                    BASELINE="115 1056 795 1053" 
                    HPOS="114.0"
                    VPOS="1022.0"
                    WIDTH="681.0"
                    HEIGHT="52.0">
            <Shape><Polygon POINTS="115 1056 115 1069 561 1074 563 1074 564 1074 591 1068 781 1073 782 1073 783 1073 784 1073 795 1067 795 1053 791 1030 629 1030 624 1028 601 1022 600 1022 598 1022 597 1022 573 1028 563 1032 514 1032 508 1028 498 1023 496 1023 447 1023 445 1023 444 1023 443 1023 443 1025 438 1028 435 1031 419 1028 386 1023 384 1023 383 1023 368 1028 359 1031 340 1028 315 1025 314 1025 294 1028 279 1031 267 1028 254 1025 253 1025 252 1025 114 1027 115 1056"/></Shape>
	    <String CONTENT="desdichado negro iba rendido de cansancio, y"
                    HPOS="114.0"
                    VPOS="1022.0"
                    WIDTH="681.0"
                    HEIGHT="52.0"></String>
          </TextLine>

          
          
          <TextLine ID="line_13"
                    TAGREFS="LT83"
                    BASELINE="118 1097 798 1092" 
                    HPOS="117.0"
                    VPOS="1063.0"
                    WIDTH="681.0"
                    HEIGHT="48.0">
            <Shape><Polygon POINTS="118 1097 118 1111 797 1111 798 1092 796 1070 761 1063 760 1063 651 1069 625 1070 600 1069 524 1064 523 1064 490 1069 475 1070 448 1069 406 1065 405 1065 403 1065 402 1065 400 1068 396 1072 386 1068 377 1065 375 1065 374 1065 310 1068 203 1073 192 1068 189 1067 188 1067 187 1067 186 1067 180 1068 157 1073 117 1068 118 1097"/></Shape>
	    <String CONTENT="casi ecsánime, intentaba dejarse caer sobre la"
                    HPOS="117.0"
                    VPOS="1063.0"
                    WIDTH="681.0"
                    HEIGHT="48.0"></String>
          </TextLine>

          
          
          <TextLine ID="line_14"
                    TAGREFS="LT83"
                    BASELINE="118 1135 801 1131" 
                    HPOS="117.0"
                    VPOS="1107.0"
                    WIDTH="684.0"
                    HEIGHT="47.0">
            <Shape><Polygon POINTS="118 1135 118 1148 333 1154 335 1154 336 1154 354 1147 356 1147 401 1147 749 1152 750 1152 751 1152 769 1146 782 1152 783 1152 784 1152 786 1152 801 1144 801 1131 798 1111 123 1107 122 1107 121 1107 119 1107 119 1109 118 1109 117 1109 118 1135"/></Shape>
	    <String CONTENT="fresca yerba para descansar de su fatiga, pero"
                    HPOS="117.0"
                    VPOS="1107.0"
                    WIDTH="684.0"
                    HEIGHT="47.0"></String>
          </TextLine>

          
          
          <TextLine ID="line_15"
                    TAGREFS="LT83"
                    BASELINE="122 1174 805 1171" 
                    HPOS="118.0"
                    VPOS="1146.0"
                    WIDTH="686.0"
                    HEIGHT="49.0">
            <Shape><Polygon POINTS="120 1172 120 1195 803 1186 804 1170 799 1146 118 1146 120 1172"/></Shape>
	    <String CONTENT="sentia tras sí un ruido que le horrorizaba, y re-"
                    HPOS="118.0"
                    VPOS="1146.0"
                    WIDTH="686.0"
                    HEIGHT="49.0"></String>
          </TextLine>

          
          
          <TextLine ID="line_16"
                    TAGREFS="LT83"
                    BASELINE="117 1212 800 1209" 
                    HPOS="115.0"
                    VPOS="1180.0"
                    WIDTH="685.0"
                    HEIGHT="51.0">
            <Shape><Polygon POINTS="117 1212 117 1224 216 1231 217 1231 280 1224 282 1224 289 1230 289 1231 290 1231 291 1231 293 1231 331 1224 332 1224 346 1231 347 1231 349 1231 350 1231 351 1231 359 1224 364 1224 573 1230 574 1230 575 1230 598 1223 600 1223 606 1223 717 1230 718 1230 719 1230 736 1223 778 1230 779 1230 781 1230 800 1222 800 1209 793 1186 582 1180 581 1180 547 1186 512 1180 510 1180 509 1180 508 1180 508 1181 502 1186 457 1181 456 1181 454 1181 430 1188 417 1181 416 1181 415 1181 414 1181 412 1181 412 1182 406 1189 344 1189 313 1181 312 1181 221 1188 212 1181 211 1181 210 1181 127 1181 126 1181 124 1181 123 1181 115 1186 117 1212"/></Shape>
	    <String CONTENT="doblaba con mas ansiedad su paso. Una enorme"
                    HPOS="115.0"
                    VPOS="1180.0"
                    WIDTH="685.0"
                    HEIGHT="51.0"></String>
          </TextLine>

          
          
          <TextLine ID="line_17"
                    TAGREFS="LT83"
                    BASELINE="117 1251 801 1249" 
                    HPOS="115.0"
                    VPOS="1223.0"
                    WIDTH="686.0"
                    HEIGHT="46.0">
            <Shape><Polygon POINTS="117 1251 117 1266 578 1268 579 1268 581 1268 593 1263 597 1261 601 1263 620 1268 621 1268 623 1269 773 1269 773 1268 774 1268 801 1260 801 1249 798 1230 141 1223 140 1223 138 1223 115 1231 117 1251"/></Shape>
	    <String CONTENT="pantera sedienta de sangre seguia sus pasos"
                    HPOS="115.0"
                    VPOS="1223.0"
                    WIDTH="686.0"
                    HEIGHT="46.0"></String>
          </TextLine>

          
          
          <TextLine ID="line_18"
                    TAGREFS="LT83"
                    BASELINE="117 1288 802 1288" 
                    HPOS="117.0"
                    VPOS="1260.0"
                    WIDTH="685.0"
                    HEIGHT="45.0">
            <Shape><Polygon POINTS="117 1288 117 1303 801 1305 802 1288 802 1268 726 1260 725 1260 691 1268 689 1268 685 1268 652 1260 651 1260 649 1260 648 1260 648 1261 642 1268 640 1269 596 1269 592 1268 551 1260 550 1260 549 1260 531 1266 500 1260 499 1260 396 1268 391 1268 388 1268 355 1260 354 1260 352 1260 323 1268 304 1260 303 1260 301 1260 253 1268 252 1268 201 1260 200 1260 117 1268 117 1288"/></Shape>
	    <String CONTENT="para devorarle. El negro iba desarmado, ni un"
                    HPOS="117.0"
                    VPOS="1260.0"
                    WIDTH="685.0"
                    HEIGHT="45.0"></String>
          </TextLine>

          
          
          <TextLine ID="line_19"
                    TAGREFS="LT83"
                    BASELINE="115 1329 797 1329" 
                    HPOS="115.0"
                    VPOS="1300.0"
                    WIDTH="682.0"
                    HEIGHT="51.0">
            <Shape><Polygon POINTS="115 1329 115 1342 138 1349 140 1349 141 1351 285 1351 285 1349 286 1349 287 1349 287 1348 294 1343 327 1349 328 1349 330 1349 345 1343 346 1343 347 1343 368 1349 369 1349 370 1349 797 1344 797 1329 793 1306 415 1300 414 1300 412 1300 406 1302 397 1306 383 1302 374 1300 373 1300 372 1300 345 1302 291 1306 249 1301 239 1300 238 1300 236 1300 235 1300 235 1301 229 1307 184 1307 115 1300 115 1329"/></Shape>
	    <String CONTENT="lijero puñal le acompañaba siquiera con que"
                    HPOS="115.0"
                    VPOS="1300.0"
                    WIDTH="682.0"
                    HEIGHT="51.0"></String>
          </TextLine>

          
          
          <TextLine ID="line_20"
                    TAGREFS="LT83"
                    BASELINE="115 1370 800 1366" 
                    HPOS="114.0"
                    VPOS="1338.0"
                    WIDTH="686.0"
                    HEIGHT="48.0">
            <Shape><Polygon POINTS="115 1370 115 1386 377 1380 397 1384 416 1386 417 1386 509 1381 552 1380 572 1381 628 1385 629 1385 661 1380 670 1379 684 1380 750 1385 751 1385 798 1377 800 1366 793 1343 572 1338 570 1338 569 1338 568 1338 568 1339 561 1344 365 1339 364 1339 363 1339 340 1345 159 1340 157 1340 114 1347 115 1370"/></Shape>
	    <String CONTENT="poder hacer frente al feróz enemigo. Su cansan-"
                    HPOS="114.0"
                    VPOS="1338.0"
                    WIDTH="686.0"
                    HEIGHT="48.0"></String>
          </TextLine>

          
          
          <TextLine ID="line_21"
                    TAGREFS="LT83"
                    BASELINE="121 1407 805 1407" 
                    HPOS="121.0"
                    VPOS="1377.0"
                    WIDTH="684.0"
                    HEIGHT="51.0">
            <Shape><Polygon POINTS="805 1385 769 1377 768 1377 739 1384 737 1384 704 1377 703 1377 702 1377 679 1384 676 1384 675 1384 649 1377 648 1377 647 1377 646 1377 625 1384 624 1384 623 1384 610 1377 609 1377 607 1377 535 1382 521 1384 518 1382 510 1377 509 1377 508 1377 507 1377 480 1382 472 1384 121 1381 121 1407 121 1424 437 1421 439 1423 444 1427 445 1427 447 1427 448 1428 509 1428 509 1427 510 1427 521 1422 523 1421 537 1422 581 1427 582 1427 612 1422 619 1421 624 1421 658 1427 660 1427 739 1421 742 1421 744 1421 768 1427 769 1427 770 1427 805 1419"/></Shape>
	    <String CONTENT="cio era estremado, su respiracion fatigada; las"
                    HPOS="121.0"
                    VPOS="1377.0"
                    WIDTH="684.0"
                    HEIGHT="51.0"></String>
          </TextLine>

          
          
          <TextLine ID="line_22"
                    TAGREFS="LT83"
                    BASELINE="115 1446 797 1443" 
                    HPOS="114.0"
                    VPOS="1417.0"
                    WIDTH="683.0"
                    HEIGHT="52.0">
            <Shape><Polygon POINTS="115 1446 115 1469 151 1461 172 1468 173 1468 174 1468 175 1468 193 1461 243 1468 244 1468 245 1468 247 1468 275 1461 314 1468 321 1468 322 1468 338 1466 420 1461 429 1466 430 1468 431 1468 433 1468 434 1468 486 1466 488 1466 489 1466 490 1465 498 1460 623 1460 626 1464 629 1465 629 1466 630 1466 631 1466 633 1466 634 1466 644 1464 657 1460 685 1463 714 1466 716 1466 796 1461 797 1443 792 1423 730 1417 728 1417 727 1417 704 1423 702 1424 617 1424 615 1422 603 1417 602 1417 601 1417 537 1422 517 1423 510 1422 495 1417 494 1417 493 1417 467 1422 449 1424 420 1421 394 1418 346 1418 345 1418 344 1418 342 1418 342 1419 341 1421 336 1424 317 1421 304 1418 303 1418 290 1421 267 1424 252 1419 247 1418 245 1418 244 1418 114 1418 115 1446"/></Shape>
	    <String CONTENT="piernas apenas podian sostener el peso de su"
                    HPOS="114.0"
                    VPOS="1417.0"
                    WIDTH="683.0"
                    HEIGHT="52.0"></String>
          </TextLine>

          
          
          <TextLine ID="line_23"
                    TAGREFS="LT83"
                    BASELINE="114 1485 800 1483" 
                    HPOS="113.0"
                    VPOS="1454.0"
                    WIDTH="687.0"
                    HEIGHT="51.0">
            <Shape><Polygon POINTS="114 1485 114 1503 397 1498 415 1501 444 1505 445 1505 447 1505 456 1499 462 1497 563 1498 775 1503 777 1503 778 1503 800 1496 800 1483 792 1459 755 1454 754 1454 753 1454 751 1454 742 1460 741 1461 680 1461 679 1460 671 1454 670 1454 668 1454 667 1454 666 1454 665 1454 657 1460 656 1460 625 1454 624 1454 569 1460 567 1460 565 1460 538 1454 537 1454 536 1454 535 1454 508 1460 499 1454 498 1454 496 1454 495 1454 456 1461 449 1461 423 1461 262 1455 261 1455 259 1455 258 1455 249 1461 243 1455 242 1455 240 1455 239 1455 238 1455 216 1461 215 1461 191 1455 189 1455 188 1455 113 1461 114 1485"/></Shape>
	    <String CONTENT="cuerpo, y sin embargo el desgraciado negro"
                    HPOS="113.0"
                    VPOS="1454.0"
                    WIDTH="687.0"
                    HEIGHT="51.0"></String>
          </TextLine>

          
          
          <TextLine ID="line_62"
                    TAGREFS="LT83"
                    BASELINE="114 1522 805 1523" 
                    HPOS="110.0"
                    VPOS="1489.0"
                    WIDTH="694.0"
                    HEIGHT="48.0">
            <Shape><Polygon POINTS="112 1520 110 1535 801 1537 804 1522 801 1489 112 1493 112 1520"/></Shape>
	    <String CONTENT="corria presuroso con el afan de salvar á su que-"
                    HPOS="110.0"
                    VPOS="1489.0"
                    WIDTH="694.0"
                    HEIGHT="48.0"></String>
          </TextLine>

          
          
          <TextLine ID="line_24"
                    TAGREFS="LT83"
                    BASELINE="113 1563 796 1562" 
                    HPOS="112.0"
                    VPOS="1535.0"
                    WIDTH="684.0"
                    HEIGHT="42.0">
            <Shape><Polygon POINTS="113 1563 113 1577 795 1576 796 1562 793 1539 112 1535 113 1563"/></Shape>
	    <String CONTENT="rido hijo de la fiera voracidad de la pantera. Sin"
                    HPOS="112.0"
                    VPOS="1535.0"
                    WIDTH="684.0"
                    HEIGHT="42.0"></String>
          </TextLine>

          
          
          <TextLine ID="line_25"
                    TAGREFS="LT83"
                    BASELINE="112 1604 793 1601" 
                    HPOS="110.0"
                    VPOS="1571.0"
                    WIDTH="683.0"
                    HEIGHT="49.0">
            <Shape><Polygon POINTS="112 1604 112 1618 791 1620 793 1601 789 1571 110 1573 112 1604"/></Shape>
	    <String CONTENT="embargo, las fuerzas le faltaban ya; casi le era"
                    HPOS="110.0"
                    VPOS="1571.0"
                    WIDTH="683.0"
                    HEIGHT="49.0"></String>
          </TextLine>

          
          
          <TextLine ID="line_65"
                    TAGREFS="LT83"
                    BASELINE="110 1643 793 1640" 
                    HPOS="109.0"
                    VPOS="1608.0"
                    WIDTH="685.0"
                    HEIGHT="48.0">
            <Shape><Polygon POINTS="794 1656 110 1656 110 1643 109 1610 310 1610 330 1617 383 1610 392 1609 393 1609 400 1610 430 1615 596 1610 662 1608 663 1608 714 1614 783 1610 793 1610"/></Shape>
	    <String CONTENT="imposible sostenerse y ya veia cerca de sí al fe-"
                    HPOS="109.0"
                    VPOS="1608.0"
                    WIDTH="685.0"
                    HEIGHT="48.0"></String>
          </TextLine>

          
          
          <TextLine ID="line_26"
                    TAGREFS="LT83"
                    BASELINE="110 1680 793 1680" 
                    HPOS="110.0"
                    VPOS="1650.0"
                    WIDTH="683.0"
                    HEIGHT="46.0">
            <Shape><Polygon POINTS="793 1655 769 1650 768 1650 767 1650 722 1656 721 1656 684 1650 596 1650 595 1650 593 1650 592 1650 584 1656 583 1656 579 1656 550 1650 549 1650 517 1655 509 1656 110 1654 110 1680 110 1696 793 1693"/></Shape>
	    <String CONTENT="roz enemigo que se le acercaba saltando sobre"
                    HPOS="110.0"
                    VPOS="1650.0"
                    WIDTH="683.0"
                    HEIGHT="46.0"></String>
          </TextLine>

          
          
          <TextLine ID="line_67"
                    TAGREFS="LT83"
                    BASELINE="109 1720 793 1720" 
                    HPOS="109.0"
                    VPOS="1688.0"
                    WIDTH="684.0"
                    HEIGHT="51.0">
            <Shape><Polygon POINTS="109 1720 109 1733 792 1739 793 1720 793 1694 458 1688 457 1688 456 1688 454 1688 452 1690 444 1696 351 1696 335 1689 330 1688 328 1688 327 1688 326 1688 321 1689 307 1694 301 1689 300 1688 299 1688 298 1688 296 1688 289 1689 265 1694 238 1688 233 1688 231 1688 228 1688 201 1694 109 1688 109 1720"/></Shape>
	    <String CONTENT="los espesos matorrales. El negro, viendo que le"
                    HPOS="109.0"
                    VPOS="1688.0"
                    WIDTH="684.0"
                    HEIGHT="51.0"></String>
          </TextLine>

          
          
          <TextLine ID="line_68"
                    TAGREFS="LT83"
                    BASELINE="109 1762 793 1758" 
                    HPOS="108.0"
                    VPOS="1727.0"
                    WIDTH="686.0"
                    HEIGHT="50.0">
            <Shape><Polygon POINTS="793 1738 793 1735 667 1727 666 1727 665 1727 652 1734 568 1729 567 1729 565 1729 547 1735 416 1729 415 1729 414 1729 412 1729 406 1735 398 1729 397 1729 396 1729 341 1729 340 1729 108 1738 109 1762 109 1773 597 1776 598 1776 681 1769 685 1769 693 1776 694 1776 695 1776 696 1777 777 1777 777 1776 778 1776 794 1769"/></Shape>
	    <String CONTENT="era ya imposible escapar, cubrió con su pecho"
                    HPOS="108.0"
                    VPOS="1727.0"
                    WIDTH="686.0"
                    HEIGHT="50.0"></String>
          </TextLine>

          
          
          <TextLine ID="line_71"
                    TAGREFS="LT83"
                    BASELINE="110 1801 793 1798" 
                    HPOS="109.0"
                    VPOS="1767.0"
                    WIDTH="685.0"
                    HEIGHT="52.0">
            <Shape><Polygon POINTS="110 1801 109 1769 384 1775 519 1769 584 1767 586 1767 616 1769 662 1773 699 1769 723 1767 725 1767 768 1769 793 1771 794 1814 295 1818 290 1818 142 1813 110 1819"/></Shape>
	    <String CONTENT="y con sus brazos á su querido hijo para espo-"
                    HPOS="109.0"
                    VPOS="1767.0"
                    WIDTH="685.0"
                    HEIGHT="52.0"></String>
          </TextLine>

          
          
          <TextLine ID="line_72"
                    TAGREFS="LT83"
                    BASELINE="108 1838 793 1836" 
                    HPOS="107.0"
                    VPOS="1806.0"
                    WIDTH="686.0"
                    HEIGHT="50.0">
            <Shape><Polygon POINTS="793 1824 791 1806 107 1810 108 1838 108 1856 793 1856 793 1851"/></Shape>
	    <String CONTENT="nerse él el primero á ser devorado. Pocos pasos"
                    HPOS="107.0"
                    VPOS="1806.0"
                    WIDTH="686.0"
                    HEIGHT="50.0"></String>
          </TextLine>

          
          
          <TextLine ID="line_74"
                    TAGREFS="LT83"
                    BASELINE="107 1879 793 1877" 
                    HPOS="105.0"
                    VPOS="1843.0"
                    WIDTH="688.0"
                    HEIGHT="51.0">
            <Shape><Polygon POINTS="107 1879 105 1846 392 1852 423 1846 433 1845 435 1845 442 1846 462 1852 505 1846 522 1845 523 1845 535 1846 565 1852 631 1847 675 1843 676 1843 702 1847 722 1850 733 1847 744 1845 747 1845 758 1847 774 1852 793 1852 793 1892 107 1894"/></Shape>
	    <String CONTENT="faltaban ya para acercársele, cuando oyó cerca"
                    HPOS="105.0"
                    VPOS="1843.0"
                    WIDTH="688.0"
                    HEIGHT="51.0"></String>
          </TextLine>

          
          
          <TextLine ID="line_75"
                    TAGREFS="LT83"
                    BASELINE="107 1918 793 1917" 
                    HPOS="105.0"
                    VPOS="1885.0"
                    WIDTH="688.0"
                    HEIGHT="53.0">
            <Shape><Polygon POINTS="107 1918 105 1890 409 1887 410 1887 479 1892 510 1893 516 1892 527 1887 528 1887 658 1885 660 1885 686 1892 698 1892 737 1885 739 1885 793 1887 793 1932 656 1929 559 1936 555 1936 142 1930 107 1938"/></Shape>
	    <String CONTENT="de sí una voz que dijo: «¡ qué animal tan her-"
                    HPOS="105.0"
                    VPOS="1885.0"
                    WIDTH="688.0"
                    HEIGHT="53.0"></String>
          </TextLine>

          
          
          <TextLine ID="line_76"
                    TAGREFS="LT83"
                    BASELINE="107 1955 793 1954" 
                    HPOS="105.0"
                    VPOS="1929.0"
                    WIDTH="688.0"
                    HEIGHT="42.0">
            <Shape><Polygon POINTS="107 1955 105 1929 793 1929 793 1971 107 1971"/></Shape>
	    <String CONTENT="moso y tan bravo! quiero poseer su piel; » y es-"
                    HPOS="105.0"
                    VPOS="1929.0"
                    WIDTH="688.0"
                    HEIGHT="42.0"></String>
          </TextLine>

          
          
          <TextLine ID="line_77"
                    TAGREFS="LT83"
                    BASELINE="105 1996 793 1995" 
                    HPOS="104.0"
                    VPOS="1966.0"
                    WIDTH="689.0"
                    HEIGHT="48.0">
            <Shape><Polygon POINTS="105 1996 104 1966 793 1966 793 2007 691 2011 637 2014 635 2014 105 2010"/></Shape>
	    <String CONTENT="to diciendo, le apuntó un largo rifle y le intro-"
                    HPOS="104.0"
                    VPOS="1966.0"
                    WIDTH="689.0"
                    HEIGHT="48.0"></String>
          </TextLine>

          
          
          <TextLine ID="line_78"
                    TAGREFS="LT83"
                    BASELINE="105 2034 793 2033" 
                    HPOS="104.0"
                    VPOS="2005.0"
                    WIDTH="689.0"
                    HEIGHT="47.0">
            <Shape><Polygon POINTS="105 2034 104 2005 793 2007 793 2052 105 2052"/></Shape>
	    <String CONTENT="dujo dos balas en la cabeza; la pantera dió un"
                    HPOS="104.0"
                    VPOS="2005.0"
                    WIDTH="689.0"
                    HEIGHT="47.0"></String>
          </TextLine>

          
          
          <TextLine ID="line_79"
                    TAGREFS="LT83"
                    BASELINE="105 2071 793 2073" 
                    HPOS="104.0"
                    VPOS="2039.0"
                    WIDTH="690.0"
                    HEIGHT="49.0">
            <Shape><Polygon POINTS="105 2071 105 2046 179 2039 182 2039 205 2046 208 2048 434 2048 439 2046 459 2039 542 2039 560 2046 569 2048 583 2046 609 2041 731 2041 745 2046 755 2048 794 2046 793 2088 104 2084"/></Shape>
	    <String CONTENT="salto terrible y cayó muerta á los piés del ne-"
                    HPOS="104.0"
                    VPOS="2039.0"
                    WIDTH="690.0"
                    HEIGHT="49.0"></String>
          </TextLine>

          
          
          <TextLine ID="line_80"
                    TAGREFS="LT83"
                    BASELINE="107 2112 793 2113" 
                    HPOS="107.0"
                    VPOS="2080.0"
                    WIDTH="687.0"
                    HEIGHT="59.0">
            <Shape><Polygon POINTS="107 2080 150 2086 567 2083 723 2081 725 2081 754 2084 794 2088 793 2137 791 2137 789 2137 779 2136 742 2130 707 2136 698 2137 698 2139 521 2139 519 2137 518 2137 514 2136 496 2130 365 2130 349 2136 346 2137 345 2137 345 2139 202 2139 201 2137 192 2136 143 2130 107 2136"/></Shape>
	    <String CONTENT="gro. En seguida salió un arrogante y gallardo"
                    HPOS="107.0"
                    VPOS="2080.0"
                    WIDTH="687.0"
                    HEIGHT="59.0"></String>
          </TextLine>

          
        </TextBlock>
        
        <TextBlock HPOS="805.0"
                   VPOS="180.0"
                   WIDTH="725.0"
                   HEIGHT="2000.0"
                   ID="block_1"
                   TAGREFS="BT226">
          <Shape><Polygon POINTS="805 180 1530 180 1530 2180 805 2180 805 180"/></Shape>
          
          
          <TextLine ID="eSc_line_8ddf0e07"
                    TAGREFS="LT83"
                    BASELINE="819 191 1511 189" 
                    HPOS="816.0"
                    VPOS="181.0"
                    WIDTH="694.0"
                    HEIGHT="32.0">
            <Shape><Polygon POINTS="1504 181 1485 181 1466 181 1447 181 1428 181 1409 181 1390 181 1370 181 1351 181 1332 181 1313 181 1294 181 1275 181 1256 181 1237 181 1217 181 1198 181 1179 181 1160 181 1141 181 1122 181 1103 181 1084 181 1064 181 1045 181 1026 181 1007 181 988 181 969 181 950 181 931 181 912 181 892 181 873 181 854 181 835 181 816 181 818 191 818 213 1508 204 1510 187 1508 181 1504 181"/></Shape>
	    <String CONTENT="casador de entre las malezas y tomando su cu-"
                    HPOS="816.0"
                    VPOS="181.0"
                    WIDTH="694.0"
                    HEIGHT="32.0"></String>
          </TextLine>

          
          
          <TextLine ID="eSc_line_5bd5b1c3"
                    TAGREFS="LT83"
                    BASELINE="819 231 1508 229" 
                    HPOS="816.0"
                    VPOS="202.0"
                    WIDTH="690.0"
                    HEIGHT="50.0">
            <Shape><Polygon POINTS="818 229 818 246 1502 252 1506 227 1500 202 816 202 818 229"/></Shape>
	    <String CONTENT="chillo del cinto lo arrojó al esclavo diciendo:"
                    HPOS="816.0"
                    VPOS="202.0"
                    WIDTH="690.0"
                    HEIGHT="50.0"></String>
          </TextLine>

          
          
          <TextLine ID="eSc_line_33c98774"
                    TAGREFS="LT83"
                    BASELINE="819 269 1512 266" 
                    HPOS="816.0"
                    VPOS="240.0"
                    WIDTH="694.0"
                    HEIGHT="44.0">
            <Shape><Polygon POINTS="818 267 818 284 1508 282 1510 265 1504 240 816 240 818 267"/></Shape>
	    <String CONTENT="«Negro, por tavor te pido que desuelles ese her-"
                    HPOS="816.0"
                    VPOS="240.0"
                    WIDTH="694.0"
                    HEIGHT="44.0"></String>
          </TextLine>

          
          
          <TextLine ID="line_31"
                    TAGREFS="LT83"
                    BASELINE="819 309 1513 309" 
                    HPOS="818.0"
                    VPOS="275.0"
                    WIDTH="694.0"
                    HEIGHT="51.0">
            <Shape><Polygon POINTS="818 307 818 326 1512 324 1512 307 1510 275 818 276 818 307"/></Shape>
	    <String CONTENT="moso animal y me recojas la piel, pues es uno"
                    HPOS="818.0"
                    VPOS="275.0"
                    WIDTH="694.0"
                    HEIGHT="51.0"></String>
          </TextLine>

          
          
          <TextLine ID="line_32"
                    TAGREFS="LT83"
                    BASELINE="819 348 1513 346" 
                    HPOS="818.0"
                    VPOS="320.0"
                    WIDTH="1.0"
                    HEIGHT="42.0">
            <Shape><Polygon POINTS="819 320 818 320 819 348 819 362 819 362"/></Shape>
	    <String CONTENT="de los mas hermosos y bravos que jamás"
                    HPOS="818.0"
                    VPOS="320.0"
                    WIDTH="1.0"
                    HEIGHT="42.0"></String>
          </TextLine>

          
          
          <TextLine ID="line_33"
                    TAGREFS="LT83"
                    BASELINE="823 388 1515 385" 
                    HPOS="821.0"
                    VPOS="356.0"
                    WIDTH="694.0"
                    HEIGHT="52.0">
            <Shape><Polygon POINTS="823 388 823 408 1515 404 1515 385 1512 365 1390 356 1388 356 1387 356 1369 362 1367 364 1364 362 1341 356 1340 356 1339 356 1337 356 1336 356 1326 362 1323 365 1271 365 1269 362 1263 357 1263 356 1262 356 1261 356 1260 356 1258 356 1247 362 1243 364 1234 362 1207 356 1206 356 1182 361 1164 365 979 360 895 357 894 357 893 357 886 359 861 365 821 359 823 388"/></Shape>
	    <String CONTENT="he visto.» El negro no supo que admirar mas"
                    HPOS="821.0"
                    VPOS="356.0"
                    WIDTH="694.0"
                    HEIGHT="52.0"></String>
          </TextLine>

          
          
          <TextLine ID="eSc_line_f101da70"
                    TAGREFS="LT83"
                    BASELINE="819 428 1512 426" 
                    HPOS="816.0"
                    VPOS="391.0"
                    WIDTH="694.0"
                    HEIGHT="57.0">
            <Shape><Polygon POINTS="818 427 818 443 1506 448 1510 425 1506 393 892 391 890 391 816 401 818 427"/></Shape>
	    <String CONTENT="en el jóven, si su presencia de ánimo y valor en"
                    HPOS="816.0"
                    VPOS="391.0"
                    WIDTH="694.0"
                    HEIGHT="57.0"></String>
          </TextLine>

          
          
          <TextLine ID="line_35"
                    TAGREFS="LT83"
                    BASELINE="819 468 1512 464" 
                    HPOS="818.0"
                    VPOS="445.0"
                    WIDTH="1.0"
                    HEIGHT="40.0">
            <Shape><Polygon POINTS="819 445 818 445 819 468 819 485 819 485"/></Shape>
	    <String CONTENT="presencia de una fiera, ó la sangre fria y acierto"
                    HPOS="818.0"
                    VPOS="445.0"
                    WIDTH="1.0"
                    HEIGHT="40.0"></String>
          </TextLine>

          
          
          <TextLine ID="line_36"
                    TAGREFS="LT83"
                    BASELINE="820 506 1512 506" 
                    HPOS="820.0"
                    VPOS="476.0"
                    WIDTH="692.0"
                    HEIGHT="51.0">
            <Shape><Polygon POINTS="820 506 820 519 829 525 830 525 832 525 833 525 866 519 967 525 968 527 1103 527 1103 525 1104 525 1105 525 1113 520 1117 519 1511 523 1512 506 1512 482 1495 476 1494 476 1493 476 1492 476 1476 482 1141 476 1140 476 1074 482 1035 476 1034 476 1033 476 1032 476 1023 481 1018 477 1018 476 1016 476 1015 476 927 476 926 476 925 476 923 476 914 482 872 476 871 476 820 482 820 506"/></Shape>
	    <String CONTENT="que habia tenido para darle muerte, pero de"
                    HPOS="820.0"
                    VPOS="476.0"
                    WIDTH="692.0"
                    HEIGHT="51.0"></String>
          </TextLine>

          
          
          <TextLine ID="eSc_line_6e60bc68"
                    TAGREFS="LT83"
                    BASELINE="819 545 1509 544" 
                    HPOS="816.0"
                    VPOS="515.0"
                    WIDTH="692.0"
                    HEIGHT="50.0">
            <Shape><Polygon POINTS="818 544 818 561 1504 565 1508 542 1504 517 816 515 818 544"/></Shape>
	    <String CONTENT="cualquier modo que fuese, aquel gallardo jóven"
                    HPOS="816.0"
                    VPOS="515.0"
                    WIDTH="692.0"
                    HEIGHT="50.0"></String>
          </TextLine>

          
          
          <TextLine ID="eSc_line_6dc3c03c"
                    TAGREFS="LT83"
                    BASELINE="819 585 1511 584" 
                    HPOS="816.0"
                    VPOS="551.0"
                    WIDTH="694.0"
                    HEIGHT="52.0">
            <Shape><Polygon POINTS="818 584 818 601 1506 603 1510 582 1504 551 816 555 818 584"/></Shape>
	    <String CONTENT="era su libertador y el salvador de su hijo ; justo"
                    HPOS="816.0"
                    VPOS="551.0"
                    WIDTH="694.0"
                    HEIGHT="52.0"></String>
          </TextLine>

          
          
          <TextLine ID="line_39"
                    TAGREFS="LT83"
                    BASELINE="823 623 1508 621" 
                    HPOS="821.0"
                    VPOS="594.0"
                    WIDTH="687.0"
                    HEIGHT="46.0">
            <Shape><Polygon POINTS="823 623 823 640 1507 635 1508 621 1504 594 821 594 823 623"/></Shape>
	    <String CONTENT="era pues obedecerle : tomó el cuchillo y empezó"
                    HPOS="821.0"
                    VPOS="594.0"
                    WIDTH="687.0"
                    HEIGHT="46.0"></String>
          </TextLine>

          
          
          <TextLine ID="eSc_line_c3e3ab48"
                    TAGREFS="LT83"
                    BASELINE="824 665 1507 662" 
                    HPOS="820.0"
                    VPOS="634.0"
                    WIDTH="686.0"
                    HEIGHT="45.0">
            <Shape><Polygon POINTS="822 664 822 679 1504 679 1506 660 1502 634 820 634 822 664"/></Shape>
	    <String CONTENT="su operacion. Grande por demás fué la estra-"
                    HPOS="820.0"
                    VPOS="634.0"
                    WIDTH="686.0"
                    HEIGHT="45.0"></String>
          </TextLine>

          
          
          <TextLine ID="line_41"
                    TAGREFS="LT83"
                    BASELINE="824 702 1508 700" 
                    HPOS="820.0"
                    VPOS="666.0"
                    WIDTH="686.0"
                    HEIGHT="57.0">
            <Shape><Polygon POINTS="822 700 822 716 1502 723 1506 699 1502 672 820 666 822 700"/></Shape>
	    <String CONTENT="ñeza del jóven cazador ver al negro y á su hijo"
                    HPOS="820.0"
                    VPOS="666.0"
                    WIDTH="686.0"
                    HEIGHT="57.0"></String>
          </TextLine>

          
          
          <TextLine ID="line_42"
                    TAGREFS="LT83"
                    BASELINE="824 741 1508 741" 
                    HPOS="822.0"
                    VPOS="708.0"
                    WIDTH="684.0"
                    HEIGHT="50.0">
            <Shape><Polygon POINTS="822 739 822 756 1504 758 1506 739 1506 712 822 708 822 739"/></Shape>
	    <String CONTENT="en medio del bosque, y no pudiendo disimular"
                    HPOS="822.0"
                    VPOS="708.0"
                    WIDTH="684.0"
                    HEIGHT="50.0"></String>
          </TextLine>

          
          
          <TextLine ID="line_43"
                    TAGREFS="LT83"
                    BASELINE="824 780 1503 780" 
                    HPOS="822.0"
                    VPOS="750.0"
                    WIDTH="680.0"
                    HEIGHT="50.0">
            <Shape><Polygon POINTS="822 779 822 794 1500 800 1502 779 1502 750 822 750 822 779"/></Shape>
	    <String CONTENT="su curiosidad le dijo : «¿Cómo te has atrevido,"
                    HPOS="822.0"
                    VPOS="750.0"
                    WIDTH="680.0"
                    HEIGHT="50.0"></String>
          </TextLine>

          
          
          <TextLine ID="line_44"
                    TAGREFS="LT83"
                    BASELINE="824 818 1508 818" 
                    HPOS="822.0"
                    VPOS="785.0"
                    WIDTH="684.0"
                    HEIGHT="51.0">
            <Shape><Polygon POINTS="822 817 822 836 1506 832 1506 817 1506 792 822 785 822 817"/></Shape>
	    <String CONTENT="desgraciado, á penetrar sin arma alguna por"
                    HPOS="822.0"
                    VPOS="785.0"
                    WIDTH="684.0"
                    HEIGHT="51.0"></String>
          </TextLine>

          
          
          <TextLine ID="eSc_line_371b2cb6"
                    TAGREFS="LT83"
                    BASELINE="824 859 1502 856" 
                    HPOS="820.0"
                    VPOS="825.0"
                    WIDTH="680.0"
                    HEIGHT="51.0">
            <Shape><Polygon POINTS="822 857 822 874 1497 876 1500 855 1495 825 820 828 822 857"/></Shape>
	    <String CONTENT="este espeso bosque esponiendo así á ese pobre"
                    HPOS="820.0"
                    VPOS="825.0"
                    WIDTH="680.0"
                    HEIGHT="51.0"></String>
          </TextLine>

          
          
          <TextLine ID="eSc_line_61f426da"
                    TAGREFS="LT83"
                    BASELINE="824 897 1507 893" 
                    HPOS="820.0"
                    VPOS="865.0"
                    WIDTH="686.0"
                    HEIGHT="47.0">
            <Shape><Polygon POINTS="822 895 822 912 1504 909 1506 891 1502 867 820 865 822 895"/></Shape>
	    <String CONTENT="niño á la inclemencia de las fieras?» El negro"
                    HPOS="820.0"
                    VPOS="865.0"
                    WIDTH="686.0"
                    HEIGHT="47.0"></String>
          </TextLine>

          
          
          <TextLine ID="eSc_line_78958944"
                    TAGREFS="LT83"
                    BASELINE="824 937 1504 934" 
                    HPOS="820.0"
                    VPOS="907.0"
                    WIDTH="682.0"
                    HEIGHT="46.0">
            <Shape><Polygon POINTS="822 935 822 951 1499 953 1502 933 1497 907 820 907 822 935"/></Shape>
	    <String CONTENT="con los ojos bañados en lágrimas se arrojó á los"
                    HPOS="820.0"
                    VPOS="907.0"
                    WIDTH="682.0"
                    HEIGHT="46.0"></String>
          </TextLine>

          
          
          <TextLine ID="line_48"
                    TAGREFS="LT83"
                    BASELINE="820 976 1506 971" 
                    HPOS="819.0"
                    VPOS="940.0"
                    WIDTH="687.0"
                    HEIGHT="57.0">
            <Shape><Polygon POINTS="820 976 820 997 863 989 955 989 969 995 970 995 972 995 973 995 991 988 1032 994 1033 994 1034 994 1049 988 1098 994 1099 994 1223 988 1300 993 1302 993 1303 993 1336 985 1503 991 1506 971 1503 948 1246 940 1244 940 1243 940 1242 940 1234 946 1229 949 1162 949 1155 946 1151 942 1150 942 1149 942 1148 942 1146 942 1134 946 1121 949 1109 946 1100 942 1099 942 1098 942 1097 942 1095 942 1090 946 1084 949 1044 944 1015 942 1014 942 1012 942 1004 944 987 951 921 944 903 943 902 943 900 943 897 944 879 951 870 944 870 943 868 943 867 943 866 943 819 943 820 976"/></Shape>
	    <String CONTENT="piés de su libertador y le dijo de este modo:"
                    HPOS="819.0"
                    VPOS="940.0"
                    WIDTH="687.0"
                    HEIGHT="57.0"></String>
          </TextLine>

          
          
          <TextLine ID="line_49"
                    TAGREFS="LT83"
                    BASELINE="820 1014 1508 1011" 
                    HPOS="819.0"
                    VPOS="980.0"
                    WIDTH="689.0"
                    HEIGHT="53.0">
            <Shape><Polygon POINTS="820 1014 820 1027 947 1033 949 1033 1071 1026 1085 1026 1095 1026 1172 1032 1173 1032 1174 1032 1176 1032 1182 1026 1193 1032 1195 1032 1196 1033 1270 1033 1270 1032 1271 1032 1272 1032 1280 1025 1281 1025 1298 1031 1299 1031 1300 1031 1302 1031 1303 1031 1303 1030 1309 1025 1312 1025 1355 1031 1357 1031 1421 1025 1423 1025 1488 1031 1489 1031 1490 1031 1508 1023 1508 1011 1506 988 1307 980 1306 980 1304 980 1275 988 1210 981 1209 981 1207 981 1190 988 1181 981 1179 981 1178 981 1177 981 1176 981 1174 981 1165 988 1159 981 1158 981 1156 981 1155 981 1093 988 1048 981 1047 981 979 989 856 983 854 983 819 990 820 1014"/></Shape>
	    <String CONTENT="«Caballero : nacido en las playas del Africa, se-"
                    HPOS="819.0"
                    VPOS="980.0"
                    WIDTH="689.0"
                    HEIGHT="53.0"></String>
          </TextLine>

          
          
          <TextLine ID="line_50"
                    TAGREFS="LT83"
                    BASELINE="820 1054 1507 1049" 
                    HPOS="819.0"
                    VPOS="1019.0"
                    WIDTH="688.0"
                    HEIGHT="48.0">
            <Shape><Polygon POINTS="820 1054 820 1067 1506 1061 1507 1049 1504 1028 1423 1028 1414 1019 1413 1019 1411 1019 1410 1019 1322 1028 1318 1028 1316 1028 1274 1021 1272 1021 1271 1021 1270 1021 1260 1028 1227 1022 1225 1022 1090 1030 1079 1030 1077 1030 1070 1022 1069 1022 1067 1022 990 1022 988 1022 912 1030 911 1030 839 1023 838 1023 837 1023 819 1030 820 1054"/></Shape>
	    <String CONTENT="gun podeis inferir por el color de mi rostro, la"
                    HPOS="819.0"
                    VPOS="1019.0"
                    WIDTH="688.0"
                    HEIGHT="48.0"></String>
          </TextLine>

          
          
          <TextLine ID="line_51"
                    TAGREFS="LT83"
                    BASELINE="821 1092 1509 1089" 
                    HPOS="820.0"
                    VPOS="1058.0"
                    WIDTH="689.0"
                    HEIGHT="51.0">
            <Shape><Polygon POINTS="821 1092 821 1109 1508 1105 1509 1089 1504 1058 1490 1065 1425 1065 1416 1058 1415 1058 1414 1058 1413 1058 1411 1058 1410 1058 1402 1064 1374 1058 1371 1058 1369 1058 1364 1058 1332 1064 1326 1059 1326 1058 1325 1058 1323 1058 1165 1058 1164 1058 1163 1058 1159 1059 1140 1065 820 1060 821 1092"/></Shape>
	    <String CONTENT="fortuna adversa me redujo á la esclavitud y fuí"
                    HPOS="820.0"
                    VPOS="1058.0"
                    WIDTH="689.0"
                    HEIGHT="51.0"></String>
          </TextLine>

          
          
          <TextLine ID="line_52"
                    TAGREFS="LT83"
                    BASELINE="820 1131 1507 1125" 
                    HPOS="819.0"
                    VPOS="1095.0"
                    WIDTH="688.0"
                    HEIGHT="51.0">
            <Shape><Polygon POINTS="820 1131 820 1146 1506 1146 1507 1125 1504 1102 1354 1096 1353 1096 1295 1102 1272 1095 1271 1095 1270 1095 1269 1095 1267 1095 1267 1096 1260 1102 1237 1097 1235 1097 1234 1097 1233 1097 1233 1098 1227 1105 1184 1105 1093 1096 1091 1096 1090 1096 1056 1105 986 1097 984 1097 983 1097 982 1097 969 1105 879 1098 877 1098 819 1107 820 1131"/></Shape>
	    <String CONTENT="conducido á América hace ya diez años, donde"
                    HPOS="819.0"
                    VPOS="1095.0"
                    WIDTH="688.0"
                    HEIGHT="51.0"></String>
          </TextLine>

          
          
          <TextLine ID="line_53"
                    TAGREFS="LT83"
                    BASELINE="817 1171 1504 1167" 
                    HPOS="814.0"
                    VPOS="1134.0"
                    WIDTH="688.0"
                    HEIGHT="54.0">
            <Shape><Polygon POINTS="816 1170 816 1188 1500 1188 1502 1165 1499 1138 814 1134 816 1170"/></Shape>
	    <String CONTENT="he trabajado sin descanso, labrando la tierra y"
                    HPOS="814.0"
                    VPOS="1134.0"
                    WIDTH="688.0"
                    HEIGHT="54.0"></String>
          </TextLine>

          
          
          <TextLine ID="line_54"
                    TAGREFS="LT83"
                    BASELINE="820 1209 1506 1205" 
                    HPOS="819.0"
                    VPOS="1175.0"
                    WIDTH="687.0"
                    HEIGHT="56.0">
            <Shape><Polygon POINTS="820 1209 820 1222 854 1231 856 1231 857 1231 888 1223 889 1223 894 1223 1004 1230 1005 1230 1035 1224 1048 1222 1055 1224 1069 1230 1070 1230 1071 1230 1072 1230 1086 1224 1089 1223 1090 1224 1097 1230 1098 1230 1099 1230 1100 1230 1132 1224 1145 1223 1156 1224 1174 1228 1176 1228 1177 1228 1183 1226 1190 1222 1214 1226 1242 1230 1243 1230 1244 1230 1258 1226 1279 1221 1317 1226 1334 1228 1335 1228 1348 1227 1382 1221 1392 1227 1393 1228 1395 1228 1396 1228 1397 1228 1407 1227 1437 1222 1504 1227 1506 1205 1504 1184 1480 1176 1479 1176 1478 1176 1376 1182 1368 1176 1368 1175 1367 1175 1365 1175 1321 1175 1320 1175 1318 1175 1298 1182 1290 1175 1289 1175 1288 1175 1286 1175 1285 1175 1284 1175 1272 1184 1228 1176 1227 1176 1130 1182 1112 1176 1111 1176 1109 1176 1108 1176 1081 1184 1055 1176 1053 1176 1052 1176 1051 1176 1029 1185 1028 1185 1018 1185 883 1177 881 1177 819 1185 820 1209"/></Shape>
	    <String CONTENT="regándola con mis lágrimas y el copioso sudor"
                    HPOS="819.0"
                    VPOS="1175.0"
                    WIDTH="687.0"
                    HEIGHT="56.0"></String>
          </TextLine>

          
          
          <TextLine ID="line_55"
                    TAGREFS="LT83"
                    BASELINE="819 1249 1504 1246" 
                    HPOS="818.0"
                    VPOS="1217.0"
                    WIDTH="686.0"
                    HEIGHT="49.0">
            <Shape><Polygon POINTS="819 1249 819 1261 1502 1266 1504 1246 1500 1219 1241 1223 1227 1222 1181 1217 1179 1217 1178 1217 1177 1217 1170 1223 1169 1224 1114 1224 1107 1223 1079 1218 1077 1218 1047 1224 1044 1224 1043 1224 1030 1218 1029 1218 1028 1218 1026 1218 1004 1224 1002 1224 998 1224 902 1218 900 1218 860 1224 835 1218 834 1218 833 1218 832 1218 818 1224 819 1249"/></Shape>
	    <String CONTENT="de mi abrasada frente. Mil veces me hubiera"
                    HPOS="818.0"
                    VPOS="1217.0"
                    WIDTH="686.0"
                    HEIGHT="49.0"></String>
          </TextLine>

          
          
          <TextLine ID="line_56"
                    TAGREFS="LT83"
                    BASELINE="818 1288 1503 1283" 
                    HPOS="816.0"
                    VPOS="1254.0"
                    WIDTH="687.0"
                    HEIGHT="56.0">
            <Shape><Polygon POINTS="818 1288 819 1310 838 1302 941 1307 963 1308 964 1308 973 1307 1007 1301 1099 1305 1158 1307 1159 1307 1160 1307 1169 1303 1179 1300 1188 1303 1195 1306 1196 1306 1197 1307 1323 1307 1323 1306 1502 1297 1503 1283 1500 1260 1330 1254 1328 1254 1327 1254 1316 1260 1313 1261 816 1261 818 1288"/></Shape>
	    <String CONTENT="dado la muerte por librarme de la dura esclavi-"
                    HPOS="816.0"
                    VPOS="1254.0"
                    WIDTH="687.0"
                    HEIGHT="56.0"></String>
          </TextLine>

          
          
          <TextLine ID="line_57"
                    TAGREFS="LT83"
                    BASELINE="820 1325 1504 1322" 
                    HPOS="819.0"
                    VPOS="1294.0"
                    WIDTH="685.0"
                    HEIGHT="46.0">
            <Shape><Polygon POINTS="820 1325 820 1340 1503 1340 1504 1322 1502 1302 1397 1302 1396 1301 1387 1294 1386 1294 1385 1294 1383 1294 1382 1294 1381 1294 1373 1301 1336 1294 1335 1294 1293 1301 1292 1301 1290 1301 1269 1294 1267 1294 1169 1294 1168 1294 1167 1294 1165 1294 1156 1301 1155 1302 1144 1301 1109 1296 1108 1296 1107 1296 1095 1301 1091 1302 1077 1301 1037 1296 1035 1296 1034 1296 1033 1296 1025 1301 1023 1302 1016 1301 998 1296 997 1296 996 1296 995 1296 977 1301 969 1302 956 1301 925 1296 923 1296 922 1296 907 1301 900 1302 894 1301 879 1296 877 1296 876 1296 819 1300 820 1325"/></Shape>
	    <String CONTENT="tud, pero al mirar á este tierno niño, fruto de"
                    HPOS="819.0"
                    VPOS="1294.0"
                    WIDTH="685.0"
                    HEIGHT="46.0"></String>
          </TextLine>

          
          
          <TextLine ID="line_58"
                    TAGREFS="LT83"
                    BASELINE="818 1366 1504 1366" 
                    HPOS="818.0"
                    VPOS="1335.0"
                    WIDTH="686.0"
                    HEIGHT="46.0">
            <Shape><Polygon POINTS="818 1366 818 1377 1503 1381 1504 1366 1504 1343 1467 1335 1466 1335 1465 1335 1464 1335 1455 1342 1425 1335 1424 1335 1355 1342 1318 1335 1317 1335 1316 1335 1314 1335 1306 1340 1300 1337 1300 1335 1299 1335 1298 1335 1220 1335 1219 1335 1186 1342 1077 1335 1076 1335 1043 1342 1019 1335 1018 1335 1016 1335 977 1342 951 1335 950 1335 949 1335 947 1335 946 1335 937 1343 886 1343 860 1335 858 1335 857 1335 818 1342 818 1366"/></Shape>
	    <String CONTENT="mi matrimonio, y el cual es todo mi consuelo,"
                    HPOS="818.0"
                    VPOS="1335.0"
                    WIDTH="686.0"
                    HEIGHT="46.0"></String>
          </TextLine>

          
          
          <TextLine ID="line_59"
                    TAGREFS="LT83"
                    BASELINE="817 1405 1500 1404" 
                    HPOS="816.0"
                    VPOS="1373.0"
                    WIDTH="683.0"
                    HEIGHT="53.0">
            <Shape><Polygon POINTS="816 1403 816 1422 1497 1426 1499 1403 1497 1373 816 1375 816 1403"/></Shape>
	    <String CONTENT="conocí que debia vivir para él. Así he seguido"
                    HPOS="816.0"
                    VPOS="1373.0"
                    WIDTH="683.0"
                    HEIGHT="53.0"></String>
          </TextLine>

          
          
          <TextLine ID="line_60"
                    TAGREFS="LT83"
                    BASELINE="819 1445 1502 1442" 
                    HPOS="818.0"
                    VPOS="1413.0"
                    WIDTH="684.0"
                    HEIGHT="50.0">
            <Shape><Polygon POINTS="819 1445 819 1463 1500 1463 1502 1442 1499 1421 1186 1413 1184 1413 1183 1413 1182 1413 1174 1419 1076 1414 1075 1414 1074 1414 1057 1421 889 1414 888 1414 886 1414 868 1421 861 1414 860 1414 858 1414 857 1414 818 1422 819 1445"/></Shape>
	    <String CONTENT="soportando toda clase de fatigas y sufrimientos,"
                    HPOS="818.0"
                    VPOS="1413.0"
                    WIDTH="684.0"
                    HEIGHT="50.0"></String>
          </TextLine>

          
          
          <TextLine ID="line_61"
                    TAGREFS="LT83"
                    BASELINE="817 1483 1506 1483" 
                    HPOS="816.0"
                    VPOS="1451.0"
                    WIDTH="688.0"
                    HEIGHT="55.0">
            <Shape><Polygon POINTS="816 1482 816 1499 1502 1506 1504 1482 1502 1451 816 1453 816 1482"/></Shape>
	    <String CONTENT="compartiendo con mi tierno hijo, el negro y du-"
                    HPOS="816.0"
                    VPOS="1451.0"
                    WIDTH="688.0"
                    HEIGHT="55.0"></String>
          </TextLine>

          
          
          <TextLine ID="eSc_line_05b05771"
                    TAGREFS="LT83"
                    BASELINE="817 1524 1499 1525" 
                    HPOS="814.0"
                    VPOS="1493.0"
                    WIDTH="683.0"
                    HEIGHT="54.0">
            <Shape><Polygon POINTS="816 1522 814 1533 868 1545 869 1547 1495 1547 1497 1524 1495 1493 816 1493 816 1522"/></Shape>
	    <String CONTENT="ro pan que me servia de alimento; pero ayer,"
                    HPOS="814.0"
                    VPOS="1493.0"
                    WIDTH="683.0"
                    HEIGHT="54.0"></String>
          </TextLine>

          
          
          <TextLine ID="line_63"
                    TAGREFS="LT83"
                    BASELINE="817 1562 1503 1562" 
                    HPOS="816.0"
                    VPOS="1535.0"
                    WIDTH="686.0"
                    HEIGHT="44.0">
            <Shape><Polygon POINTS="816 1560 816 1579 1502 1579 1502 1560 1502 1535 816 1535 816 1560"/></Shape>
	    <String CONTENT="estando en el trabajo se entretenia el desdicha-"
                    HPOS="816.0"
                    VPOS="1535.0"
                    WIDTH="686.0"
                    HEIGHT="44.0"></String>
          </TextLine>

          
          
          <TextLine ID="line_64"
                    TAGREFS="LT83"
                    BASELINE="819 1600 1502 1600" 
                    HPOS="818.0"
                    VPOS="1577.0"
                    WIDTH="1.0"
                    HEIGHT="37.0">
            <Shape><Polygon POINTS="819 1577 818 1577 818 1600 818 1614 819 1614"/></Shape>
	    <String CONTENT="do niño en perseguir las blancas mariposas"
                    HPOS="818.0"
                    VPOS="1577.0"
                    WIDTH="1.0"
                    HEIGHT="37.0"></String>
          </TextLine>

          
          
          <TextLine ID="eSc_line_12729e71"
                    TAGREFS="LT83"
                    BASELINE="819 1640 1500 1637" 
                    HPOS="817.0"
                    VPOS="1608.0"
                    WIDTH="2.0"
                    HEIGHT="48.0">
            <Shape><Polygon POINTS="819 1656 817 1656 817 1608 818 1608 819 1608"/></Shape>
	    <String CONTENT="cuando vino el capataz y le cruzó la cara a lati-"
                    HPOS="817.0"
                    VPOS="1608.0"
                    WIDTH="2.0"
                    HEIGHT="48.0"></String>
          </TextLine>

          
          
          <TextLine ID="line_66"
                    TAGREFS="LT83"
                    BASELINE="819 1680 1498 1678" 
                    HPOS="809.0"
                    VPOS="1646.0"
                    WIDTH="10.0"
                    HEIGHT="52.0">
            <Shape><Polygon POINTS="819 1646 815 1646 814 1646 812 1646 811 1646 811 1647 810 1647 809 1647 810 1680 810 1698 819 1696"/></Shape>
	    <String CONTENT="gazos. Si V. es padre de familia, caballero,"
                    HPOS="809.0"
                    VPOS="1646.0"
                    WIDTH="10.0"
                    HEIGHT="52.0"></String>
          </TextLine>

          
          
          <TextLine ID="line_69"
                    TAGREFS="LT83"
                    BASELINE="819 1719 1498 1716" 
                    HPOS="812.0"
                    VPOS="1689.0"
                    WIDTH="7.0"
                    HEIGHT="44.0">
            <Shape><Polygon POINTS="819 1689 812 1689 814 1719 814 1733 819 1733"/></Shape>
	    <String CONTENT="podrá comprender el agudo dolor que yo sentí:"
                    HPOS="812.0"
                    VPOS="1689.0"
                    WIDTH="7.0"
                    HEIGHT="44.0"></String>
          </TextLine>

          
          
          <TextLine ID="line_70"
                    TAGREFS="LT83"
                    BASELINE="819 1758 1498 1755" 
                    HPOS="811.0"
                    VPOS="1733.0"
                    WIDTH="8.0"
                    HEIGHT="44.0">
            <Shape><Polygon POINTS="819 1733 811 1733 812 1758 812 1777 819 1776"/></Shape>
	    <String CONTENT="lleno de indignación cojí la azada con que la-"
                    HPOS="811.0"
                    VPOS="1733.0"
                    WIDTH="8.0"
                    HEIGHT="44.0"></String>
          </TextLine>

          
          
          <TextLine ID="eSc_line_de90d756"
                    TAGREFS="LT83"
                    BASELINE="819 1798 1499 1795" 
                    HPOS="819.0"
                    VPOS="1763.0"
                    WIDTH="680.0"
                    HEIGHT="51.0">
            <Shape><Polygon POINTS="824 1766 826 1766 956 1769 1005 1771 1007 1769 1018 1764 1187 1764 1213 1769 1218 1771 1220 1769 1235 1763 1359 1763 1372 1769 1444 1763 1446 1763 1497 1771 1499 1795 1498 1809 819 1814 819 1768"/></Shape>
	    <String CONTENT="braba y la arrojé á la cabeza del verdugo. En-"
                    HPOS="819.0"
                    VPOS="1763.0"
                    WIDTH="680.0"
                    HEIGHT="51.0"></String>
          </TextLine>

          
          
          <TextLine ID="line_73"
                    TAGREFS="LT83"
                    BASELINE="819 1837 1499 1837" 
                    HPOS="812.0"
                    VPOS="1804.0"
                    WIDTH="7.0"
                    HEIGHT="47.0">
            <Shape><Polygon POINTS="819 1805 814 1804 812 1837 812 1851 819 1851"/></Shape>
	    <String CONTENT="tonces para librarme del castigo bárbaro y cruel"
                    HPOS="812.0"
                    VPOS="1804.0"
                    WIDTH="7.0"
                    HEIGHT="47.0"></String>
          </TextLine>

          
          
          <TextLine ID="eSc_line_feda8e94"
                    TAGREFS="LT83"
                    BASELINE="819 1877 1498 1875" 
                    HPOS="819.0"
                    VPOS="1842.0"
                    WIDTH="679.0"
                    HEIGHT="50.0">
            <Shape><Polygon POINTS="1023 1852 1039 1848 1066 1842 1067 1842 1095 1848 1112 1848 1172 1843 1174 1843 1183 1848 1187 1850 1207 1848 1276 1842 1279 1842 1293 1848 1295 1850 1494 1850 1498 1875 1497 1890 819 1892 819 1852"/></Shape>
	    <String CONTENT="que me aguardaba, tomé al niño en mis brazos"
                    HPOS="819.0"
                    VPOS="1842.0"
                    WIDTH="679.0"
                    HEIGHT="50.0"></String>
          </TextLine>

          
          
          <TextLine ID="eSc_line_736af13c"
                    TAGREFS="LT83"
                    BASELINE="819 1916 1494 1915" 
                    HPOS="819.0"
                    VPOS="1884.0"
                    WIDTH="675.0"
                    HEIGHT="51.0">
            <Shape><Polygon POINTS="931 1892 968 1892 992 1885 995 1885 1024 1892 1037 1892 1095 1884 1098 1884 1122 1890 1228 1884 1230 1884 1249 1890 1325 1884 1326 1884 1404 1890 1464 1884 1466 1884 1493 1892 1494 1915 1493 1935 1399 1935 1397 1934 1396 1934 1381 1927 1325 1934 1323 1934 1252 1927 916 1935 914 1935 819 1933 819 1888"/></Shape>
	    <String CONTENT="y emprendí la fuga internándome en el bosque,"
                    HPOS="819.0"
                    VPOS="1884.0"
                    WIDTH="675.0"
                    HEIGHT="51.0"></String>
          </TextLine>

          
          
          <TextLine ID="eSc_line_bad116e8"
                    TAGREFS="LT83"
                    BASELINE="819 1953 1495 1952" 
                    HPOS="819.0"
                    VPOS="1930.0"
                    WIDTH="676.0"
                    HEIGHT="41.0">
            <Shape><Polygon POINTS="1493 1930 1495 1952 1494 1971 819 1971 819 1930"/></Shape>
	    <String CONTENT="hasta que la suerte ha querido que vos fueseis"
                    HPOS="819.0"
                    VPOS="1930.0"
                    WIDTH="676.0"
                    HEIGHT="41.0"></String>
          </TextLine>

          
          
          <TextLine ID="eSc_line_d51514f6"
                    TAGREFS="LT83"
                    BASELINE="819 1995 1495 1994" 
                    HPOS="819.0"
                    VPOS="1966.0"
                    WIDTH="676.0"
                    HEIGHT="48.0">
            <Shape><Polygon POINTS="1492 1966 1495 1994 1493 2013 1091 2006 1071 2013 1069 2013 1069 2014 852 2014 851 2013 846 2013 819 2007 819 1966"/></Shape>
	    <String CONTENT="mi salvador.» El jóven caballero, que se llamaba"
                    HPOS="819.0"
                    VPOS="1966.0"
                    WIDTH="676.0"
                    HEIGHT="48.0"></String>
          </TextLine>

          
          
          <TextLine ID="eSc_line_85c17a40"
                    TAGREFS="LT83"
                    BASELINE="819 2033 1492 2032" 
                    HPOS="819.0"
                    VPOS="2007.0"
                    WIDTH="673.0"
                    HEIGHT="45.0">
            <Shape><Polygon POINTS="1489 2009 1492 2032 1490 2052 819 2052 819 2007"/></Shape>
	    <String CONTENT="D. Diego de Carvajal, natural de aquel pais y"
                    HPOS="819.0"
                    VPOS="2007.0"
                    WIDTH="673.0"
                    HEIGHT="45.0"></String>
          </TextLine>

          
          
          <TextLine ID="eSc_line_3cd8d4d4"
                    TAGREFS="LT83"
                    BASELINE="819 2073 1490 2075" 
                    HPOS="819.0"
                    VPOS="2041.0"
                    WIDTH="671.0"
                    HEIGHT="51.0">
            <Shape><Polygon POINTS="851 2041 972 2041 982 2044 991 2048 998 2044 1009 2041 1011 2041 1058 2042 1060 2042 1066 2044 1079 2050 1108 2044 1126 2042 1127 2042 1148 2044 1182 2050 1196 2044 1204 2042 1207 2042 1216 2044 1235 2050 1266 2044 1283 2042 1284 2042 1302 2044 1339 2050 1365 2044 1378 2042 1379 2042 1395 2044 1428 2050 1488 2044 1490 2075 1488 2092 819 2088 819 2044"/></Shape>
	    <String CONTENT="descendiente de una de las familias mas ricas, y"
                    HPOS="819.0"
                    VPOS="2041.0"
                    WIDTH="671.0"
                    HEIGHT="51.0"></String>
          </TextLine>

          
          
          <TextLine ID="eSc_line_64917a4e"
                    TAGREFS="LT83"
                    BASELINE="819 2114 1492 2115" 
                    HPOS="819.0"
                    VPOS="2089.0"
                    WIDTH="673.0"
                    HEIGHT="50.0">
            <Shape><Polygon POINTS="1490 2089 1492 2115 1490 2135 1378 2139 1377 2139 1357 2136 1328 2131 1293 2136 1269 2139 1267 2139 1248 2136 1220 2131 1202 2136 1196 2137 1192 2137 1188 2136 1178 2131 1058 2131 1032 2136 1015 2139 1012 2139 1001 2136 979 2131 842 2131 819 2134 819 2089"/></Shape>
	    <String CONTENT="de nobles sentimientos, no pudo reprimir su in-"
                    HPOS="819.0"
                    VPOS="2089.0"
                    WIDTH="673.0"
                    HEIGHT="50.0"></String>
          </TextLine>

          
        </TextBlock>
        

        
      </PrintSpace>
    </Page>
  </Layout>
</alto>
