1664 2296
667.0 128.0 184.0 51.0 — 21—

70.0 181.0 692.0 48.0 firme y sereno: en su semblante se dibujaba

67.0 218.0 693.0 48.0 la mayor resignacion y calma, y no habia duda

67.0 258.0 693.0 45.0 que la ventaja estaba en su favor. El Marqués

67.0 300.0 695.0 46.0 impaciente tomó su espada y se puso en guar-

65.0 331.0 697.0 57.0 dia pero en menos de cinco minutos fué desar-

67.0 375.0 695.0 47.0 mado por dos veces. D. Diego impasible y ani-

70.0 413.0 690.0 51.0 moso no quiso ni tan solo herirle. Él gritaba

68.0 455.0 694.0 50.0 que le diese muerte pero Diego arrojó la espa-

67.0 489.0 695.0 48.0 da léjos de sí. Entónces el Marqués propuso ju-

65.0 524.0 697.0 57.0 garse la vida al azar. Diego salió vencedor y

72.0 567.0 689.0 50.0 habiendo ganado la partida dijo á su contrario:

70.0 602.0 692.0 50.0 « Marqués la suerte me proteje: os dije que no

67.0 640.0 695.0 58.0 habia llegado aun mi hora, y ya veis que mis

68.0 683.0 693.0 51.0 pronósticos son infalibles. Ahora os perdono la

68.0 725.0 694.0 46.0 vida pero con la condicion de que no volvais á

68.0 757.0 694.0 50.0 ver á Lola hasta que yo os lo mande.» El Mar-

67.0 797.0 695.0 52.0 qués vencido por la generosidad de D. Diego,

63.0 839.0 699.0 46.0 no quiso luchar por mas tiempo con su destino

67.0 882.0 695.0 47.0 y ofrecióle cumplir su palabra marchándose

68.0 919.0 695.0 44.0 aquel mismo dia al estranjero. Despidiéronse

65.0 954.0 700.0 54.0 amistosamente tomando D. Diego el camino de

68.0 994.0 692.0 50.0 su casa. Tomó pasaje para América en la fraga-

65.0 1040.0 695.0 42.0 ta y escribió dos cartas, una para Lola despi-

65.0 1077.0 695.0 48.0 diéndose de ella para siempre, y otra al Mar-

70.0 1117.0 695.0 52.0 qués en que le relevaba de su compromiso per-

70.0 1153.0 695.0 48.0 mitiéndole volver al lado de su esposa. En ella

65.0 1190.0 700.0 49.0 le rogaba encarecidamente que procurase hacer

68.0 1226.0 692.0 54.0 feliz aquella interesante criatura que tan digna

65.0 1271.0 691.0 49.0 era de él y concluia la carta de este modo:

67.0 1304.0 693.0 58.0 « Marqués, hacedla tan feliz como merece su

65.0 1348.0 585.0 51.0 desgracia, y amadla por vos y por mí.»

93.0 1379.0 663.0 54.0 El Marqués hacia sus preparativos de viaje

68.0 1423.0 688.0 54.0 lo mismo que D. Diego, pero apenas hubo reci-

68.0 1459.0 688.0 50.0 bido de manos de Juan la carta de aquel, leyó

63.0 1501.0 689.0 53.0 con indiferencia su contenido, y no bien habia

63.0 1542.0 688.0 51.0 comprendido la inmensa generosidad de aquel

63.0 1584.0 691.0 46.0 hombre tan grande y tan caballero, corrió en

61.0 1618.0 693.0 50.0 busca de su esposa y arrojándose á sus piés la

61.0 1662.0 693.0 52.0 dijo: «Perdon para tu esposo, Lola mia, yo te

61.0 1697.0 693.0 53.0 creí culpable porque no habia comprendido tu

57.0 1735.0 697.0 55.0 desventura. Llora, sí, haces bien en verter

65.0 1779.0 689.0 44.0 amargo llanto por el hombre que has perdido.

61.0 1816.0 690.0 46.0 Solo siento que él me ha ganado á generoso. De

62.0 1853.0 685.0 46.0 hoy en adelante ya seré tu amigo ; no tengas

59.0 1890.0 686.0 52.0 ningun reparo en depositar tus penas en mi

61.0 1931.0 688.0 48.0 corazon como en el de tu mejor amigo que

59.0 1968.0 687.0 48.0 procurará hallar consuelos para tí.» Perdona la

57.0 2003.0 697.0 51.0 ofensa que te hice, pues ahora conozco que yo

61.0 2047.0 684.0 50.0 no era digno de tí.» Lola enternecida alargó

65.0 2080.0 686.0 61.0 una mano á su esposo, y viendo en la carta del

783.0 212.0 691.0 19.0 Marqués la generosidad y nobleza de alma de

783.0 218.0 689.0 53.0 aquel hombre á quien tanto amaba, su corazon

783.0 262.0 689.0 47.0 padecia un horrible martirio. Estrechó la mano

783.0 298.0 691.0 46.0 del Marqués perdonándole la ofensa, pero te-

783.0 334.0 687.0 48.0 miondo que algun dia las lágrimas que el re-

783.0 375.0 687.0 51.0 cuerdo de su amante habian de arrancar de su

779.0 413.0 693.0 51.0 corazon mientras viviese pudiesen ofender al

779.0 451.0 687.0 54.0 Marqués, le dijo: «Marqués, y si algun dia

781.0 491.0 689.0 46.0 veis mi rostro bañado en llanto, tendreis ce-

779.0 526.0 691.0 51.0 los ? El Marqués le respondió tambien con

781.0 570.0 689.0 48.0 amargura : « No, Lola mia, yo sé que hay deu-

779.0 602.0 687.0 56.0 das sagradas que no se pagan en la tierra;

779.0 640.0 695.0 56.0 quien comprende el alma noble y generosa de

779.0 683.0 687.0 49.0 D. Diego no puede menos de llorar su desven-

777.0 727.0 691.0 44.0 tura. No pongais reparo en vuestro llanto: de

777.0 763.0 693.0 46.0 hoy en adelante caerán vuestras lágrimas en el

777.0 797.0 691.0 54.0 seno de un amigo que tomará parte en vuestro

775.0 836.0 691.0 53.0 dolor. No sabeis cuanto me interesa la desgra-

775.0 880.0 693.0 51.0 cia de ese hombre, y ojalá estuviera en mi ma-

775.0 912.0 693.0 54.0 no el hacerle feliz.» Las palabras del Marqués

777.0 960.0 691.0 50.0 desgarraban mas y mas el dolorido corazon de

777.0 996.0 687.0 50.0 Lola. Toda la historia de su amor se agolpaba

775.0 1031.0 693.0 51.0 ahora á su abatida imaginacion y al considerar

777.0 1071.0 689.0 57.0 la dicha que hubiera hallado al lado de aquel

775.0 1117.0 689.0 50.0 hombre sublime y generoso á quien ella habia

777.0 1157.0 685.0 48.0 hecho desgraciado llenando de amargura su ec-

777.0 1190.0 685.0 57.0 sistencia, si hubiese sido fiel á su promesa,

779.0 1230.0 683.0 57.0 sentia que su pena se agravaba mas y mas. La

779.0 1274.0 687.0 50.0 idea de una separacion eterna la asustaba; al

779.0 1310.0 678.0 54.0 considerar que no veria ya mas al hombre tan

777.0 1352.0 687.0 47.0 amado de su corazon, sentia que las fuerzas la

773.0 1390.0 689.0 52.0 abandonaban y se creia próxima á fallecer.

773.0 1425.0 688.0 55.0 ¿Cómo podia resistir con calma la idea de se-

771.0 1461.0 686.0 58.0 pararse de su amante para siempre, cuando

772.0 1506.0 687.0 45.0 era tan desgraciado, y cuando su sublime ge-

772.0 1547.0 690.0 47.0 nerosidad habia cautivado mas y mas el corazon

773.0 1584.0 688.0 48.0 de Lola ? ¡Imposible! Lola invocaba la muerte

773.0 1626.0 688.0 46.0 en su ayuda para que viniese á poner término

773.0 1658.0 686.0 56.0 á tan amargo sufrimiento. Al fin ocurrió á su

771.0 1697.0 686.0 47.0 memoria la generosidad de su esposo, y po-

771.0 1739.0 688.0 53.0 niendo en él toda su esperanza la dijo: « Mar-

773.0 1775.0 689.0 50.0 qués, el dolor que me causa la separacion eter-

766.0 1817.0 695.0 45.0 na de ese hombre, me desgarra el alma y me

765.0 1854.0 693.0 44.0 siento ya sin fuerzas para resistir tanto marti-

766.0 1890.0 692.0 47.0 rio; si al menos pudiera yo verle por la últi-

765.0 1929.0 689.0 50.0 ma vez y darle mi postrer adios de despedida,

765.0 1969.0 691.0 50.0 acaso esto endulzaria mis penas algun tanto.»

765.0 2005.0 690.0 51.0 El Marqués ya no era el ofendido y celoso es-

765.0 2043.0 690.0 52.0 poso de Lola, era su mas tierno amigo, así es

764.0 2081.0 689.0 67.0 que compadecido del dolor acerbo de aquella
