<?xml version="1.0" encoding="UTF-8"?>
<alto xmlns:xsi="http://www.w3.org/2001/XMLSchema-instance"
      xmlns="http://www.loc.gov/standards/alto/ns-v4#"
      xsi:schemaLocation="http://www.loc.gov/standards/alto/ns-v4# http://www.loc.gov/standards/alto/v4/alto-4-2.xsd">
  <Description>
    <MeasurementUnit>pixel</MeasurementUnit>
    <sourceImageInformation>
      <fileName>Varios_433_24.jpg</fileName>
      
    </sourceImageInformation>
  </Description>
  
  <Tags>
    <OtherTag ID="BT221" LABEL="CustomZone:impresorNum" DESCRIPTION="block type CustomZone:impresorNum"/><OtherTag ID="BT222" LABEL="CustomZone:numero_pliego" DESCRIPTION="block type CustomZone:numero_pliego"/><OtherTag ID="BT223" LABEL="CustomZone:title" DESCRIPTION="block type CustomZone:title"/><OtherTag ID="BT224" LABEL="GraphicZone:illustration" DESCRIPTION="block type GraphicZone:illustration"/><OtherTag ID="BT225" LABEL="GraphicZone:ornamentation" DESCRIPTION="block type GraphicZone:ornamentation"/><OtherTag ID="BT226" LABEL="MainZone" DESCRIPTION="block type MainZone"/><OtherTag ID="BT227" LABEL="MainZone:columns" DESCRIPTION="block type MainZone:columns"/><OtherTag ID="BT228" LABEL="MarginTextZone:colophon" DESCRIPTION="block type MarginTextZone:colophon"/><OtherTag ID="BT229" LABEL="MarginTextZone:note" DESCRIPTION="block type MarginTextZone:note"/><OtherTag ID="BT230" LABEL="MusicZone" DESCRIPTION="block type MusicZone"/><OtherTag ID="BT231" LABEL="NumberingZone:page" DESCRIPTION="block type NumberingZone:page"/><OtherTag ID="BT232" LABEL="QuireMarksZone:catchwords" DESCRIPTION="block type QuireMarksZone:catchwords"/><OtherTag ID="BT233" LABEL="QuireMarksZone:signature" DESCRIPTION="block type QuireMarksZone:signature"/><OtherTag ID="BT234" LABEL="RunningTitleZone" DESCRIPTION="block type RunningTitleZone"/>
    <OtherTag ID="LT81" LABEL="CustomLine:propriedad" DESCRIPTION="line type CustomLine:propriedad"/><OtherTag ID="LT82" LABEL="CustomLine:trailer" DESCRIPTION="line type CustomLine:trailer"/><OtherTag ID="LT83" LABEL="DefaultLine" DESCRIPTION="line type DefaultLine"/><OtherTag ID="LT84" LABEL="HeadingLine" DESCRIPTION="line type HeadingLine"/>
  </Tags>
  
  <Layout>
    <Page WIDTH="1667"
          HEIGHT="2293"
          PHYSICAL_IMG_NR="171"
          ID="eSc_dummypage_">
      <PrintSpace HPOS="0"
                  VPOS="0"
                  WIDTH="1667"
                  HEIGHT="2293">
        
        <TextBlock HPOS="741.0"
                   VPOS="51.0"
                   WIDTH="251.0"
                   HEIGHT="131.0"
                   ID="block_3"
                   TAGREFS="BT231">
          <Shape><Polygon POINTS="992 51 992 182 741 182 741 51"/></Shape>
          
          
          <TextLine ID="line_0"
                    TAGREFS="LT83"
                    BASELINE="820 154 953 152" 
                    HPOS="819.0"
                    VPOS="115.0"
                    WIDTH="134.0"
                    HEIGHT="60.0">
            <Shape><Polygon POINTS="820 154 820 174 916 168 949 175 953 152 949 126 894 126 889 123 880 115 879 115 878 115 876 115 819 119 820 154"/></Shape>
	    <String CONTENT="—24 —"
                    HPOS="819.0"
                    VPOS="115.0"
                    WIDTH="134.0"
                    HEIGHT="60.0"></String>
          </TextLine>

          
        </TextBlock>
        
        <TextBlock HPOS="140.0"
                   VPOS="160.0"
                   WIDTH="1447.0"
                   HEIGHT="269.0"
                   ID="block_1"
                   TAGREFS="BT226">
          <Shape><Polygon POINTS="1587 160 1587 429 140 429 140 160"/></Shape>
          
          
          <TextLine ID="line_1"
                    TAGREFS="LT83"
                    BASELINE="174 211 1562 208" 
                    HPOS="173.0"
                    VPOS="170.0"
                    WIDTH="1389.0"
                    HEIGHT="60.0">
            <Shape><Polygon POINTS="174 211 174 230 239 222 285 229 286 229 374 222 465 222 479 229 480 229 481 229 493 229 660 222 704 228 716 229 717 229 718 229 721 228 734 222 825 228 866 229 867 229 869 229 874 226 888 221 1052 226 1122 228 1124 228 1145 225 1183 221 1210 225 1229 228 1231 228 1561 222 1562 208 1559 179 1486 170 1484 170 1483 170 1455 178 1273 170 1271 170 1270 170 1237 178 1113 170 1112 170 1051 178 1036 170 1034 170 1033 170 986 178 960 170 959 170 958 170 866 179 847 171 846 171 616 171 615 171 614 171 581 180 397 180 377 173 375 173 374 173 373 173 356 179 272 171 271 171 270 171 247 179 207 174 206 174 173 180 174 211"/></Shape>
	    <String CONTENT="pronto, pues acaso no podré resistir el peso de mi amargura y bajaré á la tum-"
                    HPOS="173.0"
                    VPOS="170.0"
                    WIDTH="1389.0"
                    HEIGHT="60.0"></String>
          </TextLine>

          
          
          <TextLine ID="line_2"
                    TAGREFS="LT83"
                    BASELINE="173 254 1562 252" 
                    HPOS="172.0"
                    VPOS="216.0"
                    WIDTH="1390.0"
                    HEIGHT="57.0">
            <Shape><Polygon POINTS="173 254 173 267 865 273 866 273 911 267 915 267 1561 267 1562 252 1559 225 1435 225 1435 224 1418 216 1417 216 1415 216 1414 216 1392 224 1392 225 1243 225 1242 224 1208 216 1080 216 1079 216 1078 216 1076 216 1064 224 1062 225 967 225 966 224 939 216 938 216 936 216 935 216 904 224 902 224 898 224 836 217 834 217 833 217 816 224 811 226 755 226 751 224 741 217 740 217 739 217 627 217 625 217 595 224 584 225 574 224 539 217 537 217 172 222 173 254"/></Shape>
	    <String CONTENT="ba, sin poder exhalar en tus brazos mi postrer suspiro. Mis ojos son dos rau-"
                    HPOS="172.0"
                    VPOS="216.0"
                    WIDTH="1390.0"
                    HEIGHT="57.0"></String>
          </TextLine>

          
          
          <TextLine ID="line_3"
                    TAGREFS="LT83"
                    BASELINE="173 300 1561 298" 
                    HPOS="172.0"
                    VPOS="261.0"
                    WIDTH="1389.0"
                    HEIGHT="56.0">
            <Shape><Polygon POINTS="173 300 173 314 1558 317 1561 298 1557 267 1424 268 1415 266 1396 261 1395 261 1394 261 1392 261 1377 266 1371 268 1366 266 1357 262 1356 262 1354 262 1297 266 1254 268 1247 266 1236 261 1234 261 1073 261 1071 261 1070 261 1053 264 1039 268 978 264 908 261 907 261 875 264 836 271 658 271 646 264 644 263 643 263 642 263 635 264 601 270 574 263 564 262 563 262 562 262 556 263 542 271 442 271 418 263 412 262 411 262 335 262 333 262 332 262 330 263 319 268 303 263 299 262 298 262 296 262 285 263 242 268 172 263 173 300"/></Shape>
	    <String CONTENT="dales de lágrimas que borran estas cortas líneas. ¡Ojalá las brisas de los mares"
                    HPOS="172.0"
                    VPOS="261.0"
                    WIDTH="1389.0"
                    HEIGHT="56.0"></String>
          </TextLine>

          
          
          <TextLine ID="line_4"
                    TAGREFS="LT83"
                    BASELINE="173 342 1306 342" 
                    HPOS="173.0"
                    VPOS="308.0"
                    WIDTH="1133.0"
                    HEIGHT="62.0">
            <Shape><Polygon POINTS="173 342 173 366 225 359 303 359 319 366 324 369 326 369 327 370 471 370 471 369 472 369 481 366 500 359 525 366 536 369 537 369 539 370 610 370 610 369 611 369 620 365 638 359 663 365 678 369 679 369 680 369 681 369 694 365 718 359 865 359 878 365 885 369 887 369 888 369 916 365 930 363 957 364 987 366 988 366 990 366 991 366 994 364 1003 359 1042 364 1082 369 1083 370 1145 370 1145 369 1147 369 1161 364 1173 359 1305 363 1306 342 1306 315 1271 308 1270 308 1269 308 1245 314 1243 314 1228 314 946 308 945 308 944 308 943 308 936 313 932 315 633 315 607 310 591 308 590 308 588 308 587 308 584 310 576 315 486 315 479 309 477 308 476 308 475 308 391 308 389 308 381 309 339 314 173 308 173 342"/></Shape>
	    <String CONTENT="lleven á tu oido los suspiros y amorosas quejas de tu apasionada"
                    HPOS="173.0"
                    VPOS="308.0"
                    WIDTH="1133.0"
                    HEIGHT="62.0"></String>
          </TextLine>

          
          
          <TextLine ID="line_5"
                    TAGREFS="LT83"
                    BASELINE="1252 428 1353 428" 
                    HPOS="1252.0"
                    VPOS="379.0"
                    WIDTH="101.0"
                    HEIGHT="71.0">
            <Shape><Polygon POINTS="1252 428 1252 448 1352 450 1353 428 1353 388 1277 379 1275 379 1274 379 1252 387 1252 428"/></Shape>
	    <String CONTENT="Lola."
                    HPOS="1252.0"
                    VPOS="379.0"
                    WIDTH="101.0"
                    HEIGHT="71.0"></String>
          </TextLine>

          
        </TextBlock>
        
        <TextBlock HPOS="640.0"
                   VPOS="566.0"
                   WIDTH="449.0"
                   HEIGHT="107.0"
                   ID="eSc_textblock_383d70c8"
                   TAGREFS="BT223">
          <Shape><Polygon POINTS="640 566 640 673 1089 673 1089 566"/></Shape>
          
          
          <TextLine ID="line_6"
                    TAGREFS="LT83"
                    BASELINE="675 629 1047 629" 
                    HPOS="675.0"
                    VPOS="580.0"
                    WIDTH="372.0"
                    HEIGHT="69.0">
            <Shape><Polygon POINTS="675 629 675 642 714 649 716 649 844 643 862 649 864 649 865 649 902 643 1010 649 1011 649 1047 642 1047 629 1047 592 943 591 934 583 932 583 931 583 930 583 867 589 843 580 842 580 841 580 839 580 820 587 795 580 793 580 792 580 791 580 790 580 777 588 734 580 732 580 675 591 675 629"/></Shape>
	    <String CONTENT="CARTA TERCERA."
                    HPOS="675.0"
                    VPOS="580.0"
                    WIDTH="372.0"
                    HEIGHT="69.0"></String>
          </TextLine>

          
        </TextBlock>
        
        <TextBlock HPOS="47.0"
                   VPOS="672.0"
                   WIDTH="1590.0"
                   HEIGHT="787.0"
                   ID="block_2"
                   TAGREFS="BT226">
          <Shape><Polygon POINTS="1637 672 1637 1459 47 1459 47 672"/></Shape>
          
          
          <TextLine ID="line_7"
                    TAGREFS="LT83"
                    BASELINE="210 757 1557 754" 
                    HPOS="209.0"
                    VPOS="712.0"
                    WIDTH="1348.0"
                    HEIGHT="65.0">
            <Shape><Polygon POINTS="210 757 210 771 454 777 456 777 481 771 488 770 499 771 558 777 559 777 592 770 597 770 604 770 655 777 656 777 657 777 658 777 669 770 672 769 848 769 851 769 862 775 864 775 865 777 968 777 968 775 1014 769 1018 769 1022 769 1083 775 1084 775 1135 769 1144 768 1149 769 1176 774 1177 775 1372 775 1372 774 1373 774 1400 768 1401 768 1403 768 1442 774 1443 774 1445 774 1466 768 1533 774 1534 774 1535 774 1557 766 1557 754 1554 723 1438 714 1437 714 1387 722 1372 724 1206 724 1200 721 1190 715 1189 715 1187 715 1162 719 1150 722 1144 719 1131 715 1130 715 1129 715 1110 719 1087 726 926 726 884 718 857 714 856 714 855 714 846 718 830 726 778 726 753 717 750 717 749 717 748 717 743 717 707 723 681 717 661 712 660 712 658 712 554 713 534 715 472 726 444 717 443 717 442 717 440 717 426 722 361 714 342 713 341 713 209 713 210 757"/></Shape>
	    <String CONTENT="Querido Diego mio : tiemblo al escribirte por tercera vez, por que me temo"
                    HPOS="209.0"
                    VPOS="712.0"
                    WIDTH="1348.0"
                    HEIGHT="65.0"></String>
          </TextLine>

          
          
          <TextLine ID="line_8"
                    TAGREFS="LT83"
                    BASELINE="170 801 1558 798" 
                    HPOS="169.0"
                    VPOS="763.0"
                    WIDTH="1389.0"
                    HEIGHT="59.0">
            <Shape><Polygon POINTS="170 801 170 822 267 815 862 821 864 821 935 814 1556 820 1558 798 1556 773 1489 763 1429 763 1428 763 1427 763 1407 771 1405 773 1089 773 1083 769 1065 763 1064 763 990 763 988 763 987 763 974 769 972 770 963 769 936 764 935 764 897 769 861 774 744 774 721 768 703 764 702 764 653 768 610 770 600 766 591 764 590 764 588 764 587 764 581 766 569 771 548 766 544 766 542 766 541 766 540 766 523 773 504 766 500 765 499 765 498 765 486 766 442 773 397 765 383 764 382 764 169 764 170 801"/></Shape>
	    <String CONTENT="que esta triste carta será el último rayo que brille de mi esperanza. ¡Cuántas"
                    HPOS="169.0"
                    VPOS="763.0"
                    WIDTH="1389.0"
                    HEIGHT="59.0"></String>
          </TextLine>

          
          
          <TextLine ID="line_9"
                    TAGREFS="LT83"
                    BASELINE="172 847 1559 843" 
                    HPOS="170.0"
                    VPOS="808.0"
                    WIDTH="1389.0"
                    HEIGHT="55.0">
            <Shape><Polygon POINTS="172 847 172 863 1558 856 1559 843 1557 817 1502 808 1501 808 1266 816 1248 808 1247 808 1246 808 1245 808 1223 815 1102 808 1101 808 1099 808 1066 817 1064 817 1060 817 1003 810 1001 810 880 817 873 817 871 817 856 810 855 810 853 810 711 816 662 810 661 810 660 810 643 817 630 817 381 811 379 811 330 817 321 819 170 819 172 847"/></Shape>
	    <String CONTENT="penas y amarguras en dos años de ausencia, Diego mio! Mi alma, muda de do-"
                    HPOS="170.0"
                    VPOS="808.0"
                    WIDTH="1389.0"
                    HEIGHT="55.0"></String>
          </TextLine>

          
          
          <TextLine ID="line_10"
                    TAGREFS="LT83"
                    BASELINE="170 890 1554 887" 
                    HPOS="169.0"
                    VPOS="854.0"
                    WIDTH="1385.0"
                    HEIGHT="56.0">
            <Shape><Polygon POINTS="170 890 170 905 361 910 363 910 364 910 379 905 384 904 509 904 518 905 551 910 553 910 596 905 606 904 616 905 671 910 672 910 802 904 816 904 820 904 860 910 861 910 986 904 1011 903 1043 904 1192 909 1194 909 1195 909 1214 903 1217 903 1220 903 1257 909 1259 910 1512 910 1512 909 1553 901 1554 887 1551 854 169 854 170 890"/></Shape>
	    <String CONTENT="lor, no puede espresarte hasta donde llega la terrible intensidad de su amargu-"
                    HPOS="169.0"
                    VPOS="854.0"
                    WIDTH="1385.0"
                    HEIGHT="56.0"></String>
          </TextLine>

          
          
          <TextLine ID="line_11"
                    TAGREFS="LT83"
                    BASELINE="170 937 1558 933" 
                    HPOS="169.0"
                    VPOS="896.0"
                    WIDTH="1389.0"
                    HEIGHT="60.0">
            <Shape><Polygon POINTS="170 937 170 950 293 956 294 956 295 956 313 950 316 950 443 950 446 950 479 956 480 956 541 950 542 950 544 950 584 956 586 956 627 950 634 949 646 949 712 955 713 955 714 955 737 949 741 949 744 949 772 955 773 955 1052 949 1056 949 1079 955 1080 955 1082 955 1117 947 1122 947 1132 947 1192 954 1194 954 1236 947 1241 947 1252 947 1348 954 1349 954 1557 946 1558 933 1556 904 1269 896 1268 896 1266 896 1252 904 1154 904 1096 896 1094 896 943 904 941 904 917 898 916 898 915 898 913 898 901 904 899 904 746 898 745 898 706 904 633 898 632 898 595 905 591 905 562 905 270 899 268 899 267 899 254 905 253 907 169 907 170 937"/></Shape>
	    <String CONTENT="ra. ¿Quién me dijera que la ingratitud y el olvido habian de ser el premio de"
                    HPOS="169.0"
                    VPOS="896.0"
                    WIDTH="1389.0"
                    HEIGHT="60.0"></String>
          </TextLine>

          
          
          <TextLine ID="line_12"
                    TAGREFS="LT83"
                    BASELINE="170 982 1559 979" 
                    HPOS="169.0"
                    VPOS="943.0"
                    WIDTH="1390.0"
                    HEIGHT="58.0">
            <Shape><Polygon POINTS="170 982 170 993 205 1000 206 1000 207 1000 217 994 221 993 342 993 358 994 409 1001 410 1001 411 1001 424 994 429 993 483 993 490 996 505 1001 507 1001 508 1001 576 996 611 993 652 996 717 1001 718 1001 755 997 786 993 822 997 862 1001 864 1001 865 1001 880 997 901 992 927 997 935 998 936 998 954 997 1013 993 1022 998 1025 1000 1027 1000 1028 1000 1084 998 1259 992 1313 1000 1321 1000 1322 1000 1334 1000 1409 993 1422 1000 1423 1000 1424 1001 1558 1001 1559 979 1556 943 1515 951 1162 943 1127 943 1126 943 1125 943 1124 943 1108 952 1025 952 1001 943 999 943 997 943 996 943 991 943 954 951 911 943 904 943 903 943 898 943 860 952 814 946 813 946 723 952 702 945 700 945 699 945 697 945 638 951 579 945 576 945 574 945 573 945 558 952 503 945 499 945 448 945 447 945 446 945 444 945 430 952 169 946 170 982"/></Shape>
	    <String CONTENT="mi tierno amor? Cuando te dí la rosa que llevaba prendida de mi pecho, te dí"
                    HPOS="169.0"
                    VPOS="943.0"
                    WIDTH="1390.0"
                    HEIGHT="58.0"></String>
          </TextLine>

          
          
          <TextLine ID="line_13"
                    TAGREFS="LT83"
                    BASELINE="172 1025 1558 1022" 
                    HPOS="170.0"
                    VPOS="993.0"
                    WIDTH="1388.0"
                    HEIGHT="46.0">
            <Shape><Polygon POINTS="172 1025 172 1039 1557 1036 1558 1022 1556 996 170 993 172 1025"/></Shape>
	    <String CONTENT="tambien mi corazon que te seguia en tu camino como el ángel del amor. Tú me"
                    HPOS="170.0"
                    VPOS="993.0"
                    WIDTH="1388.0"
                    HEIGHT="46.0"></String>
          </TextLine>

          
          
          <TextLine ID="line_14"
                    TAGREFS="LT83"
                    BASELINE="170 1072 1558 1068" 
                    HPOS="169.0"
                    VPOS="1033.0"
                    WIDTH="1389.0"
                    HEIGHT="58.0">
            <Shape><Polygon POINTS="170 1072 170 1091 1557 1085 1558 1068 1554 1034 1200 1040 1182 1034 1178 1033 1177 1033 1176 1033 1175 1033 1171 1034 1157 1040 1136 1035 1135 1035 1134 1035 1090 1042 1041 1034 1036 1034 1034 1034 1033 1034 1032 1034 1018 1042 960 1034 953 1034 952 1034 950 1034 949 1034 930 1043 830 1043 797 1035 791 1034 790 1034 788 1034 786 1035 771 1043 680 1043 642 1035 633 1034 632 1034 546 1035 545 1035 523 1043 169 1036 170 1072"/></Shape>
	    <String CONTENT="juraste amor eterno, Diego mio, y hace ya dos años que legaste al olvido la fé"
                    HPOS="169.0"
                    VPOS="1033.0"
                    WIDTH="1389.0"
                    HEIGHT="58.0"></String>
          </TextLine>

          
          
          <TextLine ID="line_15"
                    TAGREFS="LT83"
                    BASELINE="169 1114 1559 1114" 
                    HPOS="169.0"
                    VPOS="1085.0"
                    WIDTH="1390.0"
                    HEIGHT="52.0">
            <Shape><Polygon POINTS="169 1114 169 1128 242 1136 243 1137 410 1137 410 1136 411 1136 424 1129 460 1136 461 1136 500 1129 559 1136 560 1136 616 1129 641 1136 642 1136 643 1136 690 1129 883 1129 907 1136 908 1136 909 1137 1139 1137 1139 1136 1181 1129 1335 1136 1336 1136 1409 1129 1479 1136 1480 1136 1559 1128 1559 1114 1558 1085 169 1085 169 1114"/></Shape>
	    <String CONTENT="de la mujer que solo vivia por tu amor. ¡Ingrato! ¿Por qué robaste el cora-"
                    HPOS="169.0"
                    VPOS="1085.0"
                    WIDTH="1390.0"
                    HEIGHT="52.0"></String>
          </TextLine>

          
          
          <TextLine ID="line_16"
                    TAGREFS="LT83"
                    BASELINE="169 1161 1558 1157" 
                    HPOS="168.0"
                    VPOS="1129.0"
                    WIDTH="1390.0"
                    HEIGHT="53.0">
            <Shape><Polygon POINTS="169 1161 170 1180 186 1174 206 1180 207 1180 209 1180 210 1180 211 1180 212 1180 228 1174 333 1174 345 1179 350 1182 351 1182 353 1182 438 1178 546 1174 583 1178 630 1182 632 1182 655 1177 672 1173 741 1175 834 1180 836 1180 862 1175 870 1174 885 1175 962 1180 963 1180 992 1174 1000 1173 1006 1174 1042 1180 1043 1180 1135 1173 1143 1173 1149 1173 1240 1179 1241 1179 1279 1171 1283 1171 1298 1171 1526 1179 1528 1179 1529 1179 1558 1169 1558 1157 1554 1129 168 1129 169 1161"/></Shape>
	    <String CONTENT="zon de tu querida Lola? ¿Habrás hallado quizás alguna otra que te ame mas que"
                    HPOS="168.0"
                    VPOS="1129.0"
                    WIDTH="1390.0"
                    HEIGHT="53.0"></String>
          </TextLine>

          
          
          <TextLine ID="line_17"
                    TAGREFS="LT83"
                    BASELINE="173 1207 1557 1202" 
                    HPOS="172.0"
                    VPOS="1166.0"
                    WIDTH="1385.0"
                    HEIGHT="60.0">
            <Shape><Polygon POINTS="173 1207 173 1226 224 1220 424 1225 504 1226 505 1226 507 1226 508 1226 511 1224 521 1219 652 1222 731 1225 732 1225 1022 1220 1226 1216 1238 1217 1268 1222 1269 1222 1347 1217 1366 1216 1390 1216 1535 1222 1537 1222 1538 1222 1557 1215 1557 1202 1553 1174 1449 1174 1443 1174 1408 1166 1407 1166 1373 1174 1371 1174 1367 1174 1339 1166 1338 1166 1336 1166 1335 1166 1313 1174 1311 1174 1301 1174 1204 1168 1203 1168 1163 1174 1153 1177 1029 1177 1018 1174 967 1168 966 1168 964 1168 949 1174 946 1177 862 1177 846 1175 805 1169 804 1169 757 1175 741 1177 725 1175 680 1169 679 1169 678 1169 658 1175 652 1177 633 1175 568 1169 567 1169 509 1175 504 1175 499 1175 443 1170 442 1170 440 1170 419 1175 407 1178 388 1175 346 1170 345 1170 172 1175 173 1207"/></Shape>
	    <String CONTENT="yo? No; imposible, Diego mio ; sácame pronto de esta cruel incertidumbre que"
                    HPOS="172.0"
                    VPOS="1166.0"
                    WIDTH="1385.0"
                    HEIGHT="60.0"></String>
          </TextLine>

          
          
          <TextLine ID="line_18"
                    TAGREFS="LT83"
                    BASELINE="169 1252 1554 1247" 
                    HPOS="168.0"
                    VPOS="1211.0"
                    WIDTH="1386.0"
                    HEIGHT="64.0">
            <Shape><Polygon POINTS="169 1252 169 1266 200 1275 201 1275 202 1275 252 1267 314 1275 316 1275 317 1275 344 1267 345 1267 354 1267 536 1273 537 1273 539 1273 551 1267 555 1266 702 1266 708 1268 720 1272 721 1272 722 1272 797 1268 862 1264 895 1268 929 1272 930 1272 946 1268 966 1264 994 1268 1019 1272 1020 1272 1068 1268 1127 1264 1150 1270 1167 1272 1168 1272 1256 1270 1399 1264 1553 1270 1554 1247 1552 1220 1474 1211 1473 1211 1422 1219 1352 1211 1350 1211 1349 1211 1331 1220 1250 1220 1226 1211 1224 1211 1223 1211 1222 1211 1204 1220 862 1212 861 1212 771 1221 684 1214 683 1214 681 1214 653 1221 428 1215 426 1215 425 1215 409 1222 345 1215 344 1215 342 1215 324 1222 268 1215 267 1215 266 1215 244 1224 168 1224 169 1252"/></Shape>
	    <String CONTENT="me mata. Mi vida se consume como la débil luz de una bugía, y sin embargo"
                    HPOS="168.0"
                    VPOS="1211.0"
                    WIDTH="1386.0"
                    HEIGHT="64.0"></String>
          </TextLine>

          
          
          <TextLine ID="line_19"
                    TAGREFS="LT83"
                    BASELINE="169 1296 1031 1294" 
                    HPOS="168.0"
                    VPOS="1259.0"
                    WIDTH="863.0"
                    HEIGHT="59.0">
            <Shape><Polygon POINTS="169 1296 169 1313 295 1310 307 1315 313 1318 314 1318 316 1318 317 1318 326 1315 342 1310 374 1315 393 1318 395 1318 396 1318 397 1318 400 1315 406 1310 512 1310 527 1315 534 1318 535 1318 536 1318 537 1318 542 1315 555 1310 584 1315 597 1318 598 1318 633 1317 740 1309 754 1317 755 1317 757 1317 758 1318 920 1318 920 1317 922 1317 983 1309 1028 1317 1031 1294 1029 1267 1013 1259 1011 1259 1010 1259 967 1266 542 1261 541 1261 540 1261 539 1261 532 1267 523 1261 522 1261 521 1261 519 1261 312 1267 304 1261 303 1261 302 1261 183 1261 182 1261 180 1261 179 1261 168 1267 169 1296"/></Shape>
	    <String CONTENT="aun te ama y te amará hasta la tumba tu querida"
                    HPOS="168.0"
                    VPOS="1259.0"
                    WIDTH="863.0"
                    HEIGHT="59.0"></String>
          </TextLine>

          
        </TextBlock>
        
        <TextBlock HPOS="1155.0"
                   VPOS="1331.0"
                   WIDTH="150.0"
                   HEIGHT="125.0"
                   ID="block_0"
                   TAGREFS="BT226">
          <Shape><Polygon POINTS="1305 1331 1305 1456 1155 1456 1155 1331"/></Shape>
          
          
          <TextLine ID="line_20"
                    TAGREFS="LT83"
                    BASELINE="1187 1379 1284 1378" 
                    HPOS="1186.0"
                    VPOS="1333.0"
                    WIDTH="98.0"
                    HEIGHT="64.0">
            <Shape><Polygon POINTS="1187 1379 1187 1394 1282 1397 1284 1378 1282 1350 1254 1350 1246 1346 1219 1333 1218 1333 1217 1333 1186 1338 1187 1379"/></Shape>
	    <String CONTENT="Lola."
                    HPOS="1186.0"
                    VPOS="1333.0"
                    WIDTH="98.0"
                    HEIGHT="64.0"></String>
          </TextLine>

          
        </TextBlock>
        
        <TextBlock HPOS="119.0"
                   VPOS="1807.0"
                   WIDTH="1472.0"
                   HEIGHT="240.0"
                   ID="block_4"
                   TAGREFS="BT226">
          <Shape><Polygon POINTS="1591 1807 1591 2047 119 2047 119 1807"/></Shape>
          
          
          <TextLine ID="line_21"
                    TAGREFS="LT83"
                    BASELINE="212 1896 1549 1887" 
                    HPOS="211.0"
                    VPOS="1849.0"
                    WIDTH="1338.0"
                    HEIGHT="66.0">
            <Shape><Polygon POINTS="212 1896 212 1910 590 1915 591 1915 592 1915 593 1915 604 1909 607 1908 638 1909 783 1914 785 1914 816 1908 818 1908 825 1908 973 1913 974 1913 1006 1907 1014 1905 1045 1907 1163 1912 1164 1912 1549 1903 1549 1887 1547 1858 1254 1858 1251 1857 1226 1850 1224 1850 1223 1850 1157 1857 1126 1859 1120 1857 1104 1849 1103 1849 1102 1849 1059 1857 1053 1857 1048 1857 999 1849 997 1849 946 1857 923 1859 904 1857 885 1853 884 1853 883 1853 874 1856 860 1861 836 1856 816 1853 815 1853 788 1856 760 1859 753 1856 744 1852 743 1852 662 1852 661 1852 660 1852 652 1856 639 1862 627 1857 625 1857 624 1857 591 1863 576 1856 570 1853 569 1853 568 1853 553 1856 525 1861 507 1856 499 1853 498 1853 497 1853 470 1856 428 1859 211 1856 212 1896"/></Shape>
	    <String CONTENT="Nota.—La conclusion de esta interesante y verdadera historia vá en la se-"
                    HPOS="211.0"
                    VPOS="1849.0"
                    WIDTH="1338.0"
                    HEIGHT="66.0"></String>
          </TextLine>

          
          
          <TextLine ID="line_22"
                    TAGREFS="LT83"
                    BASELINE="164 1941 969 1935" 
                    HPOS="163.0"
                    VPOS="1898.0"
                    WIDTH="806.0"
                    HEIGHT="66.0">
            <Shape><Polygon POINTS="164 1941 164 1964 203 1956 285 1963 299 1964 300 1964 302 1964 305 1963 333 1954 446 1960 480 1961 481 1961 507 1959 556 1952 563 1957 564 1959 565 1959 567 1959 644 1961 646 1961 672 1955 681 1954 709 1955 808 1959 809 1959 846 1951 851 1951 853 1951 875 1959 876 1959 878 1959 879 1959 880 1959 887 1952 904 1957 906 1957 907 1957 908 1957 909 1957 918 1950 920 1950 968 1950 969 1935 967 1908 858 1898 857 1898 809 1907 799 1908 787 1907 740 1899 739 1899 737 1899 712 1907 704 1908 689 1905 658 1901 657 1901 656 1901 655 1901 649 1905 644 1909 633 1905 614 1900 613 1900 611 1900 610 1900 596 1905 586 1909 555 1905 534 1903 532 1903 531 1903 523 1905 512 1909 500 1905 490 1901 489 1901 383 1901 382 1901 381 1901 373 1904 361 1909 356 1904 354 1901 353 1901 351 1901 350 1901 349 1901 341 1904 326 1910 294 1904 285 1903 223 1903 221 1903 220 1903 219 1903 219 1904 211 1909 163 1904 164 1941"/></Shape>
	    <String CONTENT="gunda parte titulada : « Espinas de una flor.»"
                    HPOS="163.0"
                    VPOS="1898.0"
                    WIDTH="806.0"
                    HEIGHT="66.0"></String>
          </TextLine>

          
        </TextBlock>
        

        
      </PrintSpace>
    </Page>
  </Layout>
</alto>
