1655 2277
762.0 98.0 167.0 52.0 — 16—

146.0 127.0 683.0 74.0 Mientras el uno labraba la tierra y recogia las

149.0 193.0 680.0 53.0 pocas frutas para la comida, el otro se colocaba

144.0 235.0 685.0 51.0 en lo alto de una roca esperando con infatiga-

144.0 269.0 685.0 51.0 ble afan el momento de divisar algun buque

142.0 313.0 687.0 53.0 que les recogiese y pusiese fin á sus desgracias.

144.0 354.0 685.0 44.0 Sus vestidos eran un tegido de pieles de anima-

140.0 385.0 689.0 57.0 les que apenas servian para cubrir su desnudez

140.0 428.0 689.0 53.0 y preservarse de las nieves y los frios, y sin

144.0 466.0 686.0 47.0 embargo D. Diego solo pensaba en su querida

140.0 506.0 689.0 49.0 Lola. Al fin, al cabo de tres años brilló la pri-

138.0 540.0 691.0 50.0 mera aurora feliz para aquellos dos seres infor-

142.0 586.0 687.0 45.0 tunados. D. Diego se hallaba de vigilante sobre

141.0 621.0 690.0 51.0 la roca que ellos llamaban la «Roca de la Espe-

140.0 662.0 683.0 45.0 ranza» cuando divisó á lo léjos un buque de

136.0 700.0 687.0 53.0 gran porte é inmediatamente puso la bandera

138.0 736.0 685.0 57.0 blanca y prendió fuego á un gran monton de

138.0 781.0 685.0 48.0 ramas secas que tenian preparadas al efecto,

138.0 814.0 683.0 55.0 á fin de llamar la atencion al primer buque

140.0 850.0 681.0 53.0 que á su vista se ofreciese. Los del buque no

136.0 893.0 685.0 50.0 tardaron en advertir la señal y conociendo que

138.0 931.0 683.0 51.0 los que pedian ausilio en aquel pais desierto

140.0 969.0 681.0 53.0 no podian ser sinó náufragos, puso la proa á

138.0 1009.0 683.0 57.0 tierra dirigiéndose á aquel sitio. D. Diego y

136.0 1049.0 685.0 57.0 Juan corrieron á la cabaña á recoger algunos

134.0 1092.0 687.0 54.0 papeles y joyas que habian salvado del nau-

134.0 1127.0 687.0 57.0 fragio, como igualmente una preciosa cajita de

132.0 1168.0 689.0 48.0 aloé en que D. Diego guardaba cuidadosamente

134.0 1204.0 687.0 59.0 la rosa que Lola le entregara á su despedida

134.0 1250.0 687.0 53.0 y se dirigieron á la roca de la Esperanza. El

132.0 1289.0 685.0 51.0 buque no tardó en llegar y envió una lancha

127.0 1326.0 694.0 45.0 en la cual entraron nuestros dos náufragos.

123.0 1366.0 698.0 51.0 no sin haber derramado infinitas lágrimas de

127.0 1406.0 694.0 47.0 gozo sobre aquella tierra de amarguras. El ber-

126.0 1442.0 693.0 51.0 gantin les recibió á bordo donde fueron trata-

126.0 1482.0 688.0 48.0 dos con todas las atenciones y cuidados que

125.0 1519.0 683.0 49.0 necesitaban, y haciéndose á la vela hizo rumbo

129.0 1558.0 678.0 48.0 á Cádiz llegando á la vista del puerto despues

125.0 1604.0 502.0 40.0 de veinte dias de feliz navegacion.

155.0 1635.0 653.0 55.0 El mismo dia en que el bergantin daba vista

123.0 1676.0 685.0 54.0 á Cádiz, tenia lugar la escena que vamos á re-

122.0 1714.0 687.0 55.0 ferir. El marqués de Montero, muy aficiona-

123.0 1754.0 686.0 53.0 do á las diversiones desde que se casara, salió

123.0 1800.0 686.0 46.0 aquella mañana á caballo con objeto de dar un

125.0 1836.0 684.0 50.0 paseo, pero tanto espoleó al animal que era fo-

129.0 1874.0 680.0 53.0 goso y de pura raza, que al fin se desbocó po-

123.0 1916.0 684.0 48.0 niendo al Marqués en grande aprieto, pero su

122.0 1949.0 680.0 54.0 buena suerte quiso que el caballo no pudiese

123.0 1991.0 682.0 51.0 resistir tanta fatiga cayendo en tierra reventa-

122.0 2029.0 678.0 56.0 do. Aquel mismo dia se reunió con varios ami-

852.0 132.0 685.0 69.0 gos y habiendo concluido con el juego la reu-

852.0 191.0 685.0 53.0 nion, el Marqués perdió una enorme suma.

850.0 231.0 691.0 53.0 Concluida la partida dispusieron un paseo por

850.0 269.0 691.0 55.0 mar, y tomando una falúa en el puerto, hi-

850.0 305.0 689.0 53.0 ciéronse á la vela llevando el Marqués la di-

852.0 345.0 687.0 59.0 reccion. Cuando se hallaban á la entrada del

852.0 392.0 687.0 52.0 puerto vieron que un bergantin, el mismo pre-

850.0 426.0 687.0 50.0 cisamente en que se hallaba Diego, se les venia

850.0 462.0 689.0 50.0 encima á toda vela poniéndoles en grande

852.0 510.0 685.0 45.0 aprieto pues estaban muy espuestos á ser pasa-

852.0 540.0 685.0 59.0 dos por ojo. El Marqués que de todo entendia

852.0 582.0 683.0 53.0 menos de náutica, gobernó el timon con tan

850.0 622.0 685.0 55.0 poca maña, que metiéndose la falúa en la bar-

850.0 664.0 687.0 49.0 ra del Puerto quedó varada, y casi en el mis-

848.0 696.0 689.0 59.0 mo instante soplando una ráfaga de viento hin-

848.0 740.0 687.0 49.0 chó la vela y la hizo zozobrar. Los del bergan-

850.0 777.0 685.0 57.0 tin botaron inmediatamente al mar las lanchas

840.0 821.0 691.0 48.0 para darles ausilio, pero como no pudiesen,

840.0 855.0 689.0 50.0 acercarse lo bastante por temor de varar tam-

840.0 899.0 693.0 42.0 bien arrojóse al agua un elegante caballero

842.0 933.0 689.0 51.0 desde una de las lanchas y tomando al Marqués

842.0 975.0 689.0 49.0 y otro de los caballeros les puso en salvo en

842.0 1013.0 689.0 53.0 un instante. El Marqués muy admirado de la

840.0 1053.0 691.0 51.0 destreza, robustez, elegancia y nobleza de aquel

840.0 1091.0 691.0 47.0 caballero, y agradecido al mismo tiempo por

840.0 1134.0 689.0 48.0 que le habia salvado la vida, ofrecióle su casa

842.0 1174.0 689.0 51.0 rogándole la honrase aquella noche. Cuando

840.0 1212.0 689.0 46.0 saltaron en tierra despidiéronse afectuosamente

840.0 1252.0 687.0 47.0 y como el Marqués refiriese á Lola, todo cuan-

842.0 1294.0 685.0 49.0 to le habia ocurrido, no pudo reprimir su agi-

842.0 1324.0 685.0 57.0 tacion pues al oir á su esposo referir las señas

840.0 1368.0 687.0 53.0 del que le habia salvado, su corazon le predijo

840.0 1407.0 215.0 48.0 una desgracia.

860.0 1447.0 665.0 44.0 ¡Si fuera D. Diego! decia ella para sí ane-

835.0 1483.0 689.0 50.0 gada en llanto y con un acento de amargura

836.0 1527.0 686.0 44.0 imposible de describir. Ahora mas que nunca

836.0 1561.0 686.0 57.0 se agolpaban á su imaginacion tristes recuerdos.

832.0 1609.0 1.0 40.0 Su corazon estaba intranquilo; el mas leve rui-

826.0 1643.0 7.0 43.0 do la asustaba y á cada instante veía represen-

831.0 1681.0 2.0 43.0 társele como en sueños el semblante pálido y

826.0 1725.0 7.0 39.0 amenazador de su querido Diego pidiéndola es-

833.0 1760.0 686.0 48.0 trecha cuenta de sus juramentos. Al fin pro-

833.0 1798.0 686.0 46.0 curó dominar su agitacion aun que sin resulta-

833.0 1839.0 686.0 48.0 dos, procurando convencerse á sí misma de que

823.0 1878.0 10.0 44.0 D. Diego habia perecido en el naufragio y que

827.0 1920.0 6.0 40.0 podia estar tranquila con respecto á él. Esperó

828.0 1962.0 5.0 45.0 pnes la llegada de la noche en que quizás debía

822.0 1998.0 11.0 49.0 decidir de su suerte.
