1662 2296
779.0 102.0 163.0 71.0 — 18—

160.0 191.0 688.0 38.0 con amargo acento: Dime Lola mia, si juguete

160.0 216.0 688.0 46.0 de la inclemencia de los mares llega á tus oidos la

158.0 250.0 690.0 54.0 noticia de mi nanfragio, ¿guardarás á tu aman-

155.0 296.0 693.0 50.0 te un lugar en tu corazon ? ... vos me respon-

158.0 332.0 690.0 50.0 disteis anegados de llanto vuestros ojos, y po-

157.0 369.0 691.0 48.0 niendo una mano sobre vuestro corazon. «Aquí

159.0 408.0 689.0 53.0 vivirás mientras yo viva...» Así me digisteis un

158.0 446.0 689.0 46.0 dia; señora, conociendo la ciega adoracion que

158.0 487.0 689.0 51.0 mi pecho os consagraba. ¡ Ah! e por qué enton-

159.0 525.0 687.0 51.0 ces no me desengañasteis ? Vos alimentabais mi

157.0 566.0 689.0 51.0 esperanza, vuestra ternura y vuestro llanto me

158.0 603.0 688.0 50.0 hicieron creer un dia que era amado; y este

160.0 641.0 686.0 49.0 amor que era el fuego de mi vida, la delicada

159.0 682.0 687.0 50.0 rosa que me disteis al partir como prenda de

158.0 721.0 689.0 45.0 vuestro amor, han alimentado mi esperanza en

158.0 760.0 687.0 46.0 el desierto, cuando sufria los horrores y fatigas

158.0 801.0 688.0 47.0 de mi naufragio, creyendo que la mujer que un

157.0 839.0 685.0 51.0 dia me juró amor, me amaba todavía ; en aquella

158.0 878.0 685.0 50.0 rosa, veia yo á todas horas del dia en el silen-

159.0 919.0 687.0 45.0 cio del desierto, vuestras gracias, vuestra her-

157.0 959.0 691.0 48.0 mosura, vuestra sonrisa de amor que era mí

164.0 996.0 690.0 53.0 dicha y solo pedia alivio al cielo para venir á

160.0 1031.0 686.0 54.0 vuestros brazos y recibir al pié de los altares

159.0 1072.0 687.0 49.0 vuestra fé jurada. Yo soñaba un porvenir rico

159.0 1111.0 687.0 54.0 de felicidad á vuestro lado; yo creia ciegamente

158.0 1154.0 687.0 48.0 en vuestro juramento, y cuando vengo hoy á

158.0 1190.0 687.0 44.0 recibir el premio de mis sufrimientos veo des-

159.0 1229.0 686.0 50.0 hojada la flor de mi existencia en la primavera

160.0 1269.0 686.0 51.0 de mi vida. Si me hubieseis desengañado enton-

162.0 1308.0 684.0 46.0 ces yo hubiera sido feliz volviendo á los recreos

160.0 1345.0 686.0 53.0 de mi infancia entre los frondosos bosques de

160.0 1386.0 686.0 45.0 mi amada pátria. ¿ Quién habria creido en vos

162.0 1423.0 684.0 52.0 tanta perfidia Lola?» D. Diego guardó silencio,

162.0 1463.0 685.0 52.0 el dolor ahogaba su voz; queria aborrecer á

162.0 1502.0 686.0 49.0 Lola pero no podia. Cada vez se representaba á

162.0 1542.0 686.0 47.0 su imaginacion con mas vivos colores la ar-

162.0 1579.0 685.0 49.0 diente pasion que habia sentido por aquella her-

163.0 1619.0 683.0 50.0 mosa criatura : aun la amaba con toda su alma,

164.0 1658.0 686.0 52.0 y sin embargo ninguna esperanza le queda-

164.0 1701.0 688.0 50.0 ba; solo vivia ya en su corazon el recuerdo de

164.0 1734.0 687.0 50.0 su esperanza y nada mas. Lola estaba abatida,

164.0 1771.0 686.0 56.0 estaba humillada, el dolor de aquel hombre á

164.0 1820.0 687.0 39.0 quien tanto amaba, le destrozaba el corazon:

167.0 1852.0 689.0 52.0 ella hubiera querido derramar su sangre gota

166.0 1888.0 684.0 57.0 á gota por ver feliz á su querido Diego, pero

164.0 1930.0 686.0 54.0 ya ora tarde. Al fin desplegó sus lábios y mi-

164.0 1964.0 686.0 58.0 rando á D. Diego con una espresion indecible

168.0 2007.0 682.0 51.0 de ternura y de dolor le dijo: «Si comprendie-

168.0 2048.0 696.0 55.0 seis, Diego mio, el dolor acerbo que despedaza

171.0 2089.0 693.0 59.0 mi alma no me culpariais. ¿Creeis vos que soy

873.0 151.0 679.0 76.0 dichosa ? no; soy muy desgraciada; he causa-

871.0 218.0 683.0 47.0 do vuestro infortunio y este es mi mayor tor-

873.0 252.0 683.0 50.0 mento; siempre guardé en mi corazon vuestro

871.0 288.0 685.0 58.0 recuerdo ; infinitas lágrimas he derramado du-

873.0 332.0 683.0 54.0 rante vuestra ausencia, y cuando creí hallar

868.0 380.0 690.0 40.0 el reposo uniéndome en matrimonio al Marqués

865.0 410.0 693.0 54.0 de Montero mi esposo, conocí que era mas des-

869.0 450.0 692.0 51.0 graciada que nunca. Mi primer amor y mi co-

870.0 489.0 689.0 48.0 razon era vuestro D. Diego : yo os amaba con

874.0 529.0 684.0 52.0 toda la fé, con toda la ternura y con toda la

873.0 572.0 686.0 47.0 pasion que vos mereciais. Esperé un año, dos,

871.0 607.0 691.0 53.0 tres; y viendo que no veniais, y teniendo no-

874.0 645.0 688.0 46.0 ticias de vuestro naufragio, lloré vuestras des-

871.0 687.0 692.0 51.0 gracias con toda la amargura de que es capaz

874.0 728.0 687.0 50.0 un corazon que ama. Cansada de esperar y

874.0 766.0 690.0 50.0 perdida ya la esperanza de volver á hallar á mí

871.0 803.0 692.0 47.0 querido Diego accedí á los deseos del Mar-

874.0 845.0 689.0 46.0 qués cediéndole mi mano. Conozco que falté, y

871.0 886.0 692.0 43.0 que os he sido infiel, pero no culpeis á mi amor,

869.0 920.0 697.0 49.0 mi corazon os ama con toda la intensidad

871.0 961.0 693.0 49.0 que os amaba cuando me hallaba á vuestro la-

873.0 998.0 687.0 52.0 do y hoy sufro mas que vos porque conozco que

874.0 1040.0 693.0 51.0 he labrado vuestra desventura. Si mi sangre

874.0 1079.0 694.0 54.0 puede calmar vuestra amargura, aquí teneis mi

876.0 1121.0 692.0 49.0 pecho, pero no me abrumeis mas con el peso de

878.0 1158.0 689.0 49.0 vuestro desprecio y vuestra maldicion. Vos, cu-

876.0 1195.0 692.0 52.0 ya alma noble y generosa comprendeis el dolor

875.0 1234.0 695.0 53.0 de que es capaz una mujer desgraciada, com-

875.0 1273.0 695.0 49.0 padeceos de mis sufrimientos.» Lola lloraba

878.0 1311.0 694.0 46.0 amargamente. D. Diego enternecido á su pesar

878.0 1359.0 695.0 39.0 no podia contener sus lágrimas; amaba á Lola

876.0 1391.0 697.0 46.0 con toda su alma y hubiera dado gustoso su vi-

876.0 1427.0 699.0 52.0 da por ahorrarle una lágrima, pero era imposi-

879.0 1466.0 696.0 48.0 ble; el recuerdo del amor perdido, difícilmente

876.0 1507.0 696.0 51.0 se borra con el tiempo. Cuando el corazon ha

875.0 1545.0 697.0 49.0 amado con delirio y vé frustrados todos sus

876.0 1586.0 699.0 46.0 sueños y esperanzas, va perdiendo poco á poco

876.0 1625.0 699.0 49.0 su calma, y convirtiendo en lágrimas amargas

879.0 1664.0 696.0 43.0 su soñada felicidad, se va secando poco á poco

879.0 1702.0 694.0 46.0 hasta quedar marchito para siempre. D. Diego

880.0 1742.0 693.0 51.0 padecia terriblemente. Ni las fatigas de sus

878.0 1778.0 697.0 53.0 naufragios, ni los trabajos y padecimientos del

876.0 1820.0 699.0 43.0 desierto habian podido abatir su corazon de

879.0 1853.0 697.0 45.0 bronce, pero al hallarse en presencia de aque-

886.0 1890.0 684.0 49.0 lla mujer á quien tanto habia amado y á quien

886.0 1932.0 690.0 50.0 ya habia perdido para siempre, habia quedado

886.0 1968.0 687.0 47.0 como el lirio del valle azotado por el huracan.

896.0 2009.0 676.0 51.0 Ya nada tenia que hacer en aquella casa; el

888.0 2045.0 687.0 54.0 baile no podia ofrecerle diversion alguna, por

888.0 2086.0 687.0 62.0 que la sola vista de Lola agravaba la herida de
