1651 2305
716.0 119.0 164.0 57.0 — 13—

607.0 642.0 408.0 108.0 CAPÍTULO III.

119.0 957.0 1385.0 57.0 La isla de las serpientes.—La roca de la Esperanza en el desierto.—Los seis náufragos.—

163.0 1003.0 1341.0 45.0 Recuerdos de amor en el desierto.—Tiernos recuerdos de Lola.—Enfermedad y muerte

163.0 1038.0 1341.0 49.0 del Baron.—La amante infiel.—El olvido de un juramento.—Casamiento de Lola con el

162.0 1082.0 1340.0 44.0 Marqués de Hontero.—El recuerdo de amor.—La amargura en la opulencia.—D. Diego

165.0 1115.0 814.0 54.0 salva la vida del Marqués, con otros hechos curiosos.

153.0 1458.0 653.0 55.0 A los pocos dias de haber arribado á su pais

120.0 1502.0 686.0 52.0 D. Diego en compañía del negro Juan, despues

120.0 1541.0 686.0 53.0 de una feliz navegacion, tuvo el sentimiento de

122.0 1581.0 684.0 52.0 ver espirar en sus brazos á su anciano padre,

124.0 1621.0 682.0 51.0 por lo que no teniendo ya obstáculo alguno que

125.0 1666.0 681.0 44.0 le separase de su amada cuyo nombre no se

806.0 1705.0 17.0 39.0 apartaba un instante de su memoria recogió to-

126.0 1738.0 680.0 49.0 da su herencia que era muy pingüe y despues

125.0 1778.0 689.0 48.0 de haberla asegurado de modo que le produjese

126.0 1820.0 688.0 43.0 una buena renta, embarcóse de nuevo para Es-

126.0 1855.0 688.0 54.0 paña deseoso de llegar cuanto antes á los brazos

126.0 1892.0 688.0 49.0 de su amada. Él corria en busca de su felicidad

126.0 1932.0 688.0 54.0 que creia ya segura, y la felicidad huia de él

128.0 1970.0 686.0 55.0 burlando sus esperanzas, y agrupando negras

133.0 2013.0 681.0 51.0 sombras en torno de su corazon. El viaje pro-

128.0 2054.0 686.0 43.0 metia ser feliz, pero la suerte lo tenia dispuesto

134.0 2093.0 680.0 60.0 de otro modo. A los quince dias de navega-

840.0 1458.0 677.0 54.0 cion era la mar tan gruesa y el viento tan recio

832.0 1510.0 8.0 44.0 que el buque era llevado como lijero corcho,

832.0 1548.0 8.0 43.0 hecho juguete de las olas; el cargamento del

837.0 1605.0 3.0 26.0 buque consistia en muchos centenares de cascos

832.0 1625.0 8.0 42.0 de rom de los cuales reventaron algunos que se

836.0 1664.0 4.0 46.0 hallaban mal asegurados, y como bajase á la

833.0 1703.0 7.0 41.0 bodega un marinero con un farol encendido,

835.0 1743.0 5.0 40.0 vióse de pronto envuelto en una llama azulada,

837.0 1778.0 684.0 51.0 propagándose el fuego á los demás cascos, y de-

836.0 1823.0 4.0 38.0 clarándose un incendio á bordo. El buque se

833.0 1867.0 7.0 33.0 hallaba muy distante de tierra y no habia que

836.0 1896.0 4.0 50.0 pensar en la salvación porque era imposible:

836.0 1938.0 4.0 43.0 hiciéronse cuantos esfuerzos fueron posibles por

837.0 1994.0 3.0 31.0 apagar el fuego, pero éste aumentaba mas y

840.0 2016.0 677.0 46.0 mas. En tal apuro no hubo mas remedio que

840.0 2054.0 686.0 41.0 cortar los mástiles antes que fuesen consumidos

840.0 2092.0 679.0 61.0 por las llamas, y formar con ellos una balsa.
