1674 2292
774.0 103.0 140.0 65.0 —5—

154.0 182.0 692.0 34.0 dignacion y lástima al oir la relacion del desdi-

151.0 217.0 693.0 38.0 chado negro, que tenia por nombre Juan, y pro-

150.0 245.0 689.0 51.0 curando consolarle le dijo: «Cese tu afliccion,

151.0 287.0 689.0 45.0 desventurado, que yo compraré tu sangre y la

151.0 323.0 692.0 53.0 de tu hijo á tu vil amo á fin de que puedas

151.0 361.0 691.0 52.0 marchar en libertad al África si tal es tu deseo;

154.0 401.0 689.0 56.0 y si prefieres quedarte en mi compañía, yo seré

154.0 441.0 691.0 46.0 tu protector y el de tu hijo, y haré que acaben

155.0 486.0 691.0 39.0 de una vez vuestras desgracias.» El negro, lle-

157.0 520.0 692.0 46.0 no de alegría besó una y mil veces la mano de

156.0 561.0 696.0 48.0 su libertador rogándole le permitiese quedar en

157.0 598.0 696.0 47.0 su compañía en clase de criado, á lo cual acce-

155.0 635.0 694.0 47.0 dió gustoso el caballero, y habiendo emprendido

156.0 677.0 695.0 43.0 de nuevo la marcha por entre la espesura del

159.0 715.0 693.0 45.0 bosque, no tardó en llegar á sus oidos un gran

157.0 760.0 694.0 46.0 ruido que volvió á asnstar de nuevo al negro.

159.0 797.0 693.0 42.0 Era pues el caso que habiéndose fugado Juan

159.0 831.0 694.0 51.0 por el motivo que queda dicho, salieron varios

157.0 870.0 695.0 51.0 criados con muchos perros por el bosque para

159.0 907.0 693.0 46.0 perseguirle, y como aquellos llevaban la misma

159.0 953.0 694.0 45.0 direccion que el negro Juan, no podian tardar

158.0 989.0 698.0 46.0 en encontrarle. Sucedió pues que los perros ha-

160.0 1021.0 696.0 52.0 bian dado con un toro salvaje en medio de aque-

158.0 1063.0 698.0 50.0 llos matorrales, y acosada la fiera, venia bra-

161.0 1101.0 698.0 51.0 mando y saltando en direccion del jóven cazador,

160.0 1147.0 696.0 39.0 el cual acostumbrado ya á la vista de aquellos

161.0 1180.0 697.0 50.0 feroces animales cuya caza era su mayor diver-

163.0 1219.0 695.0 49.0 sion, preparó su rifle y saliéndole al encuentro

163.0 1259.0 693.0 44.0 con grande presencia de ánimo le esperó que

162.0 1294.0 694.0 56.0 se acercara. El negro entretanto se habia enca-

163.0 1337.0 694.0 52.0 ramado con su hijo en las ramas de un grande

166.0 1384.0 686.0 42.0 y corpulento olmo, y asustado del riesgo que

161.0 1413.0 695.0 53.0 corria su libertador, le gritaba para que subie-

164.0 1452.0 694.0 47.0 se á un árbol. Pero el jóven burlándose del

164.0 1492.0 697.0 50.0 miedo de su criado, reia á carcajadas y espera-

163.0 1530.0 693.0 54.0 ba tranquilo la llegada de la fiera : cuando

165.0 1571.0 693.0 44.0 aquella estuvo ya á doce pasos de distancia

165.0 1609.0 693.0 50.0 disparó su arma el caballero, pero el tiro aun-

162.0 1648.0 697.0 51.0 que bien dirigido no causó la muerte de la fie-

162.0 1688.0 697.0 53.0 ra ; aquella entonces bramando de dolor y vo-

164.0 1726.0 694.0 46.0 mitando sangre, saltó ligera como un torbellino

164.0 1767.0 690.0 50.0 sobre el cazador. El negro Juan luchando con

165.0 1810.0 692.0 45.0 su miedo y el deseo de libertar á su querido

164.0 1847.0 693.0 41.0 amo, saltó ligero del árbol para ponerse delante

162.0 1885.0 694.0 47.0 de la fiera y dar su vida por librar la de su ge-

162.0 1919.0 694.0 54.0 neroso salvador, pero no fué necesario, pues el

170.0 1963.0 693.0 52.0 jóven cazador D. Diego con una lijereza y pre-

165.0 1999.0 696.0 44.0 sencia de ánimo admirable, armó su cuchillo de

169.0 2039.0 696.0 49.0 monte en el cañon del rifle y arremetiendo con

166.0 2080.0 692.0 57.0 arrojo al toro le dejó tendido á sus piés antes

873.0 160.0 678.0 57.0 que el negro hubiese podido llevar á cabo su

856.0 216.0 17.0 36.0 generoso intento.  D. Diego apreció con gratitud

863.0 255.0 10.0 36.0 aquella accion de Juan y le tendió su mano ase-

865.0 293.0 8.0 39.0 gurándole que siempre le protegeria.

887.0 325.0 672.0 46.0 A pocos minutos llegaron los perros seguidos

871.0 369.0 2.0 46.0 ya de un capataz y criados, los cuales viendo a

868.0 406.0 5.0 42.0 Juan iban á arrojarse sobre él para mania-

868.0 444.0 5.0 41.0 tarle, cuando interponiéndose D. Diego, montó

873.0 487.0 687.0 37.0 su rifle y les dijo con imperio: deteneos mise-

867.0 518.0 693.0 44.0 rables verdugos de la humanidad y no os atre-

872.0 557.0 688.0 49.0 vais á tocar á ese desgraciado: el que dé un

868.0 597.0 692.0 51.0 paso mas hácia él pagará su atrevimiento con

870.0 639.0 691.0 46.0 su vida. Yo le protejo, id y decid á vuestro

870.0 677.0 690.0 48.0 amo que D. Diego de Carbajal está pronto á

872.0 714.0 691.0 47.0 pagar la sangre de Juan y de su hijo á peso de

872.0 757.0 696.0 43.0 oro. Amarrad vuestros perros y marchaos al

875.0 790.0 691.0 51.0 punto ó todos quedareis tendidos en el bosque:

879.0 831.0 687.0 50.0 Y esto diciendo, como viese que los perros ro-

875.0 869.0 694.0 45.0 deaban ya al desdichado Juan, apuntó con el

875.0 907.0 691.0 46.0 rifle al capataz mandándole que al punto los

875.0 947.0 694.0 46.0 llamase y sujetase. Aquel viéndose en tan grande

880.0 987.0 690.0 52.0 apuro no tuvo otro remedio que obedecer y así

880.0 1027.0 688.0 50.0 marcháronse del bosque á dar cuenta de lo su-

879 1063 114 50 cedido.

901.0 1100.0 668.0 54.0 Cuando D. Diego de Carbajal llegó á la ciu-

882.0 1140.0 686.0 55.0 dad en compañía de Juan y el niño, su primer

884.0 1176.0 684.0 57.0 cuidado fué el rescate de ambos; lo cual logró

884.0 1220.0 682.0 46.0 bien pronto aunque por una suma bastante cre-

882.0 1254.0 683.0 52.0 cida que no tuvo reparo en entregar al punto.

901.0 1293.0 665.0 51.0 Dos años poco mas habian trascurrido desde

879.0 1331.0 686.0 53.0 que esto sucediera cuando tuvo lugar la escena

879.0 1371.0 684.0 55.0 que vamos á referir. Deseoso D. Diego de visi-

879.0 1413.0 687.0 48.0 tar la península española, tanto por la grande

879.0 1449.0 687.0 54.0 inclinación que tenia á la navegación, cuanto

879.0 1487.0 689.0 56.0 por visitar las bellas ciudades de nuestra Espa-

877.0 1528.0 693.0 47.0 ña, pidió para ello licencia á su anciano padre

880.0 1566.0 692.0 53.0 y habiendo dejado confinado á su proteccion al

879.0 1606.0 694.0 53.0 hijo de Juan, embarcose con éste fiel criado en

876.0 1646.0 696.0 52.0 una fragata holandesa que se hacía á la vela

871.0 1686.0 699.0 54.0 para Santander. Los primeros dias de navega-

875.0 1722.0 698.0 53.0 cion fueron felices. D. Diego cuya imaginacion

879.0 1764.0 691.0 49.0 ardiente se estasiaba contemplando las imponen-

879.0 1801.0 691.0 50.0 tes y amenazadoras masas de agua que azota-

879.0 1837.0 693.0 57.0 ban con terrible furia los costados de la fragata

879.0 1881.0 687.0 50.0 en medio del Atlántico, pasaba la mayor parte

879.0 1919.0 691.0 52.0 de las noches sentado en una de las banquetas

884.0 1961.0 684.0 48.0 del alcázar deleitándose con el mugido del vien-

884.0 1995.0 688.0 58.0 to y el bramido del mar, y sentia tanto placer

886.0 2041.0 686.0 48.0 que no se cansaba de admirar las juguetonas

884.0 2076.0 688.0 65.0 olas. La luna derramando sus rayos de blanca
