1657 2298
763.0 111.0 107.0 65.0 —14—

148.0 163.0 685.0 55.0 D. Diego, su criado y seis pasajeros mas salta-

145.0 210.0 682.0 45.0 ron sobre ella con algunas provisiones en tanto

146.0 246.0 680.0 45.0 que los marineros recogian el equipaje y cuan-

145.0 283.0 682.0 55.0 to podian con objeto de salvarlo, pero antes

145.0 324.0 682.0 51.0 que pudiesen saltar á la balsa, un fuerte golpe

144.0 363.0 682.0 45.0 de mar azotó uno de los costados del buque in-

145.0 399.0 682.0 52.0 vadiendo la cubierta y anegándole, otro golpe

146.0 441.0 681.0 46.0 mas furioso que el primero, le alejó un tiro de

144.0 478.0 681.0 47.0 carabina de la balsa, sepultándole instantánea-

143.0 518.0 681.0 51.0 mente con toda la tripulacion entre las olas.

145.0 557.0 680.0 44.0 Los ocho pasajeros que se habian salvado ha-

145.0 597.0 680.0 48.0 cian desesperados esfuerzos luchando con las

145.0 637.0 680.0 42.0 olas que los envolvian, sufriendo horribles an-

144.0 671.0 680.0 50.0 gustias y fatigas. Todos se creian perdidos sin

144.0 716.0 680.0 46.0 remedio alguno cuando á mitad de la cuarta

145.0 753.0 681.0 50.0 noche sintieron un fuerte golpe que hizo estre-

141.0 790.0 689.0 53.0 mecer toda la balsa. Entónces sintieron rena-

143.0 833.0 683.0 42.0 cer alguna esperanza : esperaron la llegada del

145.0 869.0 681.0 46.0 dia y vieron en efecto que se hallaban cerca de

144.0 908.0 678.0 49.0 una playa desierta, toda erizada de grandes pe-

144.0 949.0 683.0 50.0 ñascos y malezas: aquel era el único abrigo

145.0 991.0 681.0 48.0 que les ofrecia la suerte y bien pronto se apre-

143.0 1031.0 681.0 40.0 suraron á aprovecharle saltando todos en tierra.

143.0 1064.0 679.0 53.0 Su primer cuidado fué esplorar todo el ter-

144.0 1103.0 678.0 47.0 reno á ver si hallaban alguna señal que les diese

144.0 1142.0 678.0 54.0 á conocer si se hallaba ó no poblada aquella

145.0 1182.0 676.0 44.0 tierra ; anduvieron todo el dia caminando por

144.0 1224.0 678.0 47.0 medio de un estenso y frondoso bosque cubierto

144.0 1267.0 677.0 39.0 de corpulentos árboles sorprendiéndoles la no-

144.0 1299.0 677.0 51.0 che sin haber descubierto huella alguna de per-

143.0 1339.0 681.0 48.0 sona humana. Rendidos de cansancio y de fa-

144.0 1382.0 677.0 49.0 tiga y no atreviéndose á continuar la marcha

143.0 1417.0 677.0 47.0 por temor de ser devorados por las fieras, de-

143.0 1455.0 678.0 46.0 terminaron pasar la noche en lo alto de los

149.0 1497.0 677.0 43.0 árboles. Los seis náufragos se acomodaron en

144.0 1537.0 680.0 51.0 las ramas de uno mul alto y frondoso, y don

144.0 1579.0 678.0 44.0 Diego y su criado Juan, subieron á otro no muy

144.0 1614.0 680.0 45.0 distante de aquel y no tardaron en sentir el

141.0 1654.0 680.0 47.0 confuso y horroroso silvido de las serpientes que

145.0 1694.0 687.0 49.0 recorrian el bosque en todas direcciones. El rui-

144.0 1737.0 678.0 41.0 do que producian las duras escamas de aquellos

141.0 1769.0 679.0 50.0 animales se iba oyendo cada vez mas cerca y

144.0 1807.0 676.0 47.0 conociendo el negro Juan que corrian gran pe-

143.0 1853.0 679.0 40.0 ligro si no tomaban precauciones, para librarse

145.0 1886.0 677.0 46.0 de la voracidad de aquellas fieras, bajó del

144.0 1929.0 678.0 46.0 árbol y cortando un monton de ramas erizadas

144.0 1966.0 685.0 48.0 de agudas espinas, las fueron colocando de ma-

145.0 2008.0 673.0 44.0 nera que las serpientes no pudiesen ofenderles;

144.0 2038.0 676.0 49.0 formaron con ellas una especie de nido en lo

145.0 2082.0 677.0 57.0 mas alto del árbol, y armados de un grueso pa-

852.0 181.0 693.0 37.0 lo en cuyas puntas habia sujetado cada uno su

847.0 224.0 5.0 32.0 puñal, se encerraron en el nido preparados pa-

844.0 254.0 8.0 44.0 ra la defensa. Pocos minutos hacia que habian

845.0 285.0 698.0 52.0 concluido su tarea cuando sintieron las voces

850.0 326.0 692.0 53.0 lastimeras de sus otros compañeros que acosa-

847.0 367.0 695.0 53.0 dos por las serpientes pedian ausilio. Todos

848.0 404.0 694.0 49.0 fueron devorados por las fieras, las cuales acer-

850.0 444.0 690.0 50.0 cándose tambien al árbol en que D. Diego y

850.0 483.0 690.0 46.0 Juan se hallaban se fueron enderezando arri-

849.0 524.0 691.0 50.0 mando sus enormes bocas al rededor del nido,

852.0 565.0 690.0 41.0 pero estos á pesar del terror que el aspecto de

849.0 601.0 693.0 51.0 las fieras, les infundia, empezaron á defenderse

848.0 640.0 692.0 50.0 sacando por entre los espinos el palo armado

850.0 677.0 690.0 54.0 con el puñal, y dando furiosas puñaladas á las

850.0 718.0 692.0 45.0 serpientes que atronaban el bosque con sus sil-

848.0 757.0 694.0 48.0 vidos. Mas de una hora duró esta lucha ter-

840.0 796.0 9.0 41.0 rible y angustiosa, al cabo de la cual estropea-

848.0 863.0 1.0 16.0 das y heridas muchas de las fieras se retiraron

848.0 871.0 692.0 55.0 dejando respirar con desahogo á aquellos des-

848.0 914.0 691.0 51.0 graciados. Apenas fué de dia se internaron por

845.0 951.0 695.0 53.0 el bosque deseando encontrar algun terreno

845.0 1000.0 694.0 36.0 llano y sin malezas donde no estuviesen espues-

845.0 1031.0 699.0 46.0 tos á la voracidad de las fieras. Al fin le ha lla-

845.0 1069.0 694.0 53.0 ron despues de muchas y penosas fatigas y bas-

848.0 1109.0 690.0 45.0 tantes dias de camino alimentándose de yerbas

848.0 1147.0 688.0 51.0 y algunos huevos de pájaros que hallaban en

845.0 1191.0 690.0 42.0 los nidos; últimamente llegaron á una hermosa

845.0 1224.0 693.0 52.0 y verde llanura cubierta de palmeras, cocote-

845.0 1263.0 691.0 50.0 ros y otros árboles, la cual se hallaba bastante

843.0 1310.0 8.0 38.0 cerca de la playa y allí determinaron cons-

840.0 1348.0 11.0 46.0 truir una barraca que les sirviese de vivienda

844.0 1387.0 8.0 41.0 hasta que el cielo se complaciese de sus infor-

843.0 1429.0 9.0 36.0 tunios.

876.0 1455.0 658.0 51.0 Lola entretanto suspiraba amargamente vien-

845.0 1496.0 4.0 45.0 do pasar los dias y los meses sin tener noticias

844.0 1542.0 5.0 39.0 de su amante ni haber recibido contestacion

844.0 1574.0 5.0 48.0 á las sentidas cartas (1) que le escribió, pero

844.0 1621.0 5.0 38.0 firme al principio en el tierno amor que ha-

845.0 1655.0 4.0 44.0 bia jurado, guardaba en su corazon la grata me-

849.0 1695.0 678.0 46.0 moria de D. Diego, y á pesar de haber oido ha-

844.0 1731.0 5.0 43.0 blar del horrible y voráz incendio del buque,

843.0 1774.0 690.0 41.0 siempre alimentaba la esperanza de volverle á

845.0 1809.0 688.0 51.0 ver un dia y estrecharle contra su pecho. Sin

845.0 1847.0 686.0 51.0 embargo habian pasado ya dos años y D. Diego

845.0 1885.0 686.0 50.0 no habia parecido ni se habian podido adquirir

847.0 1923.0 683.0 52.0 noticias de su paradero. Por este tiempo vino,

844.0 1962.0 686.0 53.0 á Cádiz el Marqués de Montero, jóven elegante

844.0 2004.0 686.0 53.0 de ilustre cuna y pingüe patrimonio, el cual

878.0 2082.0 413.0 55.0 (1) Véase al final de la historia.
