1662 2293
809.0 101.0 163.0 67.0 — 22—

198.0 150.0 683.0 62.0 hermosa criatura, mas hermosa y bella aun en

195.0 198.0 686.0 50.0 su lánguida amargura, ofrecióla hacer cuanto

195.0 238.0 686.0 54.0 pudiese por lograrlo. Tomó el coche y fuese en

196.0 284.0 685.0 50.0 casa de D. Diego que se disponia ya para mar-

195.0 322.0 690.0 50.0 char al puerto. Aquel Marqués tan orgulloso y

193.0 357.0 694.0 54.0 tan altivo el dia antes, suplicó casi de rodillas

193.0 395.0 692.0 50.0 en nombre de su esposa. D. Diego accedió á sus

196.0 439.0 685.0 46.0 deseos y se dirigieron á casa del Marqués.

191.0 475.0 690.0 50.0 Lola entretanto, anegada en lágrimas dirigia

196.0 514.0 685.0 49.0 una ardiente plegaria al cielo para que le con-

193.0 548.0 688.0 55.0 cediese ver á su desventurado amante por la

195.0 596.0 689.0 43.0 última vez. Casi en el mismo instante entraba

191.0 632.0 690.0 55.0 Diego en el salon: el dolor habia trasformado

195.0 676.0 686.0 44.0 de tal modo sus facciones que estaba descono-

195.0 714.0 686.0 48.0 cido. Lola creia hallar algun alivio á la vista

195.0 750.0 686.0 50.0 de su amante, pero al ver retratado su do-

196.0 787.0 685.0 57.0 lor en su pálido semblante, al verle tan grande

198.0 833.0 683.0 51.0 y tan sublime en su resignacion, tuvo que apo-

196.0 869.0 685.0 61.0 yarse en el brazo de su esposo para no caer.

906.0 164.0 692.0 50.0 Diego tomó la palabra, y dirigiéndose á Lola

904.0 202.0 696.0 52.0 dijo con inefable amargura : «Señora, parto

906.0 246.0 690.0 50.0 para remotos climas dentro de breves instantes,

906.0 280.0 692.0 54.0 los pocos dias que me restan de vida los em-

906.0 324.0 698.0 50.0 plearé en hacer ardientes votos por vuestra fe-

908.0 365.0 0.0 40.0 licidad. Adios señora.» dijo, y alargó su mano a

904.0 393.0 696.0 59.0 Lola sin saber que hacia; al sentir el contacto

908.0 441.0 690.0 46.0 de aquella mano temblorosa y agitada, estre-

906.0 477.0 696.0 48.0 mecióse todo su sér, y la retiró lijero arroján.

908.0 512.0 696.0 51.0 dose en los brazos del Marqués vertiendo co-

906.0 556.0 692.0 51.0 pioso llanto. En aquel mismo instante gritaba

907.0 600.0 696.0 44.0 Juan desde la puerta: «Mi amo, que están zar-

907.0 640.0 693.0 44.0 pando ya y nos vamos á quedar en tierra.»

906.0 668.0 696.0 52.0 D. Diego se desprendió de los brazos del Mar-

904.0 707.0 696.0 51.0 qués, miró con indecible ternura á Lola por la

906.0 754.0 694.0 46.0 última vez y salió precipitadamente del salon

904.0 787.0 698.0 55.0 enjugándose las lágrimas. Lola cayó de rodillas

904.0 831.0 694.0 61.0 medio desfallecida murmurando: «¡Dios mio!

906.0 867.0 220.0 61.0 hacedle feliz.»

852.0 1296.0 86.0 58.0 FIN.
