1662 2293
776.0 118.0 44.0 70.0 —23—

146.0 280.0 1304.0 93.0 Cartas que escribió Lola á su amante Diego du-

316.0 379.0 948.0 83.0 rante los tres años de su ausencia.

623.0 607.0 360.0 70.0 CARTA PRIMERA.

151.0 740.0 1349.0 66.0 Mi querido é inolvidable Diego : Cuando esta llegue á tus manos, acaso hará

109.0 792.0 1388.0 60.0 pocos dias que habrás tenido el consuelo de abrazar á tu querido padre. Yo de-

110.0 839.0 1388.0 57.0 bia esperar que tu me escribieses primero, pero el amor dispierta la impaciencia

107.0 887.0 1391.0 55.0 en mi corazon, y tu ausencia es un nuevo tormento que aumenta cada dia la

104.0 931.0 1394.0 52.0 amargura de mi alma. Sin tu vista, amado mio, me parece que todo cuanto me

105.0 971.0 1388.0 59.0 rodea, me habla de tu amor Solo veo á mi alrededor la mas espantosa soledad,

107.0 1017.0 1391.0 59.0 pues sin tí, nada me fascina, nada me agrada, y todo me causa hastío. ¡ Cuando

105.0 1062.0 1391.0 52.0 llegará el dia, Diego mio, en que la suerte vuelva á unirnos para siempre!

109.0 1107.0 1388.0 53.0 Vuelve pronto amado mio, que tu fiel y enamorada Lola no puede vivir sin su

105.0 1151.0 1388.0 65.0 querido Diego. Estas líneas, humedecidas con mis lágrimas, te llevan un ar-

105.0 1196.0 508.0 67.0 diente beso de tu apasionada

1029.0 1272.0 100.0 69.0 Lola.

607.0 1531.0 376.0 65.0 CARTA SEGUNDA.

149.0 1658.0 1344.0 66.0 Inolvidable Diego mio : hoy cumplen ocho meses desde que te escribí la pri-

107.0 1710.0 1385.0 55.0 mera, y en todo este tiempo no he recibido ni la mas lijera nueva del hombre á

108.0 1756.0 1385.0 56.0 quien tanto amo. ¿Será acaso que el destino, ó tal vez tú, querais probar la

107.0 1797.0 1388.0 60.0 constancia del amor de la angustiada Lola ? No, Diego mio, tu Lola no te olvida

108.0 1847.0 1385.0 53.0 un solo instante, y el grato recuerdo de tu amor vivirá mientras su corazon no

105.0 1887.0 1388.0 58.0 cese de latir. Contínuamente angustiada por tu silencio y tu tardanza, el solo re-

107.0 1942.0 1389.0 45.0 cuerdo de tu inmenso amor sostiene su esperanza y la hace amar la vida para

108.0 1977.0 1380.0 57.0 renovarte el juramento de su tierno amor al pié de los altares. Sufro mucho,

107.0 2020.0 1386.0 56.0 Diego mio con tu silencio : á cada momento espero oir tu dulce voz, pero nunca

108.0 2064.0 1384.0 69.0 llega el instante de mi dicha. No prolongues mi martirio, Diego mio, y vuelve
