1654 2303
783.0 124.0 159.0 62.0 — 10—

192.0 212.0 650.0 22.0 El Baron de Espinosa hombre ilustrado,

162.0 227.0 680.0 45.0 virtuoso y de larga esperiencia, comprendió al

161.0 263.0 681.0 45.0 momento lo mucho que valia el corazon y la

162.0 301.0 680.0 48.0 amistad del generoso jóven, y desde entonces

160.0 340.0 682.0 45.0 quedó su casa abierta á todas horas para don

162.0 376.0 680.0 50.0 Diego. Este se despidió aunque con pesar, del

163.0 424.0 679.0 42.0 noble anciano y de la enamorada Lola, ofre-

163.0 455.0 683.0 47.0 ciéndoles volver al dia siguiente. Cuantos pen-

165.0 496.0 681.0 48.0 samientos dulces y alhagüeños no ocuparon

165.0 536.0 681.0 51.0 aquella noche el alma de D. Diego! Recordaba

165.0 574.0 681.0 52.0 con placer los dias pasados de su juventud en

165.0 615.0 681.0 50.0 los bosques de su pais, pero aquella vida de

165.0 653.0 681.0 46.0 dulzuras no era para él tan agradable como el

165.0 693.0 681.0 54.0 rato que pasára en compañía de Lola. Esta ce-

166.0 736.0 680.0 48.0 lestial y hermosa criatura ocupaba todo su pen-

168.0 770.0 678.0 48.0 samiento y embriagaba de delicias su ecsis-

168.0 809.0 684.0 49.0 tencia. Solo ansiaba la llegada del dia siguiente

174.0 850.0 678.0 53.0 para volver á casa del Baron y leer en los ojos

852.0 898.0 4.0 38.0 De la apasionada jóven todo el amor que en su

171.0 927.0 685.0 54.0 pecho respiraba. Él era sencillo pero elegante

176.0 967.0 683.0 50.0 y esta misma sencillez contribuia mas y mas á

175.0 1010.0 685.0 49.0 dar á sus facciones, ligeramente tostadas por el

174.0 1047.0 686.0 50.0 sol de los trópicos aquella espresion de belleza

177.0 1083.0 689.0 54.0 y de franqueza que hace palpitar el corazon de

180.0 1124.0 686.0 49.0 una mujer. Sin embargo aquel dia, deseoso de

185.0 1161.0 678.0 51.0 agradar mas y mas á Lola, vistióse con el ma-

183.0 1202.0 680.0 45.0 yor esmero y no tardó en presentarse en casa

183.0 1239.0 684.0 49.0 del Baron. La tímida jóven le esperaba con

183.0 1276.0 687.0 57.0 afan; su alma solo respiraba al lado de D. Die-

183.0 1319.0 690.0 51.0 go; lejos de él sentia una tristeza que ni todo

184.0 1360.0 685.0 43.0 el cariño de su padre podia disipar. Apenas le

184.0 1395.0 686.0 46.0 vió entrar, una sonrisa de júbilo entreabrió

183.0 1434.0 687.0 52.0 sus lábios de amapola, y su dulce y apasionada

184.0 1475.0 689.0 48.0 mirada leyó al momento en los ojos de su ama-

183.0 1511.0 617.0 48.0 do los tiernos sentimientos de su corazon.

212.0 1551.0 661.0 50.0 D. Diego frecuentaba cada dia la casa del

186.0 1591.0 687.0 50.0 Baron en la cual era querido como si fuese de

184.0 1632.0 689.0 45.0 la familia. Su alma noble y grande habia sa-

189.0 1669.0 684.0 51.0 bido grangearse el mejor puesto en el corazon

186.0 1710.0 690.0 50.0 del virtuoso anciano y de su hermosa hija. Los

185.0 1752.0 688.0 49.0 dias se deslizaban serenos y encantadores para

186.0 1793.0 685.0 46.0 aquellas tres personas sin que la mas leve som-

186.0 1828.0 685.0 43.0 bra de pesar viniese á alterar por un instante

185.0 1865.0 686.0 45.0 tanta felicidad. El anciano habia sorprendido

189.0 1906.0 682.0 50.0 mas de una vez la ardiente y espresiva mirada

186.0 1940.0 685.0 49.0 de ambos jóvenes y habia comprendido desde

189.0 1985.0 682.0 49.0 luego el inmenso amor que se tenian. El vir-

192.0 2025.0 679.0 42.0 tuoso anciano, abrumado por el peso de los

192.0 2068.0 679.0 44.0 años no podia tardar en bajar al sepulcro ; solo

190.0 2097.0 681.0 65.0 le habia entristecido la idea de dejar sola en el

857.0 185.0 10.0 42.0 mundo á su querida hija sin haber asegurado

865.0 227.0 2.0 37.0 Iantes su felicidad, pero ahora que conocía la

862.0 266.0 5.0 46.0 grandeza del alma de D.Diego, su generosidad

869.0 299.0 681.0 51.0 y nobleza y el tierno amor que profesaba á

865.0 340.0 2.0 47.0 Lola, estaba ya tranquilo y no le arredraba la

861.0 382.0 6.0 42.0 muerte por que sabia que su hija hallaria toda

867.0 424.0 489.0 44.0 su felicidad al lado de D. Diego.

885.0 456.0 667.0 50.0 Así pasaban las mejores horas de su vida

883.0 496.0 666.0 50.0 viendo siempre amanecer los dias serenos y

883.0 539.0 672.0 48.0 brillar pura la aurora de su amor, cuando una

866.0 580.0 17.0 43.0 mañana recibió D. Diego una carta de su an-

883.0 612.0 673.0 51.0 ciano padre, que postrado en cama á conse-

883.0 652.0 672.0 49.0 cuencia de una penosa enfermedad y del peso

883.0 692.0 672.0 50.0 de los años, le rogaba fuese cuanto antes pues

883.0 729.0 674.0 48.0 queria tener el consuelo de exhalar su último

883.0 771.0 676.0 44.0 suspiro en los brazos de su amado hijo. Al mis-

874.0 813.0 5.0 49.0 mo tiempo, y enterado ya de sus amores con la

879.0 851.0 678.0 47.0 hermosa Lola, le encargaba se casase y par-

875.0 889.0 4.0 46.0 tiese para América en compañía de su esposa

878.0 926.0 682.0 54.0 pues queria tener el consuelo de conocerla y

883.0 973.0 281.0 41.0 bendecir su union.

916.0 1001.0 648.0 57.0 Grande fué el pesar del jóven al recibir

885.0 1044.0 681.0 51.0 tan triste nueva, no solo por el estado en que

883.0 1083.0 686.0 49.0 se encontraba su anciano padre á quien ama-

885.0 1123.0 684.0 46.0 ba con delirio si no tambien por el disgusto que

887.0 1161.0 677.0 50.0 tendrian Lola y el Baron al saber esta noticia,

887.0 1201.0 683.0 52.0 pero no teniendo en quien depositar sus penas

888.0 1239.0 684.0 53.0 mas que en el corazon de su querida Lola, pre-

884.0 1279.0 690.0 46.0 sentóse con semblante triste y mostrándole al

887.0 1319.0 687.0 52.0 Baron la carta, le dijo de este modo : «Padre

889.0 1356.0 685.0 53.0 mio, el deber de hijo me obliga hoy á cumplir

891.0 1402.0 687.0 41.0 una mision sagrada, pero dolorosa : mi ancia-

889.0 1435.0 690.0 52.0 no padre me llama á su lado: se halla grave-

892.0 1476.0 687.0 46.0 mente enfermo, y en su lecho de muerte quiere

896.0 1514.0 681.0 46.0 exhalar en mis brazos su último suspiro y

896.0 1553.0 682.0 51.0 dar un tierno abrazo á mi querida esposa. Ya

897.0 1590.0 682.0 50.0 veis que no puedo negar á mi querido padre

889.0 1630.0 692.0 48.0 este tributo de cariño para endulzar los últimos

896.0 1670.0 685.0 50.0 instantes de su vida. Concededme pues padre

897.0 1709.0 682.0 46.0 mio la mano de Lola y partiré con ella mañana

896.0 1749.0 683.0 51.0 mismo á recibir la bendicion de aquel desconso-

896.0 1786.0 685.0 51.0 lado anciano que me llama.» Grande fué tam-

896.0 1825.0 683.0 46.0 bien el dolor del virtuoso Baron al saber la

896.0 1865.0 686.0 45.0 noticia, pero mucho mas doloroso le era el te-

896.0 1902.0 686.0 55.0 ner que separarse de Lola y así dijo á D. Diego,

894.0 1943.0 689.0 51.0 llenos de lágrimas sus ojos. « Tus palabras me

893.0 1985.0 690.0 45.0 entristecen, hijo mio, y quisiera tener el valor

893.0 2026.0 685.0 40.0 suficiente para concederte lo que me pides. Veo

889.0 2067.0 4.0 38.0 que tu amor es grande y noble lo mismo que

899.0 2100.0 682.0 59.0 tu alma y que solo tú eres digno de mi hija. Pe-
