1654 2303
737.0 105.0 144.0 77.0 — 11—

142.0 1348.0 1323.0 59.0 D. Diego depositó un tierno y apasionado beso en la mano de Lola y salió de aquella casa con

474.0 1394.0 655.0 59.0 el alma traspasada de dolor. Cap. II. pág 12.

101.0 1504.0 688.0 67.0 ro, como quieres hijo mio, que este pobre

101.0 1552.0 688.0 50.0 anciano se prive del cariño de su hija en el pos-

101.0 1594.0 688.0 54.0 trer momento de su vida ? ¡imposible Diego! si

99.0 1633.0 690.0 52.0 Lola partiese contigo este pobre anciano no

105.0 1671.0 684.0 50.0 veria la aurora del nuevo dia : mi corazon ago-

103.0 1715.0 688.0 48.0 viado por el peso de los años no podria resistir

101.0 1750.0 690.0 50.0 tan cruel separacion. Tú eres jóven, noble y ge-

101.0 1788.0 690.0 50.0 neroso; tu alma es grande y tu amor y la espe-

105.0 1825.0 686.0 51.0 ranza de tu felicidad te darán fuerzas para mar-

101.0 1871.0 686.0 46.0 char solo á cumplir este deber sagrado que te

98.0 1906.0 689.0 47.0 llama al lado de tu padre. Parte pues, que mi

99.0 1944.0 688.0 55.0 bendicion y el amor de Lola te seguirán á tu

101.0 1988.0 688.0 50.0 pais, y cuando vuelvas, su mano será el premio

99.0 2022.0 690.0 55.0 de tu amor» Lola con los ojos anegados en

99.0 2063.0 689.0 51.0 llanto sentia un dolor inmenso; aquella era la

99.0 2099.0 690.0 71.0 primera sombra de pesar que venia á nublar los

810.0 1512.0 688.0 55.0 dias felices y serenos de su amor. El corazon

810.0 1554.0 688.0 46.0 de Diego estaba lleno de amargura : ni la idea

810.0 1589.0 682.0 53.0 de volver á ver los bosques de su amada patria,

810.0 1627.0 686.0 56.0 mitigaba su afliccion, habia concentrado toda

812.0 1669.0 688.0 48.0 su vida en el amor de aquella criatura tan her-

812.0 1708.0 688.0 55.0 mosa, y la sola idea de tener que separarse de

810.0 1744.0 690.0 54.0 ella para esponerse de nuevo á la inclemencia

812.0 1784.0 686.0 52.0 de los mares infundia el desaliento en su alma.

810.0 1825.0 688.0 55.0 Lola comprendia el noble sacrificio que tenia

808.0 1867.0 692.0 46.0 que hacer su amante, pero no habia otro reme-

806.0 1899.0 692.0 56.0 dio. Al fin tomó una delicada rosa que llevaba

810.0 1946.0 691.0 51.0 prendida en su pecho y depositando en ella un

806.0 1988.0 694.0 46.0 tierno y ardoroso beso la presentó á su amante

808.0 2022.0 690.0 50.0 diciendo: Toma esta rosa Diego mio, como una

808.0 2059.0 692.0 57.0 prenda de mi amor; en ella leerás cada dia el

808.0 2101.0 690.0 61.0 tierno amor de tu querida Lola : ya que el des-
