1661 2316
826.0 94.0 43.0 93.0 —8—

638.0 615.0 412.0 115.0 CAPÍTULO II.

150.0 968.0 1386.0 44.0 Última esperanza de dos náufragos.—Del baron de Espinosa y de la hermosa Lola.—Amo-

148.0 1004.0 1389.0 51.0 res de Lola y don Diego de Carvajal.—Tiernas escenas entre ambos amantes.—.La mala

197.0 1044.0 1336.0 53.0 nueva.—El deber de un hijo con sus padres.—La despedida-—Una rosa y un beso.—Pro-

197.0 1079.0 229.0 53.0 mesa de amor.

166.0 1389.0 650.0 68.0 Dos horas poco mas hacia que caminaba su-

129.0 1447.0 687.0 52.0 friendo el récio temporal cuando dos marineros

135.0 1488.0 683.0 50.0 subieron á cubierta gritando que la bodega y

132.0 1529.0 688.0 47.0 la sentina se anegaban. D. Diego cuyo corazon

130.0 1565.0 688.0 48.0 no desmayaba nunca á vista del peligro corrió

131.0 1605.0 689.0 47.0 en seguida á uno y otro puesto y aplicando las

130.0 1645.0 691.0 48.0 bombas, él fué el primero que dió el ejemplo,

127.0 1685.0 693.0 50.0 empezando á trabajar con el mayor ardor; sin

126.0 1726.0 694.0 49.0 embargo, lejos de disminuir el agua, aumenta-

123.0 1767.0 695.0 47.0 ba por minutos de modo que el naufragio pa-

123.0 1801.0 693.0 49.0 recia inevitable. La quilla habia sufrido mucho

121.0 1843.0 688.0 50.0 por las balas del pirata, y el fuerte embate de

121.0 1883.0 690.0 49.0 las olas habia desprendido en parte algunos

121.0 1924.0 688.0 48.0 tablones. En vista de esto, ya nadie pensó en

121.0 1960.0 690.0 47.0 otra cosa que en los medios de salvarse, y al

125.0 1995.0 684.0 50.0 efecto preparáronse tres grandes balsas y em-

119.0 2036.0 690.0 52.0 pezaron á desembarcar en ellas algunos tone-

117.0 2070.0 692.0 62.0 les de agua y provisiones, colocándose en ellas

842.0 1391.0 693.0 60.0 los pasajeros del mejor modo que les fué po-

840.0 1447.0 689.0 46.0 sible. D. Diego arregló otra mas pequeña

843.0 1482.0 687.0 54.0 sujetando entre dos gruesos trablones una de

840.0 1527.0 690.0 47.0 las lanchas, y poniendo en ella algunas pro-

840.0 1562.0 688.0 48.0 visiones y una pequeña vela entróse en ella

840.0 1601.0 687.0 49.0 con su fiel criado Juan, aventurándose á la

840.0 1640.0 688.0 46.0 furia é inclemencia de los elementos. La fra-

840.0 1679.0 688.0 54.0 gata llena ya de agua desapareció para siempre

840.0 1718.0 687.0 47.0 con todas las riquezas que llevaba: poco tiempo

835.0 1756.0 689.0 51.0 habia durado su victoria : ella á su vez pagaba

839.0 1796.0 688.0 52.0 tambien la derrota que habia causado al ber-

836.0 1833.0 112.0 58.0 gantin.

865.0 1875.0 659.0 57.0 El primer cuidado de D. Diego fué armar la

830.0 1920.0 690.0 52.0 pequeña vela á fin de adelantar algun terreno,

832.0 1962.0 686.0 50.0 y no tardaron en perder de vista las tres balsas

832.0 1997.0 680.0 56.0 en que quedaban sus desdichados compañeros

830.0 2038.0 684.0 52.0 de naufragio. Su idea habia sido feliz pues la

830.0 2070.0 684.0 60.0 lancha afianzada entre los dos maderos cami-
