1663 2296
675.0 120.0 168.0 61.0 — 19—

55.0 189.0 695.0 44.0 su corazon y renovaba todo su martirio. Miró

55.0 216.0 695.0 61.0 por última vez á su amada con una dolorosa

55.0 264.0 695.0 44.0 espresion de compasion y la dijo:  « Si ha habi-

57.0 300.0 693.0 52.0 do alguna persona que os amara mas que yo os

55.0 338.0 695.0 48.0 he amado, decídmelo y os perdono, señora: es

57.0 375.0 691.0 51.0 im posible que haya en el mundo una criatura

57.0 415.0 691.0 49.0 que haya despertado en el corazon de un hom-

57.0 451.0 691.0 57.0 bre los sentimientos que vos despertasteis en el

57.0 491.0 689.0 56.0 mio. Pobre peregrino en el desierto, vos érais

57.0 529.0 689.0 52.0 la única flor de mi camino, la única estrella que

57.0 568.0 689.0 53.0 me alumbraba disipando las tinieblas de mi al-

55.0 614.0 691.0 49.0 ma, solo por vos vivia yo llevando con pacien-

57.0 650.0 689.0 52.0 cia mis amargos sufrimientos, pero vuestro

57.0 688.0 689.0 56.0 amor ha sido para mí como la flor de un dia;

57.0 734.0 688.0 46.0 lozana y hermosa á la mañana y agostada y

58.0 767.0 692.0 50.0 marchita por la tarde, y sin embargo siento que

56.0 808.0 693.0 45.0 os amo todavía con toda la ternura de mi cora-

57.0 846.0 694.0 48.0 zon y que no podré borrar de mi memoria

61.0 887.0 692.0 41.0 vuestro nombre. Adios, señora y el cielo os

56.0 922.0 603.0 51.0 haga tan feliz como yo soy desgraciado.»

89.0 966.0 663.0 44.0 D. Diego guardó silencio y ya iba á retirarse

55.0 1002.0 697.0 42.0 cuando el Marqués que habia oido toda la con-

62.0 1039.0 689.0 46.0 versacion, se presentó furioso y deteniendo la

56.0 1077.0 695.0 55.0 marcha del jóven le dijo : «Caballero, he oido

59.0 1117.0 691.0 52.0 toda vuestra conversacion y no sé como puedo

55.0 1155.0 695.0 54.0 contener mi enojo. Hasta ahora habia vivido

51.0 1193.0 699.0 56.0 feliz creyendo que mi esposa me era fiel, pero

55.0 1232.0 695.0 51.0 veo que esta mujer indigna me ha vendido

54.0 1276.0 695.0 48.0 echando por tierra la honra de mi casa y de mi

53.0 1310.0 697.0 50.0 ilustre nombre. Retiraos de mi presencia, mu-

53.0 1353.0 694.0 50.0 jer infiel; y vos caballero me dareis cumplida

52.0 1394.0 697.0 47.0 satisfaccion de vuestro comportamiento en mi

53.0 1431.0 693.0 51.0 casa.» D. Diego afectado en estremo por las

53.0 1465.0 693.0 58.0 palabras del Marqués, conservó sin embargo su

51.0 1511.0 695.0 44.0 calma habitual pues no tenia intenciones de

49.0 1540.0 695.0 57.0 batirse con él, basta que fuese el esposo de Lo-

53.0 1589.0 691.0 50.0 la, pero al oir el modo indecoroso con que era

56.0 1626.0 695.0 50.0 tratada aquella mujer á quien tanto amaba,

53.0 1668.0 695.0 44.0 dijo al Marqués : «Caballero, ved como tratais

51.0 1700.0 697.0 48.0 á vuestra esposa ; vos estais en un error; en-

56.0 1746.0 693.0 48.0 tre ella y yo hay un precipicio que nos separa

53.0 1779.0 691.0 55.0 y que ni uno ni otro podemos salvar. He ama-

55.0 1821.0 689.0 48.0 do á la Marquesa y la amo aun con toda mi al-

51.0 1857.0 693.0 54.0 ma aun cuando ha destruido para siempre mi

51.0 1896.0 701.0 49.0 soñada felicidad haciéndome desgraciado; sin

52.0 1936.0 692.0 46.0 embargo no toleraré de su esposo ni de persona

51.0 1968.0 701.0 52.0 alguna, que la trate con la descortesía que vos

51.0 2010.0 689.0 52.0 lo habeis hecho. Vos quereis cumplida satis-

49.0 2047.0 691.0 57.0 faccion de mí de un agravio que no habeis re-

55.0 2091.0 685.0 65.0 cibido, y yo á mi vez os digo: Marqués de los

771.0 164.0 691.0 67.0 Monteros vuestra esposa es digna de vos, y yo

773.0 220.0 689.0 49.0 no quiero batirme; no porque mi brazo tiem-

771.0 258.0 689.0 50.0 ble con el peso de la espada, si no por que vos

767.0 300.0 693.0 50.0 sois su esposo y no quiero mataros. Estoy se-

765.0 336.0 697.0 56.0 guro que os mataria, Marqués, porque yo no

771.0 382.0 689.0 48.0 puedo morir todavia; he nacido para ser des-

769.0 415.0 689.0 55.0 graciado y aun me queda mucho que sufrir.»

771.0 455.0 689.0 53.0 Las palabras de Diego revelaban un sentimiento

775.0 524.0 685.0 27.0 de generosidad y de abnegación digno de un

775.0 560.0 685.0 23.0 corazon como el suyo. Su aptitud serena y fir-

775.0 600.0 685.0 21.0 me, la franqueza de sentimientos que se refle-

773.0 610.0 685.0 57.0 jaba en su semblante á pesar de la intensa

767.0 650.0 693.0 50.0 amargura que oprimia su corazon, y aquel va-

767.0 686.0 689.0 56.0 lor y sangre fria que siempre demostraba en

765.0 730.0 695.0 51.0 los momentos del peligro, habrian convencido

768.0 770.0 689.0 50.0 á otro cualquiera, pero el Marqués, léjos de se-

761.0 807.0 699.0 52.0 renarse, atribuyendo á cobardia la negativa de

764.0 848.0 696.0 52.0 Diego y creyendo ver en sus palabras otro

764.0 895.0 694.0 38.0 nuevo insulto, dijo con acento firme. «Caballe-

768.0 926.0 690.0 49.0 ro, el coraje me ciega y necesito sangre, mu-

771.0 960.0 687.0 52.0 cha sangre para lavar mi honra, quiero matar

769.0 994.0 685.0 64.0 ó morir ¿lo entendeis ? Señaladme hora, sitio y

769.0 1038.0 482.0 52.0 armas y elegid vuestro padrino.»

795.0 1079.0 662.0 47.0 D. Diego ya no pudo contenerse; dirigió una

771.0 1117.0 681.0 53.0 mirada terrible al esposo de Lola y le dijo:

769.0 1153.0 687.0 52.0 «Si hubiese habido algun motivo que empaña-

771.0 1197.0 685.0 50.0 se el brillo de vuestro nombre, yo mismo os

771.0 1237.0 685.0 50.0 entregaria mi vida para que fueseis feliz ; esto

767.0 1278.0 687.0 51.0 lo haria bajo la consideracion de que sois el es-

769.0 1318.0 687.0 50.0 poso de Lola; pero me hablais con el orgullo

769.0 1354.0 687.0 50.0 propio de un Marqués, y yo á mi vez respondo

767.0 1392.0 690.0 50.0 al Marqués con doble orgullo; sitio el que

765.0 1436.0 691.0 48.0 querais ; hora la mejor que os plazca y armas

763.0 1469.0 693.0 54.0 las que vos elijais; en cuanto á padrinos, no

765.0 1509.0 691.0 54.0 creo que me hagais la ofensa de suponer que

773.0 1549.0 685.0 46.0 no soy tan caballero como vos; por lo mismo

773.0 1588.0 687.0 47.0 solo Dios será nuestro testigo y así aunque uno.

764.0 1628.0 697.0 44.0 de nosotros quede tendido en el campo, no pa-

771.0 1662.0 691.0 56.0 decerá la honra de la Marquesa porque el se-

769.0 1704.0 691.0 48.0 creto queda entre nosotros dos y Dios.» Ambos

771.0 1739.0 689.0 53.0 quedaron convenidos para batirse á la mañana

765.0 1783.0 149.0 51.0 siguiente.

781.0 1817.0 672.0 50.0 D. Diego se retiró á su casa, tomó papel y

763.0 1855.0 700.0 56.0 estendió su testamento en que dejaba todos

767.0 1898.0 695.0 51.0 sus bienes á su fiel criado Juan: queria dejarlo

767.0 1934.0 695.0 53.0 todo arreglado porque habia tomado la resolu-

769.0 1974.0 693.0 54.0 cion de dejarse matar por el Marqués á fin de

769.0 2012.0 691.0 50.0 no labrar para siempre la eterna desventura

761.0 2047.0 699.0 57.0 de la desgraciada Lola. Tomó la cajita de aloé

763.0 2089.0 693.0 57.0 en que conservaba aquella delicada rosa que su
