1661 2285
737.0 88.0 149.0 52.0 — 6—

108.0 118.0 676.0 80.0 luz plateaba con encanto las empinadas crestas

107.0 189.0 564.0 44.0 contribuyendo á hermosear las noches.

140.0 232.0 644.0 46.0 A los quince ó diez y seis dias de navegacion

106.0 270.0 678.0 47.0 en una hermosísima mañana de mayo, la auro-

104.0 306.0 680.0 55.0 ra empezaba á despuntar á través de un cielo

105.0 350.0 689.0 49.0 azul y trasparente, y cansado D. Diego de haber

105.0 387.0 684.0 47.0 pasado la noche en el alcázar como ya hemos

108.0 426.0 686.0 51.0 dicho iba á retirarse ya á su camarote, cuando

105.0 467.0 687.0 45.0 oyó que el piloto mandaba aferrar velas, lo cual

105.0 503.0 686.0 55.0 le pareció bastante estraño pues la calma era

108.0 542.0 678.0 52.0 tan grande, que la fragata apenas se movia: pre-

102.0 578.0 692.0 57.0 guntó pues el objeto de aquella maniobra y co-

100.0 626.0 694.0 48.0 mo le contestasen que antes de dos horas esta-

102.0 664.0 692.0 51.0 llaria la tempestad y que era necesario estar

106.0 700.0 688.0 54.0 preparados, no se desanimó por esto, sino que

101.0 740.0 687.0 50.0 por el contrario, no quiso retirarse al camarote

101.0 779.0 688.0 53.0 á pesar del cansancio que sentia. Al cabo de

99.0 814.0 691.0 58.0 una hora empezó á soplar un viento recio en-

100.0 854.0 690.0 58.0 crespando mas y mas las olas que azotaban los

100.0 902.0 692.0 44.0 costados de la fragata con tanta furia, que pa-

100.0 934.0 683.0 53.0 recia iban á sepultarla en el fondo del abismo,

106.0 971.0 686.0 57.0 y un momento despues dejóse ver con claridad

102.0 1016.0 690.0 52.0 á distancia de seis millas un ligero bergantin

97.0 1051.0 695.0 49.0 que ponia la proa en derechura á la fragata.

99.0 1094.0 693.0 44.0 Ambos buques gobernados con inteligencia mar-

99.0 1132.0 689.0 50.0 chaban con increible lijereza cual si fuesen

97.0 1169.0 691.0 49.0 impelidos por un torbellino: sin embargo el

100.0 1208.0 688.0 52.0 bergantin adelantaba ganando millas hácia la

100.0 1245.0 688.0 53.0 fragata y no podia tardar en acercarse: no bien

93.0 1281.0 695.0 59.0 hubo llegado á medio tiro de cañon, salió una

95.0 1329.0 693.0 43.0 espesa humareda de uno de sus costados, retum-

95.0 1361.0 693.0 51.0 bó el aire y una bala rompió el bauprés de la

93.0 1405.0 695.0 45.0 fragata. Casi al momento izó una bandera mi-

93.0 1439.0 695.0 51.0 tad negra, mitad encarnada en el tope. El ca-

91.0 1483.0 689.0 51.0 pitan de la fragata habia hecho todos los esfuer-

91.0 1521.0 689.0 48.0 zos posibles por escapar del bergantin, pues

91.0 1563.0 689.0 46.0 habia conocido al pirata, pero no pudo lograrlo

100.0 1603.0 680.0 49.0 y no tuvo otro remedio que ponerse al pairo,

91.0 1641.0 689.0 46.0 mandando armar á toda la tripulacion y pasa-

90.0 1682.0 688.0 46.0 jeros á fin de oponer toda la resistencia posible

88.0 1716.0 690.0 48.0 al enemigo. Al efecto cargáronse de metralla

90.0 1763.0 683.0 44.0 los cuatro cañones que llevaba, dos á cada ban-

90.0 1796.0 683.0 52.0 da, y esperó que el pirata obrase á fin de poder

88.0 1839.0 685.0 44.0 conocer sus intenciones y saber á que atenerse

88.0 1874.0 687.0 51.0 en la defensa. Dos lanchas con doce hombres

91.0 1913.0 676.0 50.0 cada una, armados de pesadas hachas y pisto-

91.0 1949.0 691.0 54.0 las, se destacaron de los costados del bergantin

89.0 1989.0 693.0 56.0 y empezaron á bogar con increible afan á fin

85.0 2024.0 697.0 53.0 de ganar los costados del buque contrario, pero

89.0 2073.0 693.0 53.0 no bien estuvieron bajo la puntería de los ca-

815.0 173.0 689.0 28.0 ñones oyóse una voz terrible que mandó hacer

813.0 188.0 691.0 48.0 fuego y casi en el mismo instante caia una llu-

815.0 224.0 687.0 54.0 via de balas sobre las dos lanchas que fueron

815.0 270.0 685.0 49.0 sepultadas en las olas. Un grito de venganza y

815.0 306.0 687.0 53.0 esterminio resonó entonces en la cubierta del

813.0 344.0 689.0 50.0 bergantin y un momento despues los piratas,

815.0 384.0 682.0 53.0 subiendo á las crucetas rompian un fuego hor-

813.0 424.0 689.0 52.0 roroso sobre la fragata barriendo con sus balas

813.0 464.0 689.0 55.0 toda la cubierta; la artillería rompió á su vez

815.0 506.0 687.0 48.0 el fuego y seis cañones del costado derecho del

813.0 540.0 682.0 56.0 pirata arrojaron otras tantas balas que fueron

813.0 580.0 686.0 52.0 á clavarse en el izquierdo de la fragata: en se-

813.0 618.0 687.0 57.0 guida viró á la izquierda y presentando el otro

813.0 662.0 684.0 52.0 costado disparóle otra andanada. La fragata

813.0 700.0 680.0 46.0 contestaba tambien con admirable acierto cau-

809.0 736.0 693.0 56.0 sando bastante daño al enemigo, pero éste, léjos

807.0 778.0 693.0 50.0 de intimidarse cobraba nuevos brios y redo-

807.0 813.0 693.0 51.0 blaba su ataque con visible ventaja. El bergan-

807.0 853.0 692.0 53.0 tin intentaba poner la proa en la popa de la

809.0 896.0 688.0 52.0 fragata donde no habia defensa alguna, y ya

807.0 933.0 692.0 47.0 empezaba á cundir el desaliento entre la tripu-

807.0 971.0 690.0 57.0 lacion y los pasajeros que apenas oponian resis-

807.0 1009.0 684.0 53.0 tencia, cuando presentándose D. Diego y su

807.0 1049.0 690.0 49.0 criado Juan sobre cubierta empezaron á dictar

807.0 1085.0 690.0 55.0 disposiciones. En esto D. Diego cuyo corazon

803.0 1132.0 694.0 52.0 palpitaba de ansiedad acercóse á una de las

803.0 1171.0 690.0 47.0 piezas y despues de hacer la punteria aplicó la

801.0 1211.0 692.0 43.0 mecha. El tiro sonó y un ruido seco acompaña-

803.0 1243.0 688.0 55.0 do de mil imprecaciones y blasfemias se oyó

803.0 1289.0 690.0 47.0 en la cubierta del pirata. La bala habia tron-

803.0 1321.0 690.0 51.0 chado el palo mayor del bergantin, el cual im-

803.0 1363.0 690.0 53.0 posibilitado de gobernar quedó espuesto al fue-

803.0 1399.0 688.0 57.0 go de la fragata. D. Diego apuntó el otro cañon

803.0 1445.0 688.0 47.0 y á los dos disparos rompió la caña del timon

803.0 1483.0 688.0 47.0 del enemigo. Las balas de los piratas entraban

803.0 1517.0 690.0 55.0 silvando por las portas de la fragata, pues todo

803.0 1559.0 688.0 51.0 su conato se dirigia á dar muerte á los que in-

803.0 1597.0 686.0 55.0 tentaban cargar y disparar los cañones: sin

803.0 1641.0 688.0 51.0 embargo de esto, D. Diego cuyo valor escedia

801.0 1679.0 688.0 51.0 á toda comparacion, esponia su pecho al fuego

803.0 1719.0 688.0 46.0 enemigo sin que bastasen á contenerle los rue-

803.0 1759.0 682.0 51.0 gos de su fiel criado Juan que habria dado gus-

801.0 1799.0 688.0 53.0 toso su vida por librar de todo peligro á su

800.0 1835.0 691.0 55.0 querido amo. Ambos buques continuaban el

800.0 1877.0 689.0 51.0 combate con el mayor encarnizamiento, pero

800.0 1917.0 683.0 51.0 los piratas diezmados por el plomo enemigo ape-

800.0 1953.0 687.0 53.0 nas podian continuar en la defensa, pues el ber-

798.0 1989.0 689.0 57.0 gantin agujereado á flor de agua se iba hun-

800.0 2033.0 687.0 52.0 diendo poco á poco, y los pocos hombres que

800.0 2073.0 683.0 61.0 quedaban apenas podian dar abasto para el ma-
