1655 2277
776.0 91.0 51.0 65.0 —17—

583.0 638.0 436.0 114.0 CAPÍTULO IV.

102.0 993.0 1396.0 54.0 Olvido de un juramento de amor y amargas consecuencias.—Un baile en casa del Marqués

150.0 1041.0 1346.0 49.0 de Montero.— Los celos.—El desafío.—Grandeza de alma de Diego.—El perdon.—La pa-

146.0 1076.0 1348.0 57.0 labra de honor de un caballero.—Eacenas de familia.—El testamento, la cajita de aloé

150.0 1115.0 758.0 47.0 y la rosa.—Preparativos de viaje.—La despedida.

123.0 1371.0 660.0 91.0 En la noche á que nos referimos dábase un

98.0 1443.0 685.0 56.0 gran baile en los lujosos y elegantes salones

96.0 1481.0 689.0 52.0 de la casa del marqués de Montero. Su primer

93.0 1520.0 691.0 51.0 cuidado fué enviar su coche al Hotel donde se

96.0 1559.0 691.0 47.0 hospedaba su generoso libertador y esperó la

96.0 1601.0 691.0 46.0 llegada del hombre á quien tanta gratitud de-

96.0 1641.0 691.0 51.0 bia. Diego no tardó en llegar, y el Marqués

91.0 1679.0 696.0 43.0 dándole afectuosamente el brazo corrió á pre-

92.0 1721.0 695.0 45.0 sentarlo á la Marquesa. D. Diego la saludó con

92.0 1755.0 692.0 51.0 el mayor respeto y cortesía sin reparar en la

89.0 1791.0 692.0 55.0 Marquesa, pero no bien sus ojos se encontra-

91.0 1832.0 690.0 50.0 ron con los de Lola, quedó frio como un már-

87.0 1865.0 694.0 51.0 mol. ¿Cómo se habia de pensar él aquella va-

89.0 1906.0 692.0 56.0 riacion en el corazon de una mujer que tanto

88.0 1946.0 692.0 52.0 amaba? Él que la creia fiel á su palabra, que

91.0 1986.0 690.0 48.0 solo ansiaba la llegada á Cadiz para ser su es-

87.0 2020.0 694.0 55.0 poso y labrar su dicha, vió de repente disipa-

85.0 2060.0 696.0 76.0 das como el humo todas sus ilusiones. El Mar-

802.0 1404.0 697.0 49.0 qués que nada habia reparado, rogó á su espo-

811.0 1443.0 689.0 49.0 sa que cumpliese por él con D. Diego mientras

808.0 1481.0 691.0 45.0 que él cumplia por ella en los salones, y se ale-

807.0 1519.0 692.0 52.0 jó dejando solos á los dos amantes. D. Diego es-

809.0 1561.0 692.0 48.0 tuvo á punto de abandonar aquella casa fatal

800.0 1597.0 691.0 51.0 en que veia deshechos todos sus dorados sueños

800.0 1635.0 693.0 49.0 de felicidad. Lola, pálida, agitada y temblorosa

800.0 1677.0 699.0 45.0 no hallaba tan solo una palabra para discul-

809.0 1715.0 691.0 52.0 parse. Su primer amor se habia despertado con

807.0 1755.0 691.0 48.0 toda su intensidad en su corazon á la vista de

802.0 1791.0 695.0 51.0 su amante, y al verse separada de él por la fa-

800.0 1827.0 695.0 53.0 talidad del destino, su amargura y su dolor

800.0 1870.0 693.0 50.0 eran inmensos. Diego no sabia lo que le pasa-

800.0 1908.0 695.0 48.0 ba. Sentia un dolor terrible en su corazon y el

800.0 1950.0 695.0 49.0 fuego de la ira se retrataba con todos sus colo-

802.0 1984.0 689.0 53.0 res en su rostro tostado por los ardientes rayos

802.0 2026.0 691.0 49.0 del sol de los trópicos. Al fin tomó su calma ha-

802.0 2062.0 689.0 63.0 bitual y mirando á Lola con indignacion la dijo
