1650 2305
770 111 176 63 — 12 —

155.0 157.0 692.0 73.0 tino lo quiere separémonos, y ojalá el cielo te

155.0 217.0 692.0 48.0 vuelva pronto á mis brazos. Parte tranquilo que

155.0 256.0 687.0 48.0 mi tierno corazon te seguirá á todas partes.»

155.0 291.0 692.0 54.0 Diego tomó la rosa con el mayor cariño y besán-

153.0 332.0 694.0 54.0 dola con emocion la colocó en su pecho, y diri-

153.0 371.0 684.0 50.0 giéndose á su amada, la dijo: Dime Lola mia,

159.0 409.0 688.0 50.0 si juguete de la inclemencia de los mares llega

153.0 451.0 694.0 65.0 á tus oidos la noticia de mi naufragio, guar-

860.0 163.0 690.0 65.0 darás á tu amante un lugar en tu corazon?

862.0 211.0 688.0 52.0 Lola no pudo contener su llanto; llevó una

860.0 251.0 686.0 46.0 mano al corazon y mirando con tierna amar-

862.0 288.0 686.0 57.0 gura al jóven le dijo: «Aquí vivirás mientras

862.0 330.0 686.0 54.0 yo viva.» Diego se arrojó en los brazos del Ba-

862.0 375.0 2.0 40.0 ron, depositó un tierno y apasionado beso en la

860.0 405.0 686.0 67.0 mano de su amada y salió de aquella casa con

862.0 451.0 409.0 50.0 el alma traspasada de dolor.
