1662 2249
519.0 80.0 638.0 120.0 HISTORIA

809.0 236.0 60.0 52.0 DE

191.0 339.0 1293.0 102.0 UN JURAMENTO DE AMOR

823.0 468.0 43.0 77.0 ó

379.0 588.0 915.0 127.0 ¡FLOR DE UN DIA!

652.0 920.0 387.0 105.0 CAPÍTULO I.

151.0 1161.0 1392.0 66.0 De quien era D. Diego de Carvajal.- Interesante historia del negro Juan y de su hijo. -La

194.0 1210.0 1351.0 46.0 esclavitud.—La caza de la pantera y del toro salvaje en los bosques de América.—D.Die-

197.0 1251.0 1350.0 48.0 go salva la vida al negro Juan.—La fuga.-La compra de un eselavo.—Horrores de una

192.0 1289.0 1353.0 47.0 tempestad.—El bergantin pirata.-Escenas interesantes en el mar durante la tempestad.

187.0 1573.0 663.0 56.0 La dulce media tinta de la noche y el dia, ese

157.0 1621.0 687.0 50.0 ser y no ser que tiene algo semejante al caos,

156.0 1658.0 684.0 44.0 el crepúsculo de la mañana, muestra su pálida

156.0 1695.0 692.0 46.0 faz llena de melancólicos encantos. El crepús-

158.0 1735.0 687.0 44.0 culo de la mañana, bello siempre bajo todos los

158.0 1779.0 686.0 40.0 cielos y en todos los climas, es sobre los campos

157.0 1812.0 687.0 50.0 de la América uno de los espectáculos mas poé-

157.0 1857.0 690.0 44.0 ticos, mas encantadores, que mas electrizan los

158.0 1894.0 687.0 45.0 sentidos y enajenan el alma del observador. Si

159.0 1931.0 689.0 43.0 es de noche y sin luna, solo se ven jigantescas

166.0 1966.0 678.0 54.0 masas oscuras, cerca, lejos y en todas direccio-

157.0 2009.0 687.0 50.0 nes suspendidas sobre los abismos; ni se advier-

157.0 2044.0 687.0 85.0 te vereda ni camino, ni se vé la hondura que

865.0 1576.0 692.0 58.0 está delante; solo se conoce el precipicio por el

868.0 1621.0 690.0 48.0 lejano quejido del arroyo que se arrastra sobre

870.0 1658.0 692.0 51.0 ágrio lecho de piedras ó que se despeña de risco

867.0 1699.0 692.0 50.0 en risco hasta llegar adonde la vista apenas al-

869.0 1736.0 691.0 51.0 canza en las horas mas claras del dia. Si por el

869.0 1777.0 691.0 49.0 contrario hace luna, las masas oscuras no son

872.0 1821.0 688.0 46.0 tan colosales pero si en mayor número y mas

869.0 1854.0 695.0 43.0 fantásticas porque mientras el astro de la no-

869.0 1892.0 695.0 52.0 che pasa y se aleja, los pinos, los abetos, los co-

869.0 1934.0 694.0 42.0 coteros y cafeteros, los álamos y encinas, los

870.0 1967.0 692.0 57.0 jarlaes, arbustos y malezas, dan su sombra en

868.0 2009.0 694.0 46.0 confusion tal, que fascina los sentidos, fingién-

868.0 2046.0 690.0 79.0 doles un mundo lleno da fantasmas. Pero aso-
