1656 2306
466.0 148.0 884.0 78.0 HISTORIAS PUBLICADAS EN ESTA GALERÍA.

360.0 422.0 883.0 57.0 Aventuras de Leontino y amores con la reina Nelsa.

361.0 489.0 1092.0 64.0 El Conde del Valle y sus tiernos amores con la Princesa Moraima

358.0 557.0 825.0 66.0 La Princesa Alida y el Caballero del manto azul.

357.0 630.0 412.0 59.0 D. Juan de Serrallonga.

358.0 700.0 411.0 60.0 La Perla de las Antillas.

360.0 768.0 715.0 69.0 Un juramento de amor ó ¡ Flor de un dia!

357.0 845.0 350.0 62.0 Espinas de una flor.

355.0 919.0 1158.0 75.0 Grandes hechos y maravillosas proezas del Emperador Carlo-Magno,

438.0 994.0 488.0 61.0 y los doce Pares de Francia.

348.0 1062.0 790.0 66.0 Ernesto y Sofía, ó los huérfanos en el desierto.

352.0 1135.0 988.0 74.0 Amores de Fausto y Margarita, ó el poder de Mefistófeles.

355.0 1210.0 360.0 65.0 La guerra de Africa.

352.0 1274.0 464.0 77.0 Don Quijote de la Mancha.

353.0 1355.0 604.0 69.0 Aadino ó la Lámpara maravillosa.

353.0 1424.0 372.0 69.0 Flores y Blanca-Flor.

351.0 1496.0 293.0 68.0 D. Juan Tenorio.

352.0 1566.0 763.0 80.0 La hermosa Atala ó la pastorcilla del bosque.

352.0 1647.0 347.0 59.0 El amante Trovador.

353.0 1714.0 295.0 65.0 El general Prim.

352.0 1784.0 285.0 71.0 El Hijo Pródigo.

348.0 1858.0 854.0 73.0 La Hija desobediente ó la infiel esposa Margarita
