1664 2296
846.0 91.0 147.0 71.0 —20—

237.0 1345.0 1340.0 54.0 El Marqués impaciente tomó su espada y se puso en guardia, pero en menos de cinco minutos

579.0 1394.0 642.0 56.0 fué desarmado dos veces. Cap. IV, pág. 21.

206.0 1501.0 684.0 48.0 amada le diera como prenda de su amor; es-

204.0 1544.0 686.0 42.0 tampó en ella un doloroso beso en que emitia

210.0 1575.0 690.0 50.0 todo el recuerdo de felicidad soñada, y llamando

204.0 1614.0 693.0 50.0 á Juan le dijo : « Juan, querido amigo, toma

205.0 1654.0 686.0 53.0 estos papeles, y si á las diez de la mañana no

205.0 1700.0 686.0 43.0 he vuelto á casa, cumple fielmente cuanto en

205.0 1736.0 686.0 49.0 ellos te digo. En ellos te dejo toda mi fortuna

204.0 1775.0 690.0 48.0 para que marches al lado de tu hijo y seas fe-

204.0 1811.0 690.0 54.0 liz. Hoy mismo sale una fragata para Améri-

204.0 1846.0 690.0 53.0 ca, aprovecha la ocasion y disfruta la tranqui-

212.0 1886.0 682.0 59.0 lidad y la dicha que mereces. Ahora por últi-

205.0 1936.0 686.0 43.0 mo favor te pido que vayas y entregues esta

204.0 1970.0 686.0 49.0 caja á la Marquesa : ten prudencia y discrecion

208.0 2015.0 683.0 46.0 al responder á las preguntas que te haga.» Los

206.0 2049.0 691.0 49.0 ojos de Juan se inundaron de lágrimas; rehusó

212.0 2083.0 682.0 75.0 tomar los papeles que D. Diego le entregaba y

911.0 1498.0 695.0 47.0 mirándole con ternura le dijo: «Señor, no

909.0 1536.0 699.0 53.0 quiero la felicidad que me ofreceis, yo heriré

918.0 1579.0 691.0 51.0 á vuestro contrario si quereis, y si no me haré

921.0 1617.0 685.0 46.0 matar por él si vos moris. ¿De qué me sirve á

916.0 1655.0 690.0 54.0 mí la vida sin vos?» D. Diego enternecido

916.0 1692.0 689.0 55.0 alargó su mano á Juan diciendo : « Juan, amigo

913.0 1737.0 689.0 48.0 mio, haz lo que te digo y evita el disgusto que

911.0 1769.0 689.0 52.0 me das. Estos son lances de honor que tú no

911.0 1808.0 691.0 51.0 comprendes, y no hay otro remedio que pasar

911.0 1848.0 689.0 55.0 por ellos. » Juan no insistió mas, pues ya tenia

913.0 1898.0 0.0 34.0 tomada su resolucion: recogió los papeles y la

913.0 1927.0 692.0 51.0 caja y marchó en casa de Lola. D. Diego se di-

914.0 1965.0 690.0 49.0 rigió apenas fué de dia al sitio convenido y no

916.0 2003.0 686.0 55.0 tardó en llegar tambien el Marqués. Éste estaba

914.0 2044.0 690.0 55.0 pálido, furioso y sediento de sangre; estaba

909.0 2081.0 689.0 69.0 loco de celos: D. Diego por el contrario estaba
