1661 2316
733.0 119.0 143.0 75.0 —9—

106.0 167.0 689.0 62.0 naba siempre recta, é impelida por el huracan

106.0 212.0 691.0 50.0 adelantaba muchas millas. Sin embargo á cada

104.0 252.0 691.0 54.0 paso estaban espuestos á zozobrar por la mucha

104.0 289.0 691.0 46.0 agua que les entraba, pero el incansable

102.0 331.0 693.0 45.0 afan del negro Juan acudia á todo, ya sujetán-

104.0 364.0 691.0 52.0 do la pequeña vela ya sacando el agua y pro-

104.0 403.0 691.0 54.0 curando salvar las provisiones. Dos dias pasa-

102.0 440.0 693.0 57.0 ron de este modo en la mayor ansiedad y fatigas,

102.0 482.0 693.0 54.0 mirando á todos puntos á ver si descubrian al-

102.0 524.0 693.0 55.0 gun buque que los recogiese. Las pocas provi-

100.0 557.0 695.0 52.0 siones estaban mojadas y apenas podian comer-

102.0 602.0 693.0 52.0 las; sus fuerzas estaban muy debilitadas por

100.0 638.0 695.0 51.0 la vigilia y la contínua lucha con el ele-

103.0 680.0 701.0 54.0 mento, y ya se creian perdidos para siempre,

100.0 719.0 695.0 53.0 cuando al fin descubrieron un buque que aun

90.0 752.0 705.0 62.0 que á bastante distancia, no podia tardar en

100.0 799.0 695.0 52.0 acercarse pues seguia el mismo derrotero. Al

98.0 839.0 697.0 46.0 cabo de dos horas lo tenian ya á la vista y tra-

96.0 874.0 699.0 50.0 taron de poner una señal para que pudiesen

98.0 920.0 697.0 50.0 divisarla desde el buque, pero como nada te-

98.0 961.0 697.0 46.0 nian que pudiese servirles de bandera, no sa-

97.0 993.0 692.0 47.0 bian que partido tomar, cuando ocurrió una

99.0 1035.0 689.0 44.0 idea feliz á Juan; quitóse la camisa á pesar del

95.0 1073.0 691.0 45.0 crudo frio y de los golpes de agua que sufrian,

94.0 1113.0 701.0 50.0 y atándola por ambas mangas en la punta del

92.0 1148.0 703.0 54.0 pequeño mástil, bien pronto comenzó á ondear

92.0 1186.0 699.0 51.0 asemejándose á una bandera blanca que no

93.0 1230.0 697.0 52.0 tardó en ser vista por la tripulacion del buque.

98.0 1266.0 695.0 56.0 A las dos horas poco mas, ya estaban nuestros

90.0 1308.0 703.0 48.0 dos náufragos sobre el puente de un hermoso

88.0 1341.0 705.0 52.0 bergantin que hacía rumbo á las costas españo-

90.0 1383.0 703.0 56.0 las. A los pocos dias arribaron á las islas Ca-

88.0 1424.0 705.0 50.0 narias y la primera noticia que tuvieron de los

88.0 1465.0 694.0 45.0 compañeros de naufragio que habian quedado

90.0 1501.0 692.0 50.0 en las balsas, fué que todos habian perecido,

87.0 1550.0 689.0 45.0 pues las tripulaciones de otros buques que ha-

88.0 1584.0 694.0 48.0 bian arribado el mismo dia al puerto, referian

84.0 1618.0 688.0 48.0 haber visto muchos cadáveres flotando sobre

90.0 1655.0 692.0 56.0 las aguas hechos juguetes de las olas, y espar-

82.0 1702.0 686.0 46.0 cidos por todas partes los maderos de las balsas.

110.0 1734.0 657.0 55.0 Una vez ya en tierra D. Diego, fué su primer

82.0 1774.0 689.0 54.0 cuidado tomar pasaje para Cádiz donde ya le

78.0 1814.0 690.0 50.0 esperaban, pues habiendo perdido toda su ropa

83.0 1854.0 690.0 45.0 equipaje y demás en el naufragio, se veia en

75.0 1895.0 697.0 54.0 la precision de dirigirse á aquella ciudad para

77.0 1932.0 696.0 46.0 donde tenia buenas recomendaciones, á fin de

75.0 1971.0 696.0 52.0 proveerse de todo cuanto necesitaba. Luego

77.0 2012.0 695.0 45.0 que hubo llegado á ella con su fiel Juan pasó

73.0 2045.0 699.0 52.0 á visitar á un noble y rico caballero Baron de

75.0 2090.0 697.0 61.0 Espinosa, hombre de bastante edad, pero de

820.0 200.0 688.0 25.0 muy bellas prendas, el cual vivia solo en com-

824.0 218.0 687.0 50.0 pañía de su hija Lola, único fruto de su matri-

820.0 250.0 688.0 51.0 monio, cuya jóven era un modelo de virtud y

820.0 291.0 688.0 52.0 de hermosura. Lola tenia 16 años de edad y

820.0 331.0 686.0 47.0 dedicada con esmero al cariño de su anciano

822.0 366.0 680.0 58.0 padre, no habia sentido aun latir su corazon

822.0 409.0 684.0 52.0 con esa violencia que se llama amor. Todo su

822.0 445.0 684.0 54.0 pensamiento, su memoria y su felicidad era su

820.0 484.0 684.0 52.0 anciano y virtuoso padre de quien no se sepa-

820.0 523.0 684.0 54.0 raba un solo instante, deseosa siempre de disi-

822.0 563.0 682.0 56.0 par con sus cariñosos cuidados las mas ligeras

822.0 602.0 680.0 52.0 sombras de disgusto con que el peso de los años

820.0 644.0 615.0 50.0 abrumaba el corazon del virtuoso anciano.

829.0 680.0 673.0 46.0 Al dia siguiente de su llegada á Cádiz pre-

813.0 717.0 687.0 56.0 sentóse D. Diego en casa del Baron donde fué

813.0 762.0 685.0 50.0 recibido con particular estimacion á pesar de

813.0 797.0 685.0 59.0 que no le conocian, pero bastaba solo ver el

811.0 839.0 685.0 54.0 rostro honrado y franco del jóven caballero,

813.0 883.0 679.0 51.0 sus nobles maneras y otras bellas cualidades,

813.0 922.0 683.0 44.0 que resaltaban á primera vista, para que todos

813.0 957.0 683.0 54.0 le estimasen. Durante la visita la virtuosa é

811.0 993.0 683.0 58.0 inocente Lola no se cansaba de mirar al jóven;

811.0 1034.0 685.0 52.0 y éste por su parte no apartaba sus ojos de

813.0 1075.0 681.0 55.0 ella; tal era el placer que ambos sentian al

813.0 1117.0 679.0 52.0 contemplarse. Pocas palabras hablaron ambos

811.0 1152.0 681.0 52.0 jóvenes, pero sus ojos daban á entender bien

809.0 1196.0 682.0 50.0 claramente lo que ambos hubieran querido re-

811.0 1229.0 676.0 54.0 velarse. Lola era admirablemente hermosa : su

809.0 1269.0 678.0 51.0 corazon de fuego, jamás habia latido á impulsos

809.0 1308.0 678.0 52.0 del amor. Diego era jóven, rico y buen mozo

809.0 1347.0 680.0 52.0 su alma grande y generosa; su corazon noble

811.0 1391.0 676.0 50.0 y esforzado jamás habia respirado otros per-

811.0 1424.0 676.0 58.0 fumes que el de los bosques, solo habia palpi-

795.0 1461.0 692.0 57.0 tado con placer en presencia de las fieras; jamas

797.0 1505.0 686.0 54.0 habia sentido ese divino fuego que el Criador

797.0 1540.0 686.0 56.0 encerró en el alma de la criatura. Ahora se ha-

797.0 1586.0 684.0 50.0 llaba lejos de los bosques de su patria que lle-

795.0 1623.0 688.0 50.0 naban de encanto su imaginacion, necesitaba

797.0 1661.0 684.0 54.0 de otras emociones que le hiciesen agradable

795.0 1698.0 688.0 46.0 la vida, y en Lola creyó hallar todo cuanto le

797.0 1735.0 686.0 57.0 faltaba para ser feliz: en la dulce y tierna mi-

795.0 1779.0 686.0 44.0 rada de aquella hermosa criatura creyó ver un

795.0 1818.0 686.0 52.0 mundo nuevo lleno de encantos y desde luego

795.0 1854.0 688.0 48.0 concibió por ella una pasion inmensa como el

795.0 1891.0 688.0 54.0 cielo : ardiente y pura como la luz del sol del

786.0 1928.0 695.0 57.0 medio dia en un dia de verano. Lola se halló en

788.0 1970.0 685.0 56.0 un momento poseida de la misma sensacion, y

788.0 2012.0 689.0 51.0 aquellas dos nobles almas aquellos dos ardien-

786.0 2049.0 691.0 52.0 tes corazones se comprendieron con una mirada

788.0 2088.0 540.0 73.0 y se confundieron en un solo suspiro.

172.0 2137.0 32.0 46.0 2
