1917 2628
343 213 649 64 La primer sangre que el Niño

292 261 601 67 derramó para bien nuestro,

294 306 579 66 fue el primer dia del Año,

294 354 583 70 como afirma el Evangelio.

343 404 646 74 Los Santos Reyes de Oriente

294 455 485 72 trece dias anduvieron,

294 506 476 69 hasta llegar al portal,

294 557 615 67 donde nació el Rey Excelso.

341 608 575 63 De dia se bolvieron libres,

294 657 649 64 quando à sus tierras volvieron

294 705 633 65 del Rey Herodes, que estava

293 754 601 69 encarnizado, y sangriento.

341 805 572 68 Mandò aquel maldito Rey

293 852 673 78 de embidia, en todo su Reyno,

294 903 526 66 que passassen à cuchillo

294 953 548 66 à todos los niños tiernos.

343 1005 525 65 De dia el Santo Joseph,

296 1051 664 73 la Virgen, y el Niño huyeron,

293 1105 553 61 no por temor del Tyrano,

294 1154 652 62 mas por permission del Cielo.

341 1203 499 61 Hallaron en el camino

293 1252 626 67 à un Labrador, que centeno

293 1305 530 61 sembrava con ambicion,

297 1350 551 69 y estas palabras dixeron:

340 1397 613 68 Hombre, que siembras ahí?

294 1452 584 62 y le respondió el perverso:

297 1492 714 83 piedras es lo que estoy sembrando,

296 1551 594 60 que les importa el saberlo?

348 1597 563 71 Y al punto permitió Dios,

299 1651 479 60 por soberano decreto,

297 1696 614 61 que se le bolviessen piedras,

300 1747 609 59 como lo afirmava él mesmo.

343 1794 519 61 Passando mas adelante

297 1842 523 61 aquel mismo dia vieron

293 1889 533 74 otro hombre trabajando

296 1946 636 61 en lo mismo que el primero:

344 1989 532 69 Dixole la Virgen Santa:

296 2035 680 71 Labrador, que estás haciendo?

300 2093 565 59 y el humilde le responde:

297 2137 577 70 Señora este trigo siembro.

348 2188 643 69 La Virgen le dixo entonces;

303 2239 637 66 pues vé por las hoces presto,

1051 226 531 60 y lo segarás, que quiere

1046 261 606 74 hacerte esta gracia el Cielo.

1099 313 489 72 Y si llegaron algunos,

1049 360 590 79 preguntando por un Viejo,

1051 420 600 64 con una muger y un Niño,

1051 464 613 65 has de responderles cuerdo,

1105 515 671 80 Que quando el trigo sembravas

1052 562 546 77 por esse camino fueron;

1052 611 380 72 y desde entonces

1051 659 607 66 nunca mas bolviste à verlos.

1096 708 546 62 Assi el Labrador lo hizo,

1049 757 625 76 y estando el trigo cogiendo,

1046 807 570 73 del maldito Rey Herodes,

1048 858 524 69 unos Soldados vinieron.

1095 912 610 66 Por los tres le preguntaron,

1046 954 568 70 y el respondió afirmando,

1048 1005 652 73 que à los tres passar ha visto,

1046 1058 608 63 estando el trigo sembrando.

1092 1106 535 62 Ellos ciegos en el alma,

1045 1154 616 70 no entendieron el mysterio,

1052 1205 513 57 y por el mismo camino

1046 1249 570 73 todos juntos se bolvieron.

1093 1300 571 78 Antes de llegar à Egypto,

1045 1350 445 72 otro dia les salieron

1043 1401 561 64 al camino unos ladrones,

1045 1451 495 65 y desta suerte dixeron:

1100 1496 649 72 Que gente vá por el campo?

1055 1551 629 66 y Joseph respondió un Viejo,

1051 1601 617 69 con esta Doncella hermosa;

1052 1649 497 63 y con este niño tierno.

1097 1692 672 65 Respondió el Padre de Dimas:

1052 1752 692 59 que tambien estava entre ellos:

1051 1792 585 69 Dexadlos passar, pues son

1054 1842 721 74 gente honrada á lo que entiendo.

1096 1889 578 83 Llegaron de dia à Egypto,

1049 1943 517 70 con alegria y contento,

1052 1994 591 57 y alli estuvieron siete años,

1049 2048 625 63 con quietud, paz y sossiego.

1097 2092 595 65 En este estado el Romance

1051 2137 552 70 dexo por no ser molesto,

1043 2191 510 67 hasta la segunda parte,

1043 2238 671 61 que al Lector curioso ofrezco.

328 2284 1389 92 Barcelona: Por los Herederos de Juan Jolis en los Algodoneros.
