950 1316
713 1 35 22 13

26 33 357 21 hombres, irse á meter en

27 44 358 42 medio de los Soldados, sin

26 76 360 38 temer el riesgo de la ho-

30 107 356 35 nestidad, que amaba tanto,

27 133 358 42 no considerando, que con

29 164 356 42 verla, se excitaban los de-

28 195 357 37 seos, estando en lo mejor

29 224 356 38 de su edad, para recibir

31 255 358 34 tambien el amor ella que

30 287 359 35 causaba en los otros. Quién la

30 314 360 42 habia dicho, que los Asy-

30 345 360 37 rios la habian de dejar pa-

32 377 365 36 sar sin agraviar en nada su

31 404 366 41 honra ? Qué seguridad po-

30 435 367 38 dia tener de una Milicia des-

31 467 366 35 compuesta ? Y quando en

31 497 366 34 esto huviera seguro, siem-

30 529 367 37 pre una muger honesta ha

31 562 370 31 de procurar no exponer su

29 590 372 34 cuerpo á la menor afren-

31 622 368 36 ta, aunque fuera por salvar

32 646 145 37 la Ciudad.

75 673 329 38 Si consideramos todo la

32 704 372 39 dicho, segun el mundo, es

34 743 365 27 cierto, que no se puede de-

32 765 367 41 fender ; pero quién se puede

34 801 371 35 atrever á condenar lo que se

35 824 370 36 hacia con una manifiesta ins-

34 852 375 40 piracion de Dios, y del

36 881 373 40 buen Angel que la guiaba,

38 912 371 39 y llevaba como de la mano,

37 943 369 40 haciendola marchar segura

39 976 367 37 á los principios, y siem-

38 1005 368 36 pre lozana como la yedra

39 1035 367 36 en la ruina de los antiguos

42 1063 367 38 edificios ? Con todo eso ella

43 1094 366 38 tuvo arte y maña para di-

46 1128 364 35 simular su empresa, y supo

46 1156 364 48 con sus palabras detener

404 21 367 31 á los boldados, para no ha-

404 43 373 41 cer en ella alguna libertad.

404 71 372 44 Además que quién ha de

404 101 370 42 hacer escrupulos de ardi-

405 135 372 36 des que son licitos contra

406 165 366 41 el enemigo en la guerra, y

406 200 372 35 salvar la vida, supuesto, que

406 224 371 42 algunos Theologos, y Ju-

408 261 370 35 risconsultos afirman, que son

406 288 373 38 buenos y loables por hacerse

413 315 366 42 á buen fin, y por medios le-

413 345 108 45 gitimos?

460 370 321 46 Llevaronla, pues delan-

413 405 366 42 te del General Holofernes,

412 438 370 40 quien estaba magestuoso sen-

413 472 369 30 tado en su trono, debajo

416 496 363 41 de un pavellon de oro, y

415 527 367 39 de purpura, todo guarne-

416 556 367 41 cido de esmeraldas, soberbio,

415 591 370 36 é inflado como un pavo real,

417 616 369 37 que manifiesta al sol los

416 648 371 36 ojos de su cola, por quien

420 676 368 41 parece ha nacido. Luego que

419 705 368 42 Judith llegó á su presen-

417 736 370 37 cia, se postró entierra, ha-

416 766 373 34 ciendole una revcrencia cor-

417 796 371 40 tesana, y no de adoracion,

416 825 373 36 Hablóle con una sumision

420 853 368 41 muy rendida la humilde Da-

420 888 370 37 ma, y al punto le cautivó su

420 916 370 38 corazon, cogiendole, como

423 948 367 33 lo habia pensado en las re-

424 973 366 42 des de su pecho. Los que

424 1007 366 33 estaban presentes no queda-

424 1034 366 40 ron menos cautivos que el

427 1064 363 39 General al ver su gallardia,

427 1095 364 38 hermosura, y donayre; y asi

426 1128 364 35 comenzaron á decir con ad-

426 1156 363 59 miracion : Que tierra que pro-

741 1190 49 36 du-
