1860 2629
206.0 1200.0 1364.0 149.0 NUEVO Y CURIOSO PAPEL

241.0 1336.0 1298.0 85.0 en el que se cuenta y declara las grandes desgracias

146.0 1399.0 1492.0 84.0 ocurridas el dia 5 de Enero de 1909, á causa de una borrasca

228.0 1456.0 1320.0 134.0 envuelta en grandes tormentas en las costas de Canarias.

171.0 1621.0 421.0 70.0 A la Sagrada María

138.0 1667.0 522.0 68.0 por todo el orbe nombrada

133.0 1715.0 525.0 59.0 hermosa Virgen del Cielo

133.0 1761.0 518.0 55.0 luna sin menguante clara

138.0 1800.0 493.0 64.0 lucero el más refurgente

133.0 1842.0 419.0 55.0 estrella matutinaria

138.0 1875.0 473.0 59.0 reina celestial hermosa

138.0 1921.0 526.0 59.0 imploro de vuestra gracia

138.0 1960.0 427.0 48.0 el valor para escribir

138.0 2002.0 495.0 55.0 innumerables desgracías

140.0 2033.0 553.0 61.0 que han sucedido en el mar

140.0 2081.0 515.0 55.0 en las costas de Canarias

142.0 2118.0 487.0 68.0 y otras islas que existen

140.0 2155.0 504.0 59.0 en toda aquella comarca;

144.0 2203.0 496.0 60.0 han quedado las familias

146.0 2239.0 465.0 63.0 pobres y desamparadas

146.0 2282.0 426.0 57.0 sujetas á las miserias

144.0 2317.0 571.0 114.0 que es un dolor anunciarlas.

945.0 1621.0 564.0 61.0 Pero antes de dar principio

910.0 1667.0 465.0 61.0 ni pasar á la sustancia,

912.0 1708.0 379.0 62.0 será preciso acudir

914.0 1748.0 450.0 61.0 á la majestad sagrada

914.0 1789.0 553.0 51.0 de Dios, padre omnipotente

916.0 1829.0 487.0 55.0 que solo con su palabra

914.0 1870.0 421.0 57.0 hizo el día con su luz

919.0 1903.0 552.0 62.0 para ver por donde andaba,

916.0 1949.0 538.0 59.0 la noche para el descanso,

916.0 1991.0 468.0 61.0 cada uno en su morada

919.0 2028.0 478.0 59.0 con su mujer y sus hijos

919.0 2070.0 526.0 55.0 en dulce amor y compaña.

919.0 2109.0 572.0 59.0 Dios hizo el cielo y la tierra

923.0 2147.0 487.0 67.0 y crió las demás plantas

916.0 2193.0 601.0 54.0 el Sol, la Luna y las estrellas

919.0 2232.0 495.0 63.0 esa hermosa maquinaria

921.0 2274.0 456.0 59.0 y los demás elementos,

919.0 2320.0 574.0 89.0 tierra. fuego. viento y agua.
