1105 1602
565 121 90 37 —22—

202 162 794 34 trayendo en sus garras cada uno un disforme veñasco. Llegaron pron-

203 187 795 32 tamente á ponerse sobre nuestro buque y entonces uno de ellos dejó

203 216 794 39 caer á plomo el peñasco que traia; pero afortunadamente supo el piloto

203 245 795 39 virar con maestria, y la peña no cayó encima, sino á un lado haciendo

203 277 795 30 abrirse hasta el fondo el agua del mar. En el instante de aquel gran mo-

204 303 787 39 vimiento de las aguas, apareció en la superficie un colosal mónstruo ma

203 335 795 32 ritimo, el cual abriendo su boca descomunal nos hizo creer que iba á tra-

205 363 794 36 garnos; mas en seguida volvió á ocultarse. El segundo roc tambien soltó

205 392 794 40 la peña que traia, y lo hizo con tal acierto, que cayendo en medio de la

206 421 793 40 nave, abrió el casco en dos partes, aplastando á la mayor parte de los

207 451 793 39 pasageros, y los demás, siendo yo uno de ellos, fuimos sumerjidos. Tan

208 482 793 33 luego como toqué el fondo de las aguas, pude felizmente volver á la su-

209 510 793 39 perficie y agarrarme á una tabla. Fluctuando sobre las olas conseguí lle-

207 541 795 39 gar á una isla, y aunque con grandisima dificultad, me ví en salvo. Sen-

209 572 792 35 tándome sobre la yerba para descansar de mi gran fatiga, comí de dife-

210 600 791 39 rentes frutas que hallé á mano, sumamente sabrosas. Luego me levanté y

210 630 557 37 reconocí el terreno, que me pareció muy delicioso.

253 658 751 39 Seguí adelantándome á lo interior de la isla y en mi camino encontré

209 689 796 38 un anciano sentado á la orilla de un arroyo, y en el momento me ima-

209 717 797 43 giné que seria un desgraciado náufrago como yo. Le saludé y solo recibí

211 752 792 36 por respuesta una cabezada. Preguntándole yo qué hacia y quién era,

211 778 795 34 me respondió haciéndome señas de que lo tomase á hombros y le pasase

210 807 796 35 al otro lado del rio. Compadecido yo, ninguna resistencia hice, y to-

211 838 796 34 mándole sobre mis espaldas, atravesé la corriente. Cuando estuve al otro

211 865 796 39 lado le dije que se bajase, pero él en vez de hacerlo así, cruzó fuerte-

211 898 796 35 mente sus piernas al rededor de mi cuello, y á pesar de haberme pare-

211 925 799 38 cido un anciano tan débil, apretaba mi garganta de modo que creí quedar

211 955 797 37 ahogado. Caí al suelo desmayado; mas él nunca se soltó de mí, aflojan-

212 988 798 37 do solamente un poco las piernas para que yo tomase algun aliento. Cuan-

213 1014 796 37 do recobré mi sentido, apretaba fuertemente uno de sus pies contra mi

212 1044 797 40 pecho, y con el otro golpeándome en el costado, me obligó á levantarme

214 1076 796 34 prontamente y que anduviese por debajo de los árboles para él cojer las

215 1106 797 35 frutas y comerlas. Así me tuvo un dia y otro y otro, sin soltarme jamás el

223 1133 788 38 nciano, siempre agarrado á mi pescuezo, aflojando solamente un poco

226 1164 786 38 e noche cuando me tendia en el suelo para descansar. Apenas era de

216 1195 796 34 dia me golpeaba con sus pies y hacia que me levantase y anduviese todo

216 1225 796 37 el dia. Inútil es decir cuánto sufriria yo al verme aprisionado de aquel

218 1253 601 38 modo, sin poderme quitar de encima semejante carga.

260 1280 753 37 Un dia ancontré muchas calabazas secas en el suelo, cojí una y la

219 1310 795 41 Hlené con el jugo de uvas, que abundaban en aquella isla. Dejé la calaba-

219 1342 795 38 za con el vino en el hueco de un tronco, y pasados algunos dias volví

219 1371 793 37 por allí y bebi un licor tan escelente, que por un rato me hizo olvidar de

219 1399 794 49 mi amarga situacion, trastornándome la cabeza, de modo que segun iba
