1860 2629
454.0 278.0 1013.0 105.0 CANCION QUE SE CANTA EN EL DRAMA TITULADO

335.0 374.0 1233.0 160.0 LA SEGUNDA DAMA DUENDE.

298.0 609.0 553.0 92.0 Han sonado tres palmadas

252.0 676.0 515.0 71.0 y es cerca de anochecer,

254.0 731.0 480.0 59.0 y te pones tan de prisa

256.0 784.0 507.0 66.0 la mantilla y guardapiés.

353.0 819.0 423.0 72.0 ¿A dónde vas, niña?

298.0 863.0 428.0 87.0 Madre, no me riña,

296.0 917.0 355.0 71.0 que voy é rezar

298.0 957.0 460.0 103.0 á la Vírgen del Pilar.

289.0 1045.0 485.0 89.0 Salió la niña corriendo

241.0 1106.0 495.0 77.0 sin un instante esperar,

247.0 1167.0 533.0 68.0 y la madre quedó en casa

239.0 1215.0 489.0 64.0 disponiendo que cenar.

359.0 1264.0 419.0 63.0 ¿A dónde vas, niña?

293.0 1299.0 417.0 83.0 Madre, no me riña,

289.0 1353.0 336.0 62.0 que voy á rezar

285.0 1397.0 462.0 99.0 à la Vírgen del Pilar.

289.0 1470.0 553.0 109.0 Pasaron mas de tres horas,

234.0 1548.0 483.0 73.0 cuando la niña volvió,

239.0 1586.0 627.0 85.0 y halló á su madre que estaba

236.0 1640.0 470.0 68.0 esperándola al balcon.

333.0 1691.0 485.0 74.0 ¿ Dónde has ido, niña?

280.0 1746.0 410.0 59.0 Madre, no me riña,

287.0 1794.0 322.0 59.0 vengo de rezar

280.0 1833.0 461.0 70.0 á la Vírgen del Pilar.

280.0 1914.0 584.0 103.0 ¿Cómo vuelves tan turbada

236.0 1989.0 406.0 68.0 y perdida la color?

236.0 2044.0 588.0 63.0 ¡siendo ya mas de las nueve

241.0 2083.0 498.0 68.0 y saliste á la oracion...!

331.0 2136.0 405.0 63.0 Respóndeme, niña.

287.0 2168.0 412.0 75.0 Madre, no me riña,

289.0 2230.0 314.0 55.0 vengo de rezar

274.0 2267.0 462.0 79.0 á la Virgen del Pilar.

1004.0 628.0 557.0 77.0 Mucho rezo son tres horas

958.0 683.0 456.0 75.0 para niña de tu edad;

956.0 733.0 458.0 60.0 á no ser las oraciones

956.0 786.0 467.0 70.0 para santo muy galan.

1050.0 823.0 355.0 81.0 Despídete, niña,

1000.0 867.0 419.0 86.0 Madre, no me riña,

1000.0 924.0 410.0 66.0 que yo he de rezar

995.0 972.0 459.0 94.0 á la Vírgen del Pilar.

1002.0 1049.0 599.0 107.0 ¡Cuánto polvo has recogido!

951.0 1123.0 579.0 73.0 ¡muy sucia la iglesia està!

947.0 1172.0 520.0 72.0 si la limpias con la saya,

949.0 1215.0 553.0 77.0 haces mas que el sacristan.

1044.0 1270.0 335.0 64.0 Sacúdete, niña.

993.0 1310.0 430.0 83.0 Madre, no me riña,

997.0 1380.0 415.0 50.0 que esto es de rezar

991.0 1408.0 456.0 97.0 á la Vírgen del Pilar.

995.0 1489.0 625.0 99.0 ¡Tambien polvo en la mantilla!

954.0 1566.0 438.0 59.0 ¡el pañuelo sin atar!

940.0 1603.0 516.0 75.0 sin duda que te has caido

949.0 1662.0 454.0 59.0 y lo quieres ocultar.

1037.0 1697.0 465.0 77.0 No me mientas, niña.

993.0 1757.0 419.0 63.0 Madre, no me riña,

987.0 1807.0 399.0 55.0 que estuve á rezar

989.0 1851.0 445.0 87.0 á la Vírgen del Pilar.

995.0 1919.0 533.0 103.0 Yo te juro que en tu vida

943.0 1989.0 451.0 76.0 no saldrás sola jamás,

943.0 2035.0 546.0 79.0 pues has venido tan tarde,

943.0 2087.0 493.0 79.0 y llena de polvo á mas.

1039.0 2133.0 347.0 68.0 Despidete, niña.

987.0 2179.0 421.0 75.0 Madre, no me riña,

993.0 2232.0 353.0 61.0 que quiero rezar

991.0 2280.0 452.0 75.0 á la Virgen del Pilar.

234.0 2357.0 1351.0 131.0 Madrid: 1854. Imprenta de D. José Marés, calle de Relatores, núm. 17.
