1753 2480
866.0 53.0 163.0 77.0 — 3 —

155.0 134.0 752.0 66.0 cuidadito, que te vengas así que se acabe,

159.0 188.0 403.0 57.0 por si hay que fregar,

496 225 89 49 III.

202.0 248.0 620.0 72.0 Vd. se figura que vino á las ocho;

155.0 307.0 762.0 52.0 que vino á las nueve, que vino á las diez,

157.0 345.0 692.0 58.0 pues, vino á las doce con un artillero

157.0 384.0 659.0 54.0 y dijo el grosero con tono altanero:

157.0 427.0 599.0 64.0 señora Virtudes, dispénsela Vd.

516.0 462.0 64.0 54.0 IV.

198.0 479.0 595.0 74.0 Tuve otra que era de Valladolid

159.0 545.0 446.0 56.0 y tenia unos bigotes así

155.0 582.0 762.0 71.0 y mi señor marido, que es peluquero por

754.0 624.0 157.0 49.0 (aficion.

157.0 657.0 754.0 74.0 me dijo, á esta la pago con la navaja y

653.0 704.0 271.0 58.0 (con el jabon.

1320.0 148.0 46.0 44.0 V.

996.0 177.0 405.0 56.0 Pues al mes no cabal,

957.0 219.0 570.0 53.0 me faltò un cucharon de metal

961.0 258.0 328.0 60.0 y una falda de tul

948.0 293.0 596.0 58.0 que la hallé registrando el baul.

952.0 345.0 507.0 51.0 Me faltaron dos pendientes

952.0 380.0 416.0 51.0 de azabache superior.

996.0 417.0 467.0 54.0 Y por fin de tantas faltas

952.0 460.0 650.0 60.0 faltome mi esposo, que fue lo peor,

955.0 496.0 589.0 72.0 que fue lo peor, que fue lo peor.

1308.0 539.0 85.0 60.0 VII.

983.0 570.0 747.0 68.0 Despues tuve una que á poco me pega;

944.0 626.0 649.0 53.0 despues tuve otra que si me pegó,

946.0 669.0 680.0 46.0 y en fin tuve una tan buena persona,

936.0 696.0 726.0 66.0 que fue respondona, fisgona, burlona,

950.0 741.0 598.0 56.0 glotona, bribona y san se acabò.

281.0 932.0 1304.0 142.0 WALZ LOS RATAS

196.0 1157.0 370.0 52.0 Soy el rata primero

155.0 1186.0 533.0 70.0 yo el segundo, yo el tercero

157.0 1233.0 744.0 54.0 siempre que nos echa mano la autoridad

155.0 1273.0 651.0 57.0 estamos seguritos y timamos más.

196.0 1316.0 719.0 58.0 A muchos les parece que nuestra carrera

155.0 1357.0 766.0 79.0 sin grandes estudios la sigue cualquiera.

196.0 1399.0 347.0 58.0 Pues vean ustedes

155.0 1428.0 421.0 68.0 lo que es mas preciso

159.0 1479.0 339.0 60.0 por ser licenciado

157.0 1516.0 324.0 62.0 sin ir al presidio.

196.0 1545.0 463.0 67.0 Para empezar la carrera

155.0 1597.0 444.0 58.0 se ha de tener vocacion

159.0 1640.0 504.0 65.0 yendo una vez tan siquiera

155.0 1676.0 436.0 57.0 á ponerse el cachupon.

320.0 1715.0 362.0 83.0 Ay que gracia tiene

281.0 1760.0 248.0 50.0 esa ratonera

277.0 1802.0 330.0 51.0 si salen las ratas

279.0 1841.0 392.0 64.0 de cualquier manera.

198.0 1874.0 277.0 58.0 Si gracia tenia

155.0 1915.0 272.0 62.0 toda la perdió

152.0 1953.0 414.0 62.0 que entró por un lado

161.0 2004.0 347.0 58.0 y por el otro salió.

202.0 2041.0 480.0 50.0 Y en los ripers y tranvias

159.0 2081.0 438.0 53.0 y en donde hay ocasion

157.0 2124.0 492.0 50.0 damos funciones gratuitas

152.0 2161.0 389.0 58.0 de prestidigitacion.

194.0 2203.0 475.0 57.0 Si conviene á mi registro

152.0 2238.0 453.0 66.0 me disfrazo de ministro

155.0 2265.0 688.0 76.0 de moro, de ruso, de buen portugués

155.0 2320.0 651.0 87.0 de pobre, de rico, ó bien de payés.

957.0 1153.0 715.0 60.0 Me meto en la iglesia y mientras acata

955.0 1200.0 725.0 56.0 á Dios, limpio el bolso de alguna beata,

994.0 1233.0 326.0 54.0 A veces soy cura

950.0 1268.0 356.0 65.0 y doy indulgencias

940.0 1314.0 362.0 54.0 que así mejor timo

944.0 1359.0 325.0 46.0 reloj y monedas.

994.0 1397.0 444.0 53.0 Por eso me llaman rata

959.0 1434.0 457.0 62.0 porque por doquiera voy

957.0 1475.0 411.0 50.0 y si conviene me llevo

955.0 1512.0 405.0 54.0 hasta la Constitucion.

1145.0 1552.0 469.0 57.0 Ay que gracia tiene, etc.

998.0 1597.0 362.0 48.0 Al ver una leontina

959.0 1614.0 510.0 76.0 ya mi sangre se arremolina

957.0 1663.0 591.0 66.0 y al punto me viene la tentacion

955.0 1702.0 678.0 67.0 de echarle las uñas con toda aficion.

990.0 1750.0 711.0 56.0 El hombre se para en cualquier parte

959.0 1798.0 765.0 72.0 y entonces recuerdo las reglas del arte.

992.0 1839.0 306.0 49.0 Le pido candela

959.0 1876.0 347.0 52.0 con gran desimulo

957.0 1913.0 382.0 54.0 me alarga el cigareo

957.0 1944.0 425.0 68.0 y yo enciendo y chupo.

1000.0 1988.0 447.0 70.0 Entonces es el momento

959.0 2041.0 421.0 50.0 que doy el golpe cruel,

957.0 2079.0 390.0 55.0 el reloj de un bolsillo

961.0 2112.0 616.0 68.0 viene en el mio en un santiamen.

1149.0 2163.0 448.0 137.0 Ay que gracia tiene, etc.
