1753 2480
124.0 37.0 645.0 82.0 surt del quarto al cap de una hora,

128.0 97.0 626.0 80.0 y m' ve: ¿qué mana, senyora?

130.0 146.0 636.0 71.0 —Qué t' mano? Si que estem bé:

126.0 198.0 552.0 78.0 ¿ qué no sabs que téns de fé?

130.0 245.0 473.0 69.0 —Anar á buscar la llet.

128.0 289.0 638.0 95.0 — Veshi, donchs, que son las set.

124.0 345.0 520.0 64.0 Sen va per buscar lo gerro,

124.0 390.0 527.0 66.0 que li vaig fer fer de ferro,

128.0 446.0 535.0 78.0 ja perque no me l' trenqués ;

128.0 493.0 405.0 71.0 y al agaſarlo no mes,

126.0 533.0 467.0 76.0 per despenjarlo del clau,

121.0 591.0 461.0 60.0 sempre sento que li cau.

119.0 636.0 432.0 74.0 Ja l' té tot abonyegat :

126.0 682.0 616.0 88.0 sempre m' diu que li ha escapat.

128.0 737.0 444.0 66.0 Los dos cantis de llautó

124.0 791.0 417.0 68.0 al mirarlos ja ſan pó;

126.0 832.0 525.0 69.0 entre bonys y brochs torsats

126.0 884.0 407.0 72.0 están tots desgraciats;

128.0 927.0 523.0 77.0 y es, que al anar á la font,

126.0 973.0 599.0 97.0 com ja he dit que sempre dorm,

128.0 1037.0 465.0 62.0 pega cops per tot arreu :

128.0 1076.0 525.0 71.0 ni ab los ulls oberts hi veu.

128.0 1122.0 417.0 68.0 Miren lo que vá passá

128.0 1173.0 405.0 64.0 lo dia de sant Maciá;

128.0 1213.0 475.0 80.0 vejin si es de ser maula:

128.0 1275.0 457.0 70.0 portant lo dinar á taula,

128.0 1326.0 401.0 69.0 al passar la vidriera,

130.0 1364.0 430.0 82.0 pega cop ella y sopera

130.0 1421.0 421.0 71.0 entre la porta y paret,

132.0 1461.0 479.0 80.0 que s' va ſer un xiribech:

134.0 1510.0 510.0 79.0 y es clar : la sopa perduda,

134.0 1566.0 405.0 62.0 y la sopera rompuda.

132.0 1614.0 467.0 74.0 No es la primera vegada

134.0 1653.0 579.0 72.0 que m' ha fet semblant jugada.

136.0 1715.0 459.0 66.0 Basta quels diga no mes

136.0 1746.0 597.0 78.0 que l'que m' romp es un excés.

138.0 1810.0 463.0 66.0 Lo un dia romp un plat,

136.0 1868.0 492.0 54.0 l' altre dia un vas trancat,

132.0 1901.0 517.0 70.0 ó una xicra ó una ampolla,

132.0 1950.0 438.0 71.0 ó cassola, plata ú olla.

138.0 2000.0 488.0 68.0 Si s' posa un rato á cusir,

140.0 2056.0 467.0 66.0 luego la veuréu dormir :

140.0 2099.0 513.0 71.0 si fa mitja, al poch instant

142.0 2147.0 542.0 70.0 la veuréu que s' va aclucant,

144.0 2205.0 459.0 62.0 baixant lo cap ensupida,

148.0 2248.0 540.0 124.0 y al moment queda dormida.

1058.0 16.0 473.0 99.0 Esgranant pésols ó favas;

1060.0 84.0 509.0 79.0 veuréu li cauhen las babas,

1058.0 148.0 401.0 62.0 regalantli cara avall,

1058 179 616 75 lo mateix que un moch de gall

1056.0 237.0 562.0 64.0 y si está axí un quart no mes,

1052.0 285.0 512.0 66.0 luego de aquest mon no es.

1062.0 334.0 492.0 60.0 Vamos, es tan dormidora,

1058.0 374.0 597.0 80.0 que s' posa á dormir tota hora :

1056.0 429.0 498.0 73.0 s' adorm mentres fa lo llit,

1058.0 477.0 515.0 72.0 mentres gronxa l' noy petit,

1058.0 527.0 477.0 62.0 mentrés frega las rajolas,

1058.0 576.0 500.0 66.0 mentres renta las cassolas :

1058.0 626.0 550.0 62.0 dorm mentres va escombrant

1060.0 675.0 502.0 69.0 també quant está menjant;

1058.0 723.0 556.0 72.0 com que quasi bè estich certa

1058.0 768.0 558.0 79.0 que s' adorm estant desperta :

1060.0 830.0 484.0 60.0 fins va cáurer l' altre dia

1064.0 868.0 380.0 68.0 anant á la Boquería,

1066.0 911.0 496.0 78.0 Vegin ¿qui estará contenta

1056.0 969.0 500.0 62.0 de una tan mala sirventa?

1062.0 1012.0 500.0 73.0 Ningú, y no va de broma,

1060.0 1066.0 488.0 66.0 respongué donya Coloma :

1062.0 1113.0 374.0 62.0 no faria pas per mi

1060.0 1155.0 436.0 70.0 si li agrada tan dormí,

1062.0 1215.0 438.0 60.0 perque m' hi enfadaria

1064.0 1268.0 422.0 58.0 totas las horas del dia.

1066.0 1306.0 534.0 72.0 Veuhen, la que ara tinch jo,

1064.0 1355.0 486.0 77.0 no es dormilega ; axó no:

1062.0 1401.0 575.0 70.0 per massa desperta 'm queixo:

1066.0 1452.0 538.0 87.0 perque lo que jo hi sufreixo,

1064.0 1510.0 443.0 62.0 es impossible explicar :

1066.0 1554.0 434.0 58.0 tot lo dia tinch de estar

1070.0 1599.0 540.0 77.0 fent ulls, y no hi ha esmena ;

1068.0 1653.0 486.0 68.0 perque si giro la esquena,

1070.0 1696.0 459.0 73.0 tot seguit me la fregeix :

1066.0 1733.0 627.0 106.0 ja ls' dich jo que n' hi ha un feix

1070.0 1798.0 422.0 66.0 que no l' duria ningú.

1068.0 1839.0 505.0 76.0 En casa no hi ha res segú :

1070.0 1891.0 484.0 64.0 tot lo sant dia está alerta ;

1068.0 1938.0 529.0 70.0 si m' deixo una cosa oberta,

1072.0 1992.0 476.0 64.0 en seguida me ho regira,

1074.0 2046.0 459.0 59.0 tot ho toca, tot ho mira,

1072.0 2089.0 408.0 76.0 tot ho vol maneflejar,

1070.0 2130.0 364.0 79.0 y si pot llaminejar,

1074.0 2176.0 600.0 80.0 ¡ ay Deu meu ! com s' hi adoba.

1077.0 2242.0 452.0 99.0 Totas las viandas prova,
