1753 2480
119.0 107.0 466.0 74.0 la recibí por esposa,

119.0 148.0 687.0 81.0 que aunque fue contra el estilo

124.0 204.0 607.0 79.0 de mi Ley, que no permite

128.0 260.0 539.0 68.0 que dos de diversos ritos

128.0 312.0 547.0 66.0 se junten en Matrimonio,

134.0 355.0 531.0 79.0 yo tuve del Cielo aviso,

132.0 411.0 570.0 72.0 para hacer en mi virtud,

132.0 452.0 597.0 81.0 lo que en otros fuera vicio.

134.0 510.0 603.0 68.0 Lo que de este casamiento

134.0 555.0 500.0 79.0 nos resultó de peligros,

134.0 607.0 628.0 77.0 de zelos, de competencias,

136.0 655.0 655.0 76.0 de venganzas, de homicidios,

136.0 708.0 626.0 73.0 de vandos, y de crueldades,

136.0 764.0 529.0 66.0 no es menester referirlo,

144.0 814.0 554.0 80.0 pues tu lo sabes vengado,

152.0 863.0 505.0 79.0 y yo lo lloro ofendido.

144.0 919.0 527.0 64.0 Solo diré, y es verdad,

148.0 963.0 598.0 70.0 que hacerte despues amigo,

146.0 1014.0 594.0 68.0 dandote las preeminencias

144.0 1068.0 600.0 64.0 de tu deudo, y tu valido,

150.0 1120.0 517.0 68.0 no fue verdadero amor,

146.0 1163.0 467.0 74.0 sino mañoso artificio

152.0 1213.0 447.0 78.0 para vengarte de mi

155.0 1262.0 498.0 73.0 por el mas leve delito.

150.0 1320.0 598.0 72.0 Pues porque faltó mi Padre

148.0 1372.0 554.0 66.0 de la prision sin indicio

150.0 1419.0 621.0 69.0 de haberla yo quebrantado,

150.0 1467.0 563.0 80.0 ni haberlo ninguno dicho,

157.0 1533.0 647.0 66.0 prenderme á Jabin mandaste,

155.0 1574.0 603.0 69.0 á tiempo que habia perdido

150.0 1626.0 652.0 64.0 las fuerzas, porque yo quise,

152.0 1669.0 588.0 71.0 ó porque una Dama quiso.

159.0 1727.0 519.0 62.0 Y no contento con esto,

155.0 1775.0 634.0 66.0 sangriento, cruel y esquivo,

150.0 1824.0 639.0 75.0 despues de tres meses largos

157.0 1872.0 568.0 68.0 de prisiones y de grillos,

157.0 1926.0 564.0 72.0 me hiciste sacar los ojos,

159.0 1979.0 479.0 62.0 rigor el mas excesivo,

161.0 2031.0 709.0 74.0 que ha cabido en pecho humano

159.0 2087.0 535.0 62.0 del mas atroz enemigo.

161.0 2112.0 686.0 89.0 Pero ya, Señor, que es hecho,

163.0 2178.0 628.0 76.0 y que no hay ningun camino

163.0 2236.0 614.0 62.0 para enmendar este agravio,

159.0 2283.0 574.0 91.0 con hacerme un benescio,

857.0 107.0 569.0 56.0 me despicarás de quantas

853.0 144.0 589.0 75.0 injurias tu amor me hizo.

872.0 190.0 572.0 76.0 Y es ( aqui te he menester

870.0 243.0 568.0 71.0 mas atento y compasivo)

872.0 291.0 614.0 76.0 que me dés ( aqui te invoco

870.0 347.0 589.0 74.0 una y mil veces benigno )

876.0 396.0 672.0 71.0 que me dés, digo á mi Esposa

882.0 448.0 463.0 76.0 para llevarla conmigo

886.0 496.0 571.0 78.0 á mi tierra, pues con ella

882.0 549.0 536.0 64.0 de otro bien no necesito.

886.0 595.0 482.0 74.0 Y para que laminado

888.0 651.0 503.0 72.0 hagas lo que te suplico,

890.0 700.0 554.0 79.0 sin que el enojo te postre,

897.0 762.0 479.0 60.0 ni te venza el apetito,

897.0 799.0 622.0 75.0 mira estas fuentes de sangre,

899.0 855.0 570.0 72.0 que me corren hilo á hilo,

903.0 909.0 453.0 68.0 pedazos del corazon:

905.0 958.0 579.0 67.0 mira estos tiernos suspiros,

905.0 1014.0 585.0 66.0 mira estos tiernos sollozos,

905.0 1066.0 573.0 62.0 mira estos dulces gemidos,

909.0 1116.0 546.0 66.0 y mira que es honra tuya

907.0 1167.0 527.0 62.0 amparar á un desvalido;

911.0 1202.0 680.0 73.0 pues no hace Dios tanto en dar

907.0 1262.0 490.0 64.0 á un Príncipe poderio,

899.0 1308.0 568.0 72.0 como en dar necesidades

903.0 1364.0 709.0 72.0 al pobre, al triste, al mendigo

905.0 1421.0 502.0 62.0 para haberle menester.

905.0 1461.0 684.0 74.0 Mi Rey, mi Señor. mi amigo,

905.0 1512.0 544.0 71.0 mi amparo, mi valedor.

907.0 1568.0 492.0 72.0 y en efecto dueño mio,

907.0 1626.0 577.0 62.0 no te pido, no, riquezas,

911.0 1674.0 598.0 66.0 perlas, diamantes, zafiros,

911.0 1715.0 643.0 74.0 Villas, Ciudades, ni Reynos,

907.0 1775.0 600.0 66.0 porque nade de esto estimo;

905.0 1818.0 554.0 73.0 solo te pido á mi Esposa,

909.0 1870.0 478.0 72.0 y de modo te la pido,

909.0 1922.0 564.0 74.0 que parece que no es mia,

907.0 1981.0 577.0 58.0 segun la lloro y la gimo.

901.0 2019.0 612.0 68.0 Hazme este bien, asi vivas

905.0 2081.0 630.0 62.0 mas que el páxaro de egipto,

903.0 2128.0 554.0 68.0 asi venzas tus contrarios,

899.0 2178.0 506.0 66.0 asi logres tus designios,

899.0 2225.0 483.0 66.0 asi te cases con gusto,

907.0 2267.0 595.0 113.0 y asi el Cielo te dé un hijo,
