1860 2629
475.0 1417.0 652.0 116.0 DÉCIMAS NUEVAS

92.0 1586.0 1401.0 122.0 DISPUTA ENTRE UN MORO Y UN CRISTIANO

302 1684 1053 116 SOBRE LOS MANDAMIENTOS DE LA LEY DE DIOS (*)

131.0 1838.0 616.0 78.0 Pregunta un Moro á un Cristiano

85.0 1884.0 483.0 70.0 disputando en argumento,

89.0 1936.0 544.0 66.0 que si los diez Mandamientos

87.0 1980.0 487.0 59.0 de Dios, sabía guardarlos.

89.0 2017.0 518.0 68.0 A esto contestó el Cristiano:

89.0 2063.0 479.0 64.0 Moro, la fé nos prescribe,

87.0 2111.0 588.0 71.0 que aquel que en la tierra vive,

85.0 2155.0 474.0 68.0 aunque viva con cuidado,

85.0 2201.0 526.0 68.0 no extrañe verse empolvado,

87.0 2249.0 472.0 71.0 que la tierra de eso sirve.

829.0 1851.0 664.0 76.0 EL PRIMERO, AMAR Á DIOS SOBRE TODAS

1079.0 1897.0 175.0 52.0 LAS COSAS

877.0 1919.0 485.0 89.0 Con el amor más perfecto

835.0 1989.0 415.0 59.0 debemos amar á Dios;

835.0 2022.0 557.0 70.0 mas dudo que haya uno ó dos

837.0 2079.0 498.0 59.0 que guarden este precepto.

835.0 2116.0 553.0 74.0 Muchos por el buen concepto,

837.0 2162.0 382.0 70.0 y cobrar reputación,

831.0 2212.0 388.0 62.0 aceptan la devoción,

829.0 2249.0 355.0 66.0 en verídica porfía;

831.0 2291.0 436.0 70.0 siendo mera hipocresía

813.0 2350.0 450.0 75.0 del hombre la religión.

92 2425 927 109 (*) Los hay en mallorquín, iguales, n.° 364 (v. 358 m.)
