964 1469
209 31 50 49 20

458 29 227 46 Historia verdadera

176 72 756 49 to. Los Sayones atizaban el fuego, y sus perversas

173 114 759 48 lenguas para decirle blasfemias y afrentas. Los con-

175 159 758 48 currentes y circunstantes estaban atonitos y pasma-

173 200 760 49 dos, como pudiese haver hombre que huviese po-

173 243 763 49 dido sufrir tormentos tan crueles è imponderables. Los

175 285 757 48 Angeles del Cielo, mirando este horrendo y mara-

175 328 758 50 villoso espectaculo, alababan al Altisimo de que fue-

173 371 764 50 se tan admirable en sus Santos. Mas el corazon de

173 416 760 49 San Lorenzo blando y amoroso, se regalaba y recrea-

173 457 760 50 ba con el Señor, y le decia: Recibid, Señor, y Dios

171 500 760 50 mio, este mi sacrificio en olor de suavidad. Y Dios,

173 546 762 48 que es fiel, holgandose en su Santo, esforzaba à su

171 587 763 52 invicto Soldado, para que su virtud pelease con la vio-

171 632 762 51 lencia del Tyrano, y la flaqueza de la carne del glo-

170 674 764 49 rioso Levita con la terrible de aquel tormento, la

172 717 761 50 vida con la muerte, y la Fè de Jesu-Christo triun-

170 761 514 49 fase de todo el poder del infierno.

210 803 722 51 No parecia que estaba San Lorenzo en sus par-

168 847 766 49 rillas, ò cama de hierro asquado, y con tanto fue-

170 891 763 49 go debajo, sino en una cama blanda y regalada, en-

164 932 766 51 tretenido, y recreandose con suavissimos deleytes, y

164 976 769 49 como que hacia escarnio de las furias y tormentos

163 1018 768 51 del Tyrano, y sus verdugos; porque bolviendo los

162 1060 768 52 ojos al malvado Presidente, con grande constancia,

161 1104 769 49 esfuerzo, y valor divino le dixo : ,, Mira, miserable,

199 1148 732 52 que yà esta asada una parte de mi cuerpo ; què

167 1169 28 29 "que yà està asada una parte de mi cuerpo, que

168 1193 764 49 ,,haces, que no mandas bolverla, para que se ase la

163 1236 771 49 ,,otra, y tu puedas comer de mis carnes sazona-

164 1278 763 50 ,,das, y no, como pensabas, de las riquezas de la lgle-

163 1320 761 63 ,,sia, que ya estàn guardadas en el tesoro del Cielo,

780 1369 117 48 donde
