1753 2480
115.0 124.0 472.0 59.0 ¿Pues que es esto señores?

109.0 173.0 482.0 58.0 ¿ para que aprovecha esto?

111.0 217.0 401.0 59.0 sino para perder casas

109.0 260.0 523.0 66.0 y estar siempre en avarient o

109.0 303.0 382.0 52.0 señores abrir los ojos

107.0 336.0 428.0 69.0 y no ser tontos y necios

105.0 382.0 508.0 72.0 mirad que por el entusiasmo

105.0 431.0 475.0 71.0 algunos se estan perdiendo,

103.0 475.0 459.0 70.0 y así dejar esto á un lado

103.0 527.0 428.0 55.0 y mudo de conversacion

103.0 570.0 465.0 62.0 para hacer reir las gentes

99.0 611.0 378.0 58.0 hablaré de diversion,

97.0 659.0 407.0 60.0 pues con toda bizarria

97.0 702.0 349.0 52.0 me pasaré adelante

97.0 748.0 351.0 53.0 hablar de sabiduría

97.0 785.0 523.0 68.0 qne yo tambien fuí estudiante.

97.0 826.0 388.0 64.0 No porque lo diga yo

95.0 880.0 415.0 52.0 pero mui sabio y agudo

99.0 925.0 403.0 54.0 porque nadie me ganó

101.0 969.0 417.0 60.0 à mas cabeza de burro;

105.0 1014.0 389.0 60.0 pero fuí mui lisongero

101.0 1058.0 479.0 62.0 y en cortejar muy querido

101.0 1093.0 434.0 62.0 porque tengo tanta maña

97.0 1144.0 481.0 62.0 con las damas por el estilo

99.0 1186.0 434.0 64.0 que á la primera palabra

95.0 1233.0 438.0 56.0 ya me tratan de gorrino;

90.0 1281.0 453.0 56.0 pero ha y algunas de ellas

93.0 1324.0 423.0 58.0 del genío tan remaldito,

93.0 1368.0 467.0 49.0 que son capaz de afrentar

93.0 1409.0 417.0 56.0 á cualquiera indivíduo,

93.0 1448.0 498.0 73.0 aunque yo nunca me afrento

95.0 1502.0 442.0 48.0 porque no tengo sentidos

95.0 1547.0 521.0 65.0 que el que quiero yo estar gordo

99.0 1585.0 364.0 55.0 y vivir bien divertido

90.0 1620.0 482.0 72.0 que el que la puede la gasta

93.0 1665.0 448.0 64.0 y el que nò, se ve abatido

88.0 1713.0 513.0 80.0 porque mientras no me falten

88.0 1764.0 366.0 50.0 las pesetas al bolsillo

88.0 1800.0 466.0 74.0 á cualquier parte qne vaya

88.0 1843.0 372.0 70.0 hallo lo que necesito,

86.0 1897.0 377.0 62.0 de comer y de beber

90.0 1932.0 447.0 72.0 y también por otro estilo

88.0 1984.0 422.0 57.0 de cosas de contrabando

88.0 2017.0 472.0 109.0 que no me atrevo á decirlo

944.0 140.0 480.0 58.0 por si hay algunos guardas

946.0 177.0 428.0 71.0 no me cojan de comiso,

946.0 223.0 484.0 72.0 porque en saliendo á paseo

942.0 274.0 405.0 62.0 jaleando en mi purito

948.0 318.0 399.0 56.0 y me ven las señoritas

940.0 359.0 424.0 56.0 aquellas del manto fino,

940.0 403.0 482.0 72.0 al ver que me guiña el ojo

942.0 438.0 420.0 68.0 ya pierdo tode el juicio.

940.0 496.0 426.0 62.0 porque tienen un salero

940.0 539.0 515.0 64.0 con su hablar tan lechuguino

938.0 584.0 502.0 64.0 que me van robando el alma

940.0 617.0 461.0 79.0 y en verlas ya me derrito:

940.0 671.0 424.0 64.0 pero tambien hay veces,

938.0 708.0 480.0 67.0 que me dan unas cosquillas

938.0 760.0 480.0 58.0 que me pongo bien malito

938.0 799.0 411.0 60.0 pero amigos aguantarse

934.0 849.0 436.0 54.0 paciencia hermanos mios

934.0 886.0 521.0 66.0 que eso es lo que suele hallar

934.0 934.0 453.0 64.0 el que busca de continuo,

934.0 971.0 496.0 72.0 y el mundo nadie lo entiende

932.0 1025.0 477.0 66.0 sino el que es noble y rico

930.0 1060.0 599.0 80.0 como yo que tengo mucha hacíenda

932.0 1109.0 475.0 71.0 y en el mar muchos navios

930.0 1151.0 388.0 62.0 de todo recojo mucho

928.0 1200.0 459.0 60.0 mucho pan y mucho vino

930.0 1237.0 442.0 71.0 vino una grande cosecha

928.0 1291.0 421.0 58.0 eso es cierto como digo

926.0 1326.0 487.0 77.0 nada mas me falta una dena

928.0 1378.0 473.0 66.0 para diez cántaros de vino,

930.0 1419.0 407.0 71.0 pues trigo no digo nada

926.0 1467.0 502.0 62.0 como pan largo en prodigio

928.0 1510.0 506.0 73.0 si he de comerme un bocado

924.0 1550.0 432.0 68.0 lo tengo que ir á pedirlo;

924.0 1593.0 434.0 62.0 y por eso no me espanto

924.0 1640.0 518.0 69.0 que aunque soi pobre soi rico

924.0 1680.0 516.0 76.0 porque en saliéndome al campo

921.0 1727.0 395.0 60.0 todo lo que veo es mio

919.0 1775.0 455.0 68.0 no consto en contribucion

919.0 1820.0 453.0 71.0 por no meterme á justicia

919.0 1860.0 538.0 76.0 que esas cosas no me gustan

919.0 1909.0 435.0 75.0 que todo es una avaricia;

917.0 1953.0 395.0 68.0 un año votar para uno

915.0 1996.0 377.0 62.0 el otro año para otro

915.0 2033.0 408.0 99.0 los amigos se deshacen
