1753 2480
308.0 84.0 411.0 71.0 Ya las poden esperar;

305.0 136.0 428.0 72.0 Han de fer la sua feina

305.0 190.0 501.0 64.0 Fins baixar pá y traurer ví:

535.0 237.0 258.0 73.0 Ay mares, 4.

349.0 289.0 448.0 76.0 Ara arribat quels' amos

305.0 330.0 418.0 62.0 No las gosan á renyar,

303.0 372.0 490.0 78.0 Mestresa fasiam lo compte

308.0 427.0 458.0 85.0 Tot seguit men vull anar;

303.0 475.0 352.0 64.0 Cada dia mudarian

305.0 522.0 447.0 87.0 Si tots no ho feyan aixi:

554.0 553.0 258.0 83.0 Ay mares, 8.

351.0 613.0 521.0 77.0 També vinch per advertirvos

305.0 679.0 466.0 54.0 Las de Fábrica y Vapor,

308.0 719.0 541.0 66.0 Ne os escolteu à ningun plaga

305.0 770.0 526.0 81.0 Sobre tot guardeu l' honor;

308.0 818.0 456.0 66.0 Si os inquietan tiraulos.

310.0 870.0 444.0 93.0 L' que tingueu per alll:

562.0 917.0 262.0 62.0 Ay mares, 4.

351.0 965.0 506.0 70.0 Sabeu com os farán rihurer

305.0 1010.0 457.0 72.0 Com las veureu al estiu,

310.0 1060.0 388.0 64.0 Ab las anaguas solas

310.0 1097.0 564.0 76.0 Que pena em' dono de dirho;

312.0 1159.0 471.0 72.0 Sense mocador, descalsas

314.0 1213.0 463.0 84.0 Veureu que van per allí:

539.0 1258.0 267.0 62.0 Ay mares, 8.

355.0 1299.0 560.0 108.0 Sols puguiaa ellas ter lo plaga

314.0 1357.0 430.0 64.0 Ab alguns traballadors.

318.0 1411.0 471.0 64.0 Vingen pesichs y espentas

316.0 1469.0 415.0 47.0 Altres lo parlar grixós;

314.0 1496.0 467.0 70.0 Molt espau van á la feina

320.0 1554.0 434.0 95.0 Y molt despres á surtir:

545.0 1589.0 257.0 101.0 Ay mares, 8.

1077.0 82.0 558.0 62.0 No' os fieu de moltas chinchas

1031.0 130.0 407.0 76.0 Ni paparras de Vapor,

1029.0 171.0 641.0 105.0 Que tenen molt mes quel's homens

1033.0 233.0 424.0 64.0 De descaro y de valor;

1033.0 281.0 494.0 64.0 Son moltíssim despegadas,

1029.0 328.0 469.0 62.0 Sáben mes que cap fadrí:

1275.0 372.0 271.0 59.0 Ay mares, 8.

1079.0 415.0 473.0 78.0 Allá al hivern cuan surtan

1035.0 471.0 451.0 72.0 Veureu la bulla que ſan,

1031.0 518.0 442.0 68.0 La una sobre del altre,

1031.0 570.0 444.0 64.0 Com si fos per san Joan

1033.0 615.0 505.0 75.0 Los fadrins que se las miran

1033.0 671.0 385.0 73.0 mol be si van atreví:

1277.0 715.0 263.0 91.0 Ay mares, 8.

1079.0 760.0 345.0 68.0 Lo poeta os avisa,

1033.0 812.0 409.0 68.0 Quietas que sobre tot

1037.0 872.0 498.0 53.0 Cuan la hora será arribada,

1031.0 913.0 496.0 70.0 No os faltará un bon xicot;

1031.0 961.0 457.0 62.0 Sino sereu la gran burla

1031.0 1012.0 533.0 58.0 Per Deu, no doneu que dir:

1254.0 1056.0 269.0 62.0 Ay mares, 4.

1077.0 1095.0 477.0 78.0 Las coblas las ha dictadas

1035.0 1151.0 515.0 70.0 Un tal March fusté de Valls,

1035.0 1202.0 440.0 64.0 Si á algú li cou la llaga,

1035.0 1250.0 521.0 70.0 Que apretia ferm los caixals;

1035.0 1302.0 531.0 70.0 Si ets comfrare pren candela

1035.0 1355.0 397.0 64.0 La veritat se pot dir:

1037.0 1399.0 484.0 66.0 Ay mares quen teniu fillas

1037.0 1452.0 389.0 100.0 No las poseu á servir.

1294.0 1537.0 74.0 77.0 FI.

1085.0 1843.0 378.0 112.0 Es prepiedad de J. 37.
