1103 1554
471 82 99 47 — 27—

119 125 794 43 son demasiado extensos y demasiado profundos para ser pasa-

119 149 793 49 dos con facilidad. Algunos infelices intentaron este desespe-

120 180 795 44 nado recurso; pero en breve desaparecieron en la corriente. Al

122 208 791 46 tercer dia de persecucion Juan Ojenkan habia perdido la ter-

121 239 792 48 cera parte de su gente y ya no habia quien reemplazase á los

122 268 792 48 que iban cargados con el dinero, no habiendo además tiempo

124 298 790 49 para cazar: la necesidad y el hambre era cada vez mayor, lo

123 328 791 45 cualera una doble causa de disgustos y coraje. Haciéndose

121 358 792 46 cada vez más imposible la marcha, tuvo consejo entre los pi-

125 388 788 45 ratas acerca de lo que debia hacerse y se escogió el camino de

123 415 789 47 la resistencia, lo cual era intentar el último golpe de fortuna,

123 446 790 47 puesto que humanamente hablando era ya imposible seguir

124 475 788 46 otro. Pero el desmayo y el desconcierto se habia apoderado de

125 505 787 46 los ladrones de mar y no tenian la mejor voluntad de batirse.

128 532 787 50 ¿Pero cómo salvarsé? Siquiera así se intentaba la última espe-

126 563 791 49 ranza, el último recurso, mientras que siguiendo el sistema

125 593 789 45 anterior se verian en el caso de ir rindiéndose poco á poco.

123 622 794 49 Además ya no habia bastantes hombres para llevar entre sí el

124 650 792 49 peso de la plata y del oro y esta era la dificultad mayor. Acep-

130 682 788 44 tado por fin el plan de resistirse heróicamente al amanecer del

126 711 791 49 dia siguiente se entregaron al descanso confiados que los es-

127 743 788 45 pañoles que les seguian harian lo propio; pero Rosaura, que

126 773 790 48 por el tiempo que habia estado entre los ladrones de mar, co-

132 800 787 47 nocia sus instintos, dijo á su hermano que habia llegado el

132 830 786 45 momento de dar el último golpe á los piratas, y que en vez de

132 862 785 44 descansar era preciso aprovecharse de las tinieblas de la noche

133 890 595 45 para caer sobre el campamento de los bandidos.

175 919 744 45 Juan de Ortega, que no deseaba otra cosa para vengarse á

133 947 785 49 su gusto del contratiempo pasado, aceptó el plan de su herma-

133 978 785 42 na, y así que fué media noche, puso su tropa en movimiento

136 1006 783 43 yendo Rosaura con una escolta á retaguardia y avanzó en si-

137 1036 782 47 lencio por medio de los bosques y cerca de la orilla del rio

134 1066 785 49 hasta llegar á dos tiros de bala del paraje que ocupaban los pi-

134 1096 786 44 ratas. Ya en este lugar dividió su tropa en tres columnas para

135 1128 786 46 que por distintos puntos cayeran a un mismo tiempo sobre los

135 1155 784 47 enemigos, y él tambien cuando principiaba á clarear el dia se

136 1182 783 51 arrojó á paso de ataque sobre los piratas, los cuales si bien te-

136 1216 782 47 nian tomadas diversas precauciones para no ser sorprendidos,

136 1247 783 45 no tenian la vigilancia que era consiguiente á causa del gran

136 1280 340 44 cansancio que los fatigaba.

181 1298 739 60 Pero á los primeros disparos de la mosquetería, Juan Ojen-
