1080 1573
490 82 101 42 — 32—

179 145 756 17 Finalmente, despues de una vida larga y próspera, empleada en

139 151 795 43 beneficio de los pobres y en servicio de Dios, murió Adalmira santa-

141 186 795 40 mente, llorada por magnates y pecheros, ricos y pobres, orgullosos

142 218 795 44 y humildes, pues todos idolatraban en ella. A su entierro acudieron

142 254 796 40 muchos monarcas extranjeros y personajes ilustres de otros países

142 288 796 37 que la tenían en gran estima, y murió en olor de santidad. El conde

143 318 796 40 de Provenza su esposo, y el rey de Hungría su hijo, hicieron levan-

145 350 795 38 tar un soberbio túmulo para Adalmira, cerca del lago llamado Ba-

145 387 794 34 latón, por ser allí donde fué coronada reina, y por ser todo él de

146 415 794 42 piedra blanca recibió con el tiempo el nombre de Alba Real, y des-

145 447 772 39 de entónces allí se coronaban y enterraban los reyes de Hungría.

185 480 755 39 Muerta Adalmira, el conde se retiró á sus estados de la Pro-

148 512 793 44 venza, y vivió en santa paz, y en una de las visitas que hizo á su

147 547 794 42 hija la reina de Aragón, prendado de la hermosura del país, fundó

147 580 795 37 en medio de una hermosa pradera el famoso monasterio de San

150 613 792 40 Cucufate del Vallés, en el cual se conservó por tradición toda la

151 645 791 40 nistoria que relatada queda. Murió el conde en sus estados, tan

151 681 791 38 santamente como había vivido, y á su muerte fueron sus estados de

153 709 787 41 la Provenza á aumentar los dominios de la monarquía aragonesa, y

152 745 791 40 de su descendencia salieron esforzados guerreros, ilustres prínci-

153 778 791 40 pes y santos varones, probándose de este modo que Dios bendice

153 809 773 36 á los que sufren con paciencia las adversidades de este valle de lá

153 841 791 45 grimas y no se engríen con las grandezas mundanas, como les ocu-

153 880 792 32 rrió á Adalmira y el conde, que con sus grandes virtudes perpetua-

154 907 791 41 ron el prestigio de su raza, dignificaron sus reinos y dejaron des-

155 939 792 43 pues de muertos larga y honrosa memoria, como lo prueba el ha-

157 973 789 41 berse conservado á través de los siglos el recuerdo de sus buenas

157 1004 786 42 obras, que acontecieron tal y como en esta verídica historia se di-

158 1037 656 50 ce, para gloria suya y edificación de quienes la leyeren.

521 1145 70 53 FIN.
