1753 2480
125 119 576 76 Por más gustos que me daba,

86 174 421 57 jamás le tomé cariño,

86 234 512 59 pues nunca fué gusto mío

85 282 448 59 el estar con él casada;

81 338 541 61 siempre mi memoria estaba

82 391 470 55 en un labrador honrado

82 439 576 74 que mi padre ha despreciado;

84 500 463 58 y mi pensamiento atroz

78 552 437 61 cometí tan gran error

77 604 539 62 que á mi marido he matado.

119 657 514 67 De la noche son las nueve

73 708 434 64 cuando mi marido va,

74 759 470 66 dice, me quiero acostar,

74 821 485 59 en esto mi amante viene

71 876 498 62 á ayudarme no se atreve,

70 928 510 65 después que ya preparado

71 980 469 64 tengo un puñal afilado:

73 1031 514 62 viendo un amante tan frio

70 1087 461 55 le mato con mi marido,

70 1139 471 61 y por mi atrevida mano.

108 1191 487 64 En aquella misma noche

66 1248 449 59 con ropa de mi marido

67 1299 506 63 y un caballo me he salido

63 1354 535 67 de Lérida tras de un coche:

63 1409 486 61 me dirijo para un monte,

64 1465 450 61 y á dos lanceros que ví

60 1519 445 59 luego la muerte les dí;

57 1567 432 65 mi vida he aborrecido

59 1624 448 61 tan solo por mi marido

56 1679 383 55 merezco garrote vil.

96 1756 430 57 Jaca mía cuanto vales,

53 1810 461 59 trabuco cuanto te quiero

50 1861 601 66 tu en mis manos, no me entrego

53 1920 546 66 aunque vengan cien alcaldes.

92 2014 424 51 Con mi caballo ligero

48 2052 445 64 recorro el alto Aragón,

52 2109 408 56 veo salen de Monzón

48 2160 427 62 soldados y caballeros;

46 2216 444 71 en el campo les espero

893 143 519 55 con mi trabuco y mi sable,

893 187 509 66 Margarita, Dios te guarde

888 243 514 65 cuando el trabuco disparo,

893 303 482 55 y por tierra seis soldados

887 351 434 54 jaca mía cuanto vales.

928 399 476 72 De aquel valle me retiro

887 453 464 58 á las montañas de Jaca,

884 504 527 76 de un pueblecillo me sacan

883 563 423 65 pólvora, balas y vino,

883 618 408 59 á una casa me retiro

882 672 424 63 una hora poco menos,

879 723 503 63 cuando me dice el casero:

879 779 479 64 que te cercan Margarita,

882 834 457 58 y yo volviendo la vista,

876 881 469 68 trabuco cuanto te quiero.

920 936 441 67 Vuelvo para Tamarite,

875 993 494 62 à un caserío de mi padre,

877 1047 490 59 y el mayoral de los pares

872 1098 471 56 de esta manera me dice:

873 1151 473 65 vuestro padre D. Felipe,

870 1202 413 66 mi señor y caballero,

869 1256 584 70 para usted me dió este pliego;

868 1313 497 64 en esto á la puerta pican,

866 1365 468 65 digo á mi trabuco lista,

866 1428 585 57 tu en mis manos no me entrego.

905 1474 543 73 Sopas en vino á mi caballo,

864 1525 519 64 limpiarle un poco el sudor,

864 1581 482 61 que quiero al salir el sol

862 1635 445 62 estar en el Principado,

865 1685 502 66 y que tenga uno cuidado;

859 1738 502 61 decidle á mi señor Padre,

861 1793 548 65 que el perdón llegó ya tarde

859 1848 473 62 pues su hija ya perdida,

859 1904 459 59 que no la cogerán viva

857 1957 552 68 aunque vengan cien alcaldes.

898 2040 496 59 Dando agua á mi moreno

853 2088 512 69 ay de mí! que soy perdida,

851 2145 454 58 con tres balazos herida,

853 2197 481 83 los civiles me prendieron.
