1753 2480
861 15 124 71 — 5 —

205 60 390 62 al señorito don Pablo

205 143 398 30 y que la aplique dirás

203 165 426 51 remedio á su grave mal

206 206 418 57 y muy pronta curacion

203 254 415 57 esto sin mas remision.

163 293 451 61 Apr. Está bien. (vase.)

170 341 414 54 Diego. Anda, animal.

163 367 564 86 Rob. Un ardid mas económico

201 432 434 62 yo no lo he visto jamás.

161 469 646 84 Diego. Pues apréndelo, y lo sabrás

198 524 356 54 para cuando seas...

161 564 388 60 Rob. (ap.) Cómico.

158 614 358 54 (Sale Inés cantando.)

166 642 725 92 Inés. (canta) Del Tajo en la amena orilla,

197 704 475 59 paciendo estaba el ganado

195 748 496 59 un pastor, que era adorado

194 790 442 62 de una linda pastorcilla.

157 822 595 74 Diego. ¿Nada la dices, Robreño?

192 879 462 60 ¡ni aun mirarla siquiera!

194 924 428 52 ¡mírala qué retrechera!

154 958 725 82 Rob. Dejadme, que es fuerte empeño...

152 1008 524 63 Inés. Eso es, dejadle, señor;

191 1056 460 58 ¿á qué molestarle ahora?

190 1095 628 77 si él no me quiere, en buena hora:

190 1142 413 56 otro me querrá mejor.

150 1182 661 73 (Va á irse y se vuelve con arrogancia.)

227 1233 484 66 Mas si mi saber no alcanza

190 1284 352 46 á metamórfosis tal,

188 1324 394 59 Robreño, juro formal

187 1364 601 67 que ha de ser cruel mi venganza.

146 1413 556 57 (Vase por la puerta de entrada.)

148 1452 549 63 Rob. Siendo así tan orgullosa

187 1510 419 48 y en todo tan altanera,

186 1545 441 58 ¿cómo quererla pudiera

187 1589 452 62 solo por su faz hermosa?

143 1635 402 56 (D. Diego va á hablar.)

221 1678 441 62 No me digais nada, tio,

183 1722 504 60 que á saber vos las razones,

186 1771 520 54 gracias diéraisme á millones

181 1815 447 51 del noble proceder mio.

143 1857 475 63 Diego. Dejo á Inesita, sí;

181 1905 484 58 y pues cerca está la noche,

181 1949 552 58 voy á ver si hallo algun coche

180 1993 452 57 que se lleve eso de aquí.

139 2034 548 61 (Señalando el baul y la maleta.)

146 2080 751 55 D. Diego entra en su cuarto, del cual sale

179 2125 704 64 despues con sombrero y baston. Robreño

176 2171 489 55 recoje los pedazos de papel.)

139 2211 736 66 Diego. (saliendo.) ¿Ya todo corriente está?

136 2254 482 58 Rob. Está.

137 2305 619 88 Diego. Silencio, si viene alguien.

938 88 438 50 Rob. Bien,

938 118 562 68 Diego. ¡A ver cómo nos saldrá!

936 163 527 60 Rob. Nadie sabrá.

939 201 643 81 Diego. Pronto el coche aqui estará;

977 260 474 61 ten tú el equipaje á punto

977 308 388 51 y lo bajaremos junto.

938 344 526 58 Bob. Está bien. Nadie sabrá.

933 387 733 64 (D. Diego vase por la puerta de entrada: al

971 443 693 91 salir se halla con Inés, que entra con un

930 484 131 62 jarro.)

933 531 374 66 Diego. Adios, niña.

930 564 651 84 Inés. Abur, señor.

935 608 363 71 (Robreño la detiene.)

931 672 341 65 Rob. Escúchame.

934 698 721 93 Inés. ¡Quita allá! (Rechazándole.)

968 753 543 65 No he de escucharte; ya habrá

966 806 515 66 quien te escuche algo mejor.

931 852 332 57 (Vase por el fondo.)

930 881 610 75 Rob. ¿Qué me importa tu desden

966 939 419 59 si para nada te quiero?

970 986 518 62 ¿qué me importa, si prefiero

968 1031 496 56 Margarita, que es mi eden?

1010 1074 475 62 Y ¡no ha venido!... mejor,

963 1121 511 52 que no está hecho el soneto.

966 1165 457 59 ¡Ah! Inesita, yo prometo

963 1217 423 49 dar el pago á tal valor.

921 1248 578 71 (Mostrando los pedazos de papel.)

1126 1306 331 78 ESCENA VII.

920 1364 732 88 (Sale Miguel y su aprendiz que trae una bota.)

926 1424 476 57 Miguel. ¡Ah de esta casa!

924 1468 317 53 Rob. ¿Quién es?

923 1508 368 61 Mig. ¡Señor Diego!

923 1556 326 54 Rob. Fuera está.

923 1592 592 65 Mig. Del par de botas la cuenta

966 1646 392 52 venia ahora á cobrar.

921 1685 674 62 Rob. Pues no encontrándole en casa,

960 1731 444 58 mas tarde podeis tornar,

920 1775 649 58 Mig. Es que de aquí no me salgo...

919 1822 463 57 Rob. Sentaos si os place.

915 1862 474 57 Mig. Ya,

956 1906 506 61 ¿acaso vengo á aguardarme?

917 1959 463 55 Rob. Pues ¿qué quereis?

916 2001 316 54 Mig. Lo sabrás;

953 2041 477 61 quiero la bota ó el dinero.

906 2090 534 59 Rob. Cuando mi tio vendrá.

909 2131 613 63 Mig. Lo quiero ahora, zaguango.

912 2178 448 54 (Inés asoma por el fondo.)

910 2225 532 57 Rob. No grite V. ¡voto ásan!

952 2270 406 55 porque de un sillatazo

952 2311 697 75 le rompo á V... (enarbolando una silla.)
