1825 2590
306.0 1085.0 1210.0 121.0 CARTA AMOROSA

220.0 1191.0 1391.0 95.0 QUE ESCRIBE UN AMANTE Á SU QUERIDA, AÑADIDA CON UN DIÁLAGO

472.0 1264.0 864.0 104.0 AMOR Y ESPERANZA.

697.0 1351.0 423.0 82.0 Por J.  F. (a) Queri.

149.0 1459.0 498.0 116.0 Ángel mio, mi contento

47.0 1547.0 508.0 67.0 escúchame con cuidado

47.0 1597.0 540.0 75.0 esta carta que he dictado

41.0 1642.0 565.0 67.0 ante Dios del firmamento,

41.0 1681.0 587.0 75.0 Fija en ella el pensamiento

38.0 1726.0 534.0 80.0 con un poco de atención,

41.0 1778.0 503.0 69.0 y así verás la intención

36.0 1823.0 607.0 76.0 de este amante que te adora;

32.0 1869.0 598.0 75.0 pues sin cesar siempre llora

32.0 1912.0 430.0 84.0 mi afligido corazon.

123.0 1985.0 473.0 89.0 Brillante flor anorosa

25.0 2039.0 478.0 74.0 que de su caliz divino

28.0 2089.0 481.0 62.0 esparces un torbellino

25.0 2123.0 514.0 78.0 con una aroma dichosa.

19.0 2177.0 555.0 74.0 Flor eres la mas hermosa,

30.0 2218.0 514.0 74.0 encantadora ilusion.....

15.0 2266.0 550.0 77.0 tú que dentro un corazon

19.0 2302.0 428.0 82.0 penetra tu fortaleza,

34.0 2352.0 413.0 95.0 y tu cándida pureza

900.0 1519.0 456.0 86.0 es la misma creación

989.0 1610.0 611.0 90.0 Tú que en el mundo glorioso

889.0 1674.0 601.0 76.0 puedes dar tierna memoria,

891.0 1724.0 610.0 82.0 y al mismo tiempo la gloria

881.0 1769.0 462.0 65.0 á mi corazon lloroso

883.0 1804.0 479.0 80.0 Eres el ángel hermoso

876.0 1849.0 605.0 87.0 que dia y noche yo anhelo,

879.0 1890.0 464.0 82.0 y con tú rápido vuelo

883.0 1948.0 503.0 67.0 penetras toda mi alma,

876.0 1985.0 622.0 78.0 y al mirarte hallo una calmna

870.0 2028.0 628.0 89.0 mas pura que el mismo cielo.

866.0 2156.0 505.0 80.0 alcanzó mi triste frente

961.0 2095.0 529.0 108.0 Al verte tan solo un dia.

866.0 2212.0 503.0 71.0 una gloria eternamente

876.0 2248.0 504.0 83.0 con placeres de alegria

870.0 2311.0 497.0 63.0 Y la afligida alma mia

861.0 2346.0 508.0 64.0 conoció tu hermosa flor

859.0 2391.0 503.0 91.0 que la formó el Criador
