1753 2480
746 253 353 61 Enseguida que nací

706 308 446 55 Buen mozo, se me llamó,

706 354 443 68 Toda mujer pensó en mí

708 410 383 77 Pero no las quise yo.

259 527 570 72 Soy yo un pincho sandunguero

220 582 537 64 Que valgo mas, que no el sol

227 628 463 54 Y á fuer de buen español

219 668 481 63 Hombres de capa y churí.

219 716 507 61 Soy pobre, mas la peana

220 760 445 65 No busco de la nobleza,

219 806 432 57 No ambicioné la bajeza

221 848 372 55 Enseguida que nací.

261 890 502 60 Montado en un burro bruto

220 938 489 58 Desempedrando las plazas,

226 983 503 58 Voy dando de rumbo trazas

220 1026 455 61 De aqueya sar que pasó.

227 1071 460 60 Y si acaso tengo un duro

223 1118 512 55 Lo gasto entre los amores...

223 1158 504 62 Si no le tengo... ¡¡señores!!

223 1206 437 79 Buen mozo se me llamó.

1032 524 503 80 Nunca engaño á los amigos,

996 582 508 65 Soy franco, rudo y valiente,

1003 626 517 67 Y aun soy tan independiente

997 672 412 58 Como el salvaje alhelí.

1004 716 527 65 Y si hoy vivo en la opulencia

1004 759 452 56 Y mañana en desacuerdo

995 803 425 59 Me diré para recuerdo;

996 854 486 58 «Toda mujer pensó en mí.»

1040 896 413 60 Yo no reconozco leyes,

993 934 492 70 Ni municipios, ni empleos,

995 986 456 61 No me meto en devaneos

997 1031 480 62 Que tanto el pincho adoró.

1000 1074 467 55 Yo solo vivo en el mundo

997 1118 496 58 Entre las glorias mundanas

996 1160 451 59 Mas las acciones villanas

996 1206 378 73 Esas no las quise yo.

756 1343 391 54 Asómate á la ventana

716 1398 449 59 Ya no te acuerdas de mí;

712 1445 429 66 No me dejes Sebastiana

713 1499 353 70 O me despido de tí.

264 1620 524 77 Que me mojo, que me mojo,

221 1671 408 59 Corre bájame la llave,

224 1713 481 61 Que todo el cuerpo remoja

224 1760 470 61 Si no me apellidas suave;

223 1806 405 56 Mira que vengo por tí

221 1846 481 70 Desde el barrio de Triana,

228 1893 378 53 Y ya que tanto corrí

224 1938 405 55 Asómate á la ventana.

267 1979 426 54 Te cantaré las castañas

223 2026 401 57 O las ligas ó la Atala

223 2070 492 61 Pues que mi corazon bañas

223 2119 492 51 En un amor que no iguala,

221 2158 488 61 Al del amante mas fiel.....

227 2208 409 55 Que digo pobre de mí,

228 2248 477 55 Tú estarás en brazos de él

230 2292 448 70 Ya no te acuerdas de mí.

1041 1628 447 63 ¿Olvidaste los momentos

1000 1675 474 61 En que juntados del brazo

1000 1723 480 48 Corríamos cual los vientos

1000 1764 499 60 Dándonos un tierno abrazo?

1010 1809 415 59 Y despues de tal placer

1000 1854 391 56 En la playa sevillana

1006 1898 363 55 Yo te decia, ¡mujer!

999 1939 435 57 No me dejes Sebastiana.

1039 1982 397 58 Has olvidado perpeja

1000 2028 442 60 En que con garbo gentil

1000 2074 397 57 Bailábamos en pareja

1000 2117 429 61 O en el baile de candil;

1001 2164 417 66 Todo lo has de olvidar

1000 2207 371 59 (Permite lo diga así)

1001 2254 436 60 O tú me vuelves á amar

1003 2295 342 62 O me despido de tí.
