1123 1557
474 122 111 40 —29—

175 170 748 29 Estaba aun compartiendo mis placeres con unos amigos, y un cria-

132 187 790 41 do entró avisándome de que deseaba hablarme un emisario del califa.

132 218 790 40 Dejé al punto la mesa y salí á ver al oficial preguntándole qué me que-

134 250 787 33 ria, y me dijo: «El califa mi señor, quiere hablaros.» Fuí con el ofi-

133 277 790 42 cial á palacio, y llegando á los pies del príncipe, luego que le saludé res-

134 310 790 36 petuosamente, me dijo: «Simbad, teneis que hacerme un servicio de

135 339 790 40 Importancia. Quiero que vayais á la córte de Serendib y le lleveis al rey

134 371 791 36 la respuesta de su carta y mis regalos. La ingratitud es el peor defecto

134 399 791 43 de un hombre bien nacido, y líbreme Dios de semejante falta con quien

135 435 352 34 procede conmigo cortésmente.»

180 459 747 38 No fué de mi agrado la órden del califa; pero sin embargo hube de

136 488 791 37 aparentar complacencia y le dije: «Caudillo de los creyentes, pronto me

135 518 792 38 tiene V. M. á ejecutar cuanto se dignare ordenarme: solamente le ruego

136 549 792 39 tenga en consideracion lo fatigado que me tienen las muchas vicisitudes

136 579 792 37 que llevo sufridas en mis largos viajes, por cuya causa tenia hecho pro-

137 606 793 41 pósito de no volver á salir de Bagdad.» El califa me pidió entonces que

137 636 792 45 le refiriese la historia de mis viajes, y yo le obedecí, sin omitir ni el

137 668 388 35 mas leve suceso de mis aventuras.

176 696 754 36 Concluida mi relacion, el califa me dijo: «Son estraordinarios por

138 725 791 40 cierto tales acontecimientos; pero si es sincero vuestro amor hácia mí,

139 760 791 36 no deben retraeros de emprender el viaje que yo ahora os encargo; pues

138 786 792 37 bien veis cuánto hago en confiar á vuestro acierto el desempeño de una

139 816 792 38 deuda con el rey de esa isla, que si dejase yo de cumplirla seria impro-

139 845 791 41 pio de mi decoro y mi diguidad.» Manifestada la voluntad del califa de

140 875 790 39 un modo tan esplícito, era imposible rehusar por mas tiempo su cumpli-

140 906 791 38 miento, y le contesté que dispuesto me tenia á obedecerle. Recibió gran

139 934 792 42 complacencia el califa con mi respuesta y dió órden de que me fuesen

140 966 406 39 entregados mil zequies para el viaje.

183 994 747 38 Pocos dias bastaron para quedar dispuesto lo necesario á mi marcha,

141 1024 791 39 y despues de recibir los regalos que enviaba el califa y una carta escrita

141 1054 791 39 por su mano, salí para Balsora y me embarqué allí. Próspera y corta

140 1082 792 39 fué mi navegacion. Llegué á la isla Serendib y presentándome á los mi-

141 1112 792 36 nistros del rey les manifesté el objeto de mi embajada: ellos me conduje-

143 1141 791 38 ron al palacio, y cuando estuve delante del príncipe, le presenté la carta

144 1172 790 43 y los regalos del califa, recibiéndolos aquel señor con muestras de gran

142 1200 143 36 satisfaccion.

186 1224 750 45 Los presentes que le hacia el califa consistian en una cama completa

142 1258 791 42 de brocado que valia mas de mil zequies; otra de riquísimo damasco,

142 1292 794 35 cien vestidos completos de telas esquisitas de lo mejor que se halla en

143 1319 793 40 el Cairo, Suez y Alejandría; un preciosísimo vaso de ágata, labrado

142 1348 794 40 con el mayor primor, teniendo en su tallado la figura de un hombre ar-

144 1377 792 40 rodillado, disparando á un leon una flecha; y por último una mesa

145 1407 791 50 de gran valor y esmerada construccion, la cual segun tradiciones del pais
