1860 2629
230 159 395 75 Me agrada la miséria

182 221 449 68 que un traballadó passa

188 273 404 57 anán la féyna escassa

184 313 351 61 sense tení un calé.

230 350 392 66 Ab la mullé malalta,

186 392 570 65 nóys que de fám no hi veuhen

190 449 476 57 y que de casa 'ls treuhen

184 495 410 72 per no pagá 'l llugué.

228 543 487 87 Me agrada á mi una noya

186 609 390 61 que sigui tortamuda,

188 657 470 55 mitg guertxa y geperuda

188 703 445 55 y que tingui mols máls.

228 736 449 85 Que sigui coixa y nana,

186 788 404 53 tonta com una malva

184 834 425 53 que sigui bastán calva

188 882 410 57 sense dens ni caixáls.

232 922 531 94 Me agrada veurer un quinto

186 990 432 65 mitg dominat pel vissi,

190 1042 421 53 cuan apren lo exercici

188 1075 443 72 y es rúch com un pané.

228 1112 489 90 Que 'l jefe que l'ensenya

188 1180 382 51 sigui dolén de veras

186 1213 480 64 que á clatallóts y á peras

182 1259 353 66 lo deixi fet malbé.

230 1312 491 83 Me agrada veurer un xato

182 1375 497 68 que háigi de purtá ulleras

186 1430 421 48 cuan de totas maneras

188 1472 419 59 sempre li están cayén.

228 1502 465 81 Com es tan curt de vista

186 1551 404 63 no veu cap carrillada

190 1601 395 61 y ab una ensopegada

188 1647 410 66 se rom lo entenimént.

225 1693 479 90 L' istiu tambe me agrada

184 1763 465 53 no anán may á las foscas

184 1805 480 68 que hi háigi forsa moscas

186 1855 414 51 que 't fassin consumí.

230 1884 465 78 Lo llit ben plé de pussas

184 1936 432 59 cohins que mortifiquin

186 1987 434 59 que tot sovin te piquin

193 2030 392 68 y no 't déixin dormí.

723.0 2041.0 393.0 138.0 YA ESTA ACABAT.

1037 159 441 86 Mo agrada una guitarra

987 216 478 84 ab las veus destempladas

989 265 405 68 las cordas esmuladas,

991 317 342 62 la saliva mi creix.

989 400 410 60 no sápiga 'l que toca,

1017 361 531 53 Que el ximple que la agafa

991 442 471 66 y que aquéll gran tanoca

989 490 441 73 sempra toqui 'l mateix.

987 604 392 59 ab mirada tranquila,

1033 549 454 84 Me agrada també veurer

991 657 419 52 lo tren com descarrila

989 698 357 62 fen grán atrossitát.

993 790 474 60 y 'l demés que si enreda,

1033 747 445 59 Los pasatjés fets trossos

989 828 548 63 y aixi 'l que esguerrát queda

989 878 463 66 no aurá de aná á suldát.

1035 926 474 94 Me agrada 'l menjá palla,

989 990 384 68 y cruas las sardinas,

989 1047 390 52 rabassóns y fayxinas

987 1066 541 86 ya s dich que es bon menjá.

1028 1123 527 86 Los náps també me agradan

987 1180 397 57 sense avéy sal ni óli,

987 1220 370 61 y per beura patróli

987 1261 368 62 sal fumán y quitrá.

1030 1323 474 70 La mar també me agrada

989 1378 434 70 si 'ls marinés navegan;

984 1432 470 51 si vey dos com se ofegan

987 1470 495 61 llavórs es cuan me enrich.

1033 1505 581 83 Cuan l'un se aferra ab l'altre,

987 1564 570 50 ab crits que alli 's cunfonan...

989 1599 491 61 y cuan tot dos se enfonan

987 1649 489 57 no eu vist res tan bonich.

1035 1706 467 70 Me agrada á mi una cosa

987 1757 484 74 ni que á ningú no agradi,

989 1816 465 61 y es que totóm se enfadi

984 1855 360 61 sense sabé perqué.

1026 1890 450 79 De di lo mateix sempre

984 1936 430 64 tinch la boca cansada:

989 1998 480 54 de tan que tót me agrada

989 2037 423 64 ya no me agrada ré....

236 2234 1413 83 REUS. –En la llibrería de Joan Grau, hi ha gran surtit de romansos, historias, llibrets, come¬

188.0 2282.0 1068.0 81.0 dias, sainetes, paper per escriure, capsas de cerillas y llibrets per fumar

969.0 2157.0 535.0 92.0 (Es propietat de Joan Grau.)
