1753 2480
188.0 148.0 496.0 66.0 Para mí el puro es la vida,

146.0 194.0 484.0 68.0 mi barco el mundo mejor,

150.0 245.0 426.0 62.0 y la voz de mi querida

150.0 279.0 676.0 72.0 el canto del ruiseñor. Suelta el etc.

901.0 140.0 477.0 66.0 Anda prisa, mi barquilla,

857.0 188.0 416.0 70.0 anda prisa, vive Dios,

855.0 231.0 594.0 66.0 que en tí encierras todo el mundo

843.0 276.0 738.0 91.0 pues nos llevas á los dos. Suelta el etc.

233.0 372.0 225.0 72.0 (ELLA A ÉL.)

814.0 367.0 110.0 58.0 CORO.

510.0 415.0 471.0 47.0 Los dos á la par bogando

465.0 448.0 543.0 64.0 la barquilla empieza á andar.

467.0 491.0 804.0 77.0 a.. a.. a.. ay, a.. a.. a.. ay, a.. a.. a.. ay,

467.0 541.0 438.0 60.0 boga, boga, curro mio,

469.0 586.0 446.0 69.0 no perdamos el compás :

471.0 626.0 521.0 70.0 boga aprisa , curro , aprisa,

465.0 675.0 479.0 79.0 que me empiezo á marear.

196.0 713.0 467.0 76.0 Es mi Curro el marinero

157.0 772.0 531.0 62.0 mas chulo que surca el mar,

159.0 816.0 432.0 62.0 es tan sola su barquilla

157.0 861.0 663.0 69.0 la que sabe navegar. Los dos , etc.

202.0 913.0 467.0 52.0 Nadie le gana en donaire

159.0 950.0 430.0 62.0 cuando boga con teson,

159.0 989.0 467.0 67.0 nadie en largar una vela,

157.0 1023.0 684.0 76.0 ó en menejar un timon. Los dos , etc.

202.0 1085.0 461.0 66.0 Cuan al lado de mi curro

161.0 1132.0 434.0 60.0 presurosa salgo al mar,

161.0 1169.0 469.0 68.0 mil placeres , mil delicias

163.0 1206.0 679.0 96.0 me rodean sin cesar. Los dos , etc.

903.0 702.0 403.0 79.0 Mirad como se dibuja

859.0 762.0 559.0 70.0 sobre el mar su cuerpo airoso,

866.0 810.0 465.0 66.0 ya se acerca , ya se aleja,

864.0 843.0 725.0 97.0 ya me da un beso gracioso. Los dos , etc

907.0 905.0 471.0 58.0 Uy ! que beso ! por Jesus,

864.0 942.0 390.0 68.0 que tiene infinita sal,

866.0 977.0 488.0 72.0 uy ! mi curro, boga aprisa,

853.0 1025.0 734.0 76.0 no nos venga un temporal. Los dos etc.

909.0 1080.0 484.0 54.0 Esa proa vuelve al puerto,

870.0 1120.0 486.0 62.0 vamos , curro á descansar,

872.0 1165.0 473.0 70.0 ya despues de descansados

868.0 1204.0 376.0 89.0 volveremos á bogar.

1337.0 1178.0 252.0 95.0 Los dos , etc.

487.0 1297.0 796.0 133.0 EL CACHIRULO.

206.0 1438.0 416.0 58.0 Aver al primer molino

163.0 1481.0 391.0 58.0 iba V. con un chaval

165.0 1523.0 492.0 66.0 quiero saber cuerpo indino

169.0 1576.0 447.0 60.0 porque baja V. al canal.

165.0 1614.0 399.0 60.0 Cachirulo , cachirulo,

169.0 1651.0 426.0 78.0 ya se acabó el disimulo

167.0 1690.0 618.0 87.0 señora Estoquia , señora Estoquia

169.0 1750.0 440.0 58.0 si tropiezo con tal chulo

169.0 1791.0 484.0 60.0 que venga de la parroquia

169.0 1839.0 511.0 62.0 mire V. que me pongo serio

177.0 1884.0 193.0 62.0 ¡ Puñalaa !

175.0 1911.0 505.0 73.0 Y le doy para el cementerio

171.0 1967.0 358.0 60.0 carta de seguridad.

217.0 2015.0 399.0 55.0 No me chille V. sofeo

173.0 2054.0 416.0 62.0 no quiero mas galupin

175.0 2097.0 509.0 60.0 que estoy mala y me mareo

175.0 2155.0 420.0 52.0 con el trote y el chilin.

175.0 2190.0 397.0 95.0 Cachirulo , cachirulo,

874.0 1430.0 422.0 60.0 ya se acabó el disimulo

874.0 1473.0 434.0 62.0 señor Paco , señor Paco

874.0 1506.0 533.0 79.0 si encnentra á V. el tal chulo

874.0 1568.0 430.0 52.0 no fuma V. mas tabaco

874.0 1581.0 692.0 93.0 mire V. mire V. que no quiero visiones

880.0 1649.0 612.0 74.0 ¡ Puñalaa ! no comerá V. piñones

874.0 1696.0 405.0 60.0 ese año por Navidad.

919.0 1731.0 459.0 77.0 Favor aquí á la justicia

878.0 1779.0 356.0 64.0 á la cárcel y chiton

878.0 1802.0 548.0 86.0 mire V. que no tengo tiricia

878.0 1868.0 376.0 64.0 otra cosa no bridon.

880.0 1919.0 389.0 56.0 Arromales arromales

882.0 1955.0 430.0 74.0 por via treinta puñales

878.0 1994.0 560.0 70.0 aun no ha tres meses cabales

880.0 2037.0 633.0 89.0 que esta indina andaba en cueros

882.0 2093.0 395.0 62.0 dile V. á su señoría,

886.0 2120.0 652.0 91.0 ¡ Don Quintin ! que se comió en un

884.0 2178.0 560.0 93.0 solo dia , el jaco y el Callesin.

843.0 2219.0 105.0 137.0 FIN.
