1096 1596
504 75 105 46 — 14—

446 216 211 58 CAPÍTULO III.

158 323 792 49 El pirata enamorado.—Proyectos de Rosaura.—Se saca el tesoro del navío San

157 365 790 35 Paolo y se esconde en una choza.—Lo que pasa en este sitio.—El rom.—Fuga

344 389 406 34 de Rosaura y su llegada á Tierra Firme.

196 512 747 27 Fondeados el Milano y el San Pablo en una de las desem-

152 532 790 40 bocaduras del rio Panamá esperaban los piratas el reparto del

152 563 789 37 tesoro que se habia apresado á bordo del navío español, y todos

151 593 789 34 los dias hacian reclamaciones acerca de esto; pero Juan Ojen-

149 625 790 35 kan engañaba de la manera que le era posible á aquellos la-

148 657 791 34 drones de mar, mientras que Pedro Lemoige preparaba con su

148 680 791 39 hijo los medios de sacar el dinero del San Pablo sin que nadie

148 710 789 41 se apercibiese, no habiendo podido llevar adelante esta em-

148 744 787 37 presa á causa de ignorar el punto donde debia esconderse.

148 771 788 35 Mientras tanto seguia Juan el pirata tan enamorado de la be-

145 798 789 40 lla Rosaura que no habia más que pedir; y como en los pla-

145 832 789 35 nes de la hermosa española entraba el pensamiento de engañar

145 860 786 39 á los ladrones de mar, fingiendo, pues, un amor que no exis-

142 889 791 35 tia ni podia existir en su corazon, apercibida de las conferen-

142 917 789 40 cias secretas que mediaban entre los dos jefes principales de

140 948 791 37 los referidos piratas, concibió el pensamiento, no solamente de

140 978 789 37 salvarse ella, sino de salvar tambien el tesoro español que es-

140 1006 542 41 taba bajo el poder del enamorado Ojenkan.

183 1036 748 40 Un dia en que éste se hallaba cada vez más vencido por su

138 1071 790 36 pasion, quejóse á Rosaura de que solo habia podido conseguir

137 1096 787 39 ligeras esperanzas; de que las promesas que ella hacia se pro-

136 1126 788 40 longaban cada vez más, y que aquella situacion era insoste-

133 1158 793 36 nible á causa de que pensaba hacer rumbo hácia el Norte y de

133 1187 791 36 este modo asegurar más el tesoro que poseia y el deseo de ser

132 1214 789 41 el dueño de su corazon. Conoció Rosaura que podia verse per-

131 1245 790 40 dida si efectivamente Ojenkan llevaba adelante su proyecto,

132 1277 789 39 y entonces le contestó que muy pronto le daria pruebas irre-

128 1305 791 48 cusables de su afecto; que interesada ya en la suerte y en el
