1753 2480
740.0 80.0 144.0 103.0 —2—

152.0 159.0 526.0 78.0 Los uns buscantla la troban

119.0 194.0 468.0 56.0 Y 'n trehuen tot lo profit

113.0 235.0 451.0 56.0 Anant á menjá costellas

117.0 281.0 406.0 57.0 Y predicánt á Madrid.

115.0 320.0 484.0 58.0 Altres que no s' espavilan

117.0 361.0 430.0 52.0 Mal lo tret 'ls ha sortit

119.0 398.0 447.0 54.0 Y la lluna se 'ls fa fosca

113.0 434.0 476.0 76.0 Y sent fosca..... bona nit.

150.0 504.0 494.0 76.0 Mireu cap á un' altra part

113.0 551.0 381.0 66.0 Y veureu una xicota

109.0 591.0 577.0 70.0 Que com que ja tè trenta anys,

111.0 636.0 533.0 58.0 No li cau bé 'l nom de polla.

109.0 675.0 494.0 58.0 Dons aquesta també busca

109.0 719.0 538.0 58.0 La lluna de mel..... la dolsa,

109.0 756.0 469.0 56.0 Mes la trobá ben amarga

109.0 808.0 560.0 74.0 Puig la troba dins de un cova.

146.0 861.0 391.0 75.0 Ella fa mil monerias

101.0 915.0 521.0 62.0 Cuan veu un solté de pelas,

105.0 958.0 488.0 58.0 Fa sospirs, ensenya 'l peu

111.0 998.0 482.0 58.0 Y altres mil y mil cosetas,

109.0 1037.0 496.0 58.0 Mes los jóvens se la miran

109.0 1078.0 395.0 50.0 Y li vehuen la careta

105.0 1118.0 471.0 60.0 Ab alguna arruga al fron,

109.0 1157.0 496.0 83.0 Y l' ilusió se 'n va á terra.

146.0 1227.0 360.0 66.0 Allavórens ella diu

103.0 1268.0 451.0 65.0 Ab veu trista y afligida,

103.0 1316.0 475.0 58.0 Fentne sospirs á la lluna,

97.0 1359.0 426.0 58.0 Jemegantne adolorida:

103.0 1403.0 546.0 58.0 «¡Oh si acás pogués trobarte,

101.0 1440.0 436.0 54.0 Lluna de la meva vida,

105.0 1477.0 413.0 54.0 No 'm relliscarias pas

101.0 1506.0 527.0 83.0 Per mes qua fossis de vidra!

136.0 1585.0 465.0 74.0 Altres mòlt distintament

95.0 1643.0 448.0 53.0 Castells al aire edifican

97.0 1682.0 490.0 56.0 Fentse deu mil il-lusions:

97.0 1721.0 485.0 58.0 Cuan per Nadal ve la rifa,

97.0 1758.0 475.0 56.0 Se fan casas al Ensanche;

97.0 1802.0 527.0 55.0 De senyors ja 's fan la vida,

97.0 1843.0 446.0 54.0 Compran papé del Estat

99.0 1880.0 510.0 73.0 Y altres deu mil tonterías.

130.0 1942.0 527.0 79.0 Mes 'l endemá 's despertan,

95.0 1992.0 363.0 66.0 La llista van á llegi

97.0 2027.0 568.0 74.0 Y en lloch de treure la grossa,

95.0 2072.0 566.0 67.0 Trehuen desenganys, no xichs.

95.0 2114.0 512.0 62.0 Trehuen il-lusions y sustos

90.0 2159.0 393.0 54.0 Desilusions y burgit,

97.0 2190.0 461.0 73.0 Y las casas del Ensanche

90.0 2236.0 488.0 103.0 Se las han de fe adormits.

928.0 161.0 417.0 56.0 Altres als notaris fían

890.0 200.0 354.0 56.0 La felicitat ditxosa

893.0 231.0 585.0 64.0 Y no vehuen que ungles llargas

890.0 283.0 517.0 58.0 Tenen los aucells de ploma.

886.0 328.0 457.0 54.0 Solsament per la costum

888.0 363.0 517.0 52.0 Las unglas llargas arronsan

895.0 398.0 566.0 58.0 Y sempre 'ls queda entre ellas

890.0 440.0 507.0 68.0 Poch ó mòlt de pel ó borra.

921.0 518.0 571.0 68.0 De advocats no os ne dich res,

886.0 555.0 453.0 62.0 Sòn de la mateixa casta,

888.0 601.0 513.0 62.0 No diré pas que lladreguin,

888.0 642.0 490.0 56.0 Mes també la saben llarga.

886.0 682.0 569.0 59.0 Los clients los plets los donan,

888.0 723.0 530.0 58.0 Mes la lluna es lo que passa,

890.0 764.0 519.0 58.0 Que 'l plet ja s' ha convertit

884.0 808.0 496.0 68.0 Per ells en lluna daurada.

928.0 857.0 576.0 95.0 Vingan trons y llamps y pluija,

890.0 919.0 451.0 60.0 Vingui sorolls y rahons,

888.0 958.0 468.0 60.0 Vingui disputas y gresca,

884.0 1002.0 470.0 58.0 Que 's baralli tot lo mòn.

886.0 1045.0 465.0 52.0 Y despues per arreglarse

882.0 1082.0 544.0 56.0 Que hi vaigi buscant tothom

886.0 1122.0 550.0 60.0 Plets y llunas dintre un cova,

882.0 1165.0 571.0 64.0 Que 'ls advocats per xo hi són.

913.0 1219.0 542.0 76.0 Lo qui pensa que cold-crem

880.0 1279.0 372.0 60.0 L' apotecari li dòna

886.0 1322.0 463.0 54.0 Y que tot sòn medicinas,

882.0 1361.0 480.0 56.0 També la veu en un cova,

884.0 1403.0 463.0 54.0 Puig si li tira ab cuidado

880.0 1434.0 562.0 62.0 Dins la xicra una aigua groga,

880.0 1483.0 531.0 62.0 No es perque siga gens cara,

878.0 1521.0 473.0 76.0 Sino perque sembli bona.

913.0 1585.0 527.0 74.0 Repareu que sempre pesan,

878.0 1640.0 550.0 60.0 Sempre ho donan gota á gota,

878.0 1684.0 575.0 54.0 Fentvos creure que vos donan

878.0 1727.0 424.0 48.0 Una cosa mòlt costosa;

878.0 1760.0 401.0 56.0 Y si bè ho voleu mirá

878.0 1804.0 538.0 49.0 Veureu que dintre l' ampolla

874.0 1841.0 471.0 56.0 Sols hi posan agua fontis;

874.0 1876.0 486.0 77.0 Roija ab polvos de raijola.

913.0 1955.0 571.0 60.0 Y no m' hi vull cansá pas mes

872.0 1998.0 585.0 60.0 Fentvos veure 'ls que la troban

878.0 2041.0 564.0 54.0 Y 'ls que de tan que la buscan

874.0 2079.0 506.0 55.0 Al fi 's quedan á las foscas.

870.0 2124.0 548.0 54.0 Puig que desde 'l pare Adam

872.0 2161.0 570.0 58.0 Hasta aquestas fechas nostras,

872.0 2203.0 490.0 55.0 L' han buscat, la buscarán

870.0 2242.0 453.0 107.0 Y la buscan en un cova.
