1860 2629
96.0 1619.0 1549.0 221.0 EL AS DE BASTOS

190.0 1897.0 406.0 72.0 Es el aa de bastos, niña,

162.0 1949.0 311.0 51.0 una carta singular,

162.0 1971.0 401.0 66.0 para mostrarlo se guiña

157.0 2011.0 356.0 57.0 el ojo, antes de jugar.

193.0 2026.0 460.0 68.0 Dé este modo á los amantes

157.0 2070.0 400.0 52.0 se hacen soñas de valor,

157.0 2096.0 498.0 61.0 sl es que sabon ser constantes

157.0 2136.0 347.0 63.0 en el Juego del amor.

313.0 2171.0 261.0 59.0 Sin más ni más

280.0 2195.0 217.0 92.0 No lo gasteis

1074.0 1886.0 259.0 76.0 más vale un as

1079.0 1923.0 357.0 72.0 que un cuatro ó diez.

1109.0 1978.0 178.0 48.0 Si le tirais

1072.0 2004.0 226.0 48.0 os va á faltar

1079.0 2037.0 261.0 48.0 cuando tengais

1074.0 2070.0 246.0 48.0 que lr á fallar.

980.0 2096.0 583.0 55.0 ¡Ay! que bonito siempre es el jugar

947.0 2127.0 636.0 57.0 ¡ay! cuando sabe que la han de querer;

951.0 2164.0 498.0 46.0 ¡ay! como se barajan sin cesar

951.0 2193.0 626.0 89.0 las cartas entre el hombre y la mujer.

335.0 1807.0 1070.0 107.0 Polka del popular maestro D. Enrique Martí.
