1753 2480
250.0 74.0 1312.0 122.0 DOÑA JOSEFA RAMIREZ.

132.0 223.0 1534.0 87.0 ROMANCE, EN QUE SE REFIERE EL CAUTIVERIO DE

312.0 287.0 1178.0 82.0 esta Dama, y los varios sucesos que pasó hasta

684.0 334.0 440.0 87.0 el fin de su vida.

655.0 438.0 504.0 86.0 SEGUNDA PARTE.

152.0 537.0 569.0 109.0 YA dixe, como salió

245.0 586.0 534.0 75.0 amparada del silencio

128.0 636.0 607.0 70.0 de Cartagena una noche

126.0 692.0 605.0 60.0 llena de mil pensamientos

124.0 735.0 520.0 73.0 Doña Josefa Ramirez,

126.0 785.0 680.0 80.0 y marchando para el Reyno

117.0 837.0 577.0 72.0 de Cataluña, una tarde

115.0 884.0 594.0 74.0 al encuentro le salieron

115.0 946.0 608.0 68.0 siete Vandidos, tras ella

119.0 994.0 654.0 66.0 los reconoció al momento.

117.0 1045.0 612.0 60.0 Del caballo se desmonta,

121.0 1087.0 652.0 76.0 de aquesta suerte diciendo:

109.0 1140.0 533.0 62.0 apartarse del camino,

111.0 1188.0 684.0 80.0 presto quitarse de enmedio,

109.0 1237.0 509.0 77.0 ó le quitaré la vida

113.0 1291.0 560.0 75.0 al que fuere desatento.

119.0 1341.0 544.0 72.0 Esto dixo, y disparó

111.0 1388.0 612.0 64.0 con tan bellísimo acierto

113.0 1442.0 596.0 66.0 el trabuco, que se lleva

115.0 1490.0 695.0 74.0 de un tiro los tres primeros,

113.0 1541.0 593.0 71.0 que los cogió perfilados.

121.0 1597.0 679.0 70.0 Y los otros que esto vieron

115.0 1645.0 604.0 62.0 se pusieron en campaña;

107.0 1698.0 662.0 71.0 mas la Dama con esfuerzo,

117.0 1742.0 530.0 68.0 sin punto de cobardia

111.0 1795.0 571.0 71.0 hizose fuerte con ellos:

109.0 1845.0 573.0 72.0 de los siete mató cinco,

115.0 1905.0 594.0 64.0 y los otros dos huyeron

111.0 1950.0 641.0 62.0 ya con heridas de muerte;

113.0 2000.0 612.0 68.0 mas no les valió por eso

111.0 2043.0 695.0 89.0 que ella arrogante les sigue,

117.0 2097.0 594.0 77.0 y de merced le pidieron

109.0 2145.0 542.0 115.0 les otorgase las vidas.

911.0 537.0 693.0 80.0 Metió la mano en su pecho,

909.0 591.0 581.0 72.0 dice: para estar segura,

911.0 636.0 662.0 81.0 quitar estorbos de enmedio;

915.0 690.0 629.0 68.0 y al soplo de una pistola

905.0 748.0 651.0 68.0 á ambos los dexó muertos;

913.0 793.0 635.0 70.0 y montando en su caballo

903.0 845.0 723.0 66.0 (como quien nada habia hecho)

905.0 892.0 620.0 71.0 llegó en fin á Barcelona,

903.0 950.0 597.0 64.0 á donde supo de cierto,

903.0 992.0 686.0 76.0 que ya la andaba buscando

903.0 1043.0 697.0 77.0 su Padre con grande anhelo.

909.0 1091.0 585.0 68.0 Y al instante determina

901.0 1147.0 601.0 72.0 vender su caballo luego,

903.0 1196.0 616.0 75.0 y embarcarse para Roma,

899.0 1244.0 639.0 80.0 sin reparar en los riesgos

901.0 1297.0 601.0 81.0 que puedan sobrevenirle,

899.0 1357.0 579.0 60.0 como adelante veremos.

897.0 1392.0 756.0 85.0 Al fin se embarcó en las ondas

897.0 1444.0 599.0 79.0 del salado mar soberbio.

897.0 1498.0 665.0 72.0 Mas fue su suerte tan mala

899.0 1543.0 717.0 77.0 que á los dos dias se vieron

895.0 1597.0 545.0 72.0 de Corsarios Argelinos

897.0 1645.0 471.0 66.0 infelices prisioneros.

897.0 1694.0 607.0 85.0 Desembarcanlos en tierra,

901.0 1754.0 682.0 77.0 y á pregones los vendieron,

899.0 1808.0 593.0 72.0 y compró á Doña Josefa

897.0 1851.0 570.0 75.0 en un moderado precio

895.0 1899.0 593.0 82.0 un Renegado muy rico,

895.0 1957.0 651.0 78.0 hombre de grande respeto.

895.0 2008.0 580.0 66.0 Preguntóle á su cautivo

893.0 2060.0 758.0 76.0 por su nombre, y al momento

893.0 2103.0 659.0 85.0 respondió: Pedro me llamo,

895.0 2151.0 640.0 122.0 Señor, al servicio vuestro.
