1043 1425
152 20 46 39 12

167 54 352 47 Y finalmente, es tal

127 95 392 42 el alma del hombre, que

129 132 390 42 domina en todos los ir-

128 167 391 42 racionales á semejanza de

129 205 390 41 su Criador, y contiene

129 242 390 43 en sí la perfeccion de to-

129 277 390 42 das las criaturas. Es tal,

129 313 390 44 que imita la inmensidad

129 350 392 37 de su Dios en el modo

129 387 392 43 con que anima, estando

129 422 392 41 toda indivisible en todo,

130 459 391 44 y toda aun en las par-

126 494 396 42 tes mas indivisibles del

128 532 394 41 sugeto. Y por ultimo, es

126 566 396 42 una imagen de Dios Tri-

126 604 396 41 no, y Uno : una en la

126 639 396 46 esciencia, y trina en las po-

124 676 398 42 tencias ; pues Dios es uno

125 713 397 41 en la esencia, y trino en

126 753 391 40 las personas, y el alma

126 786 391 42 es una con tres poten-

125 824 73 35 cias.

159 858 362 41 Con todo eso, no se

125 892 394 43 contentó el Criador con

124 931 395 40 las perfecciones que puso

123 965 396 41 en ella, como Autor de

123 1000 396 39 la naturaleza. Parecióle

124 1037 397 39 que le faltaba el realce

123 1072 388 41 de los adornos sobrenatu-

119 1107 392 45 rales de su gracia, para

120 1143 391 43 que fuese mas semejante

115 1179 396 52 la imagen; y trató de

544 65 382 34 adornarla con joyas pre-

544 95 384 41 ciosas, labradas con ce-

544 132 389 42 lestiales primores. No ne-

544 167 388 42 cesitaba el alma de es-

544 206 389 41 te nuevo adorno para su

544 242 388 43 hermosura ; porque antes

544 277 388 39 de adornarse con él, ya

544 312 386 45 el Señor la habia califica-

542 350 388 37 do por la mas hermosa de

542 387 388 43 todas las criaturas, segun

542 422 386 41 lo dice en los Cantares.

542 458 386 43 Pues qué falta le hacia á

539 494 388 41 su belleza la rica joya de

539 532 389 42 oro con que ahora la

539 566 389 42 adorna ? Mucho, dixo Del-

539 603 389 42 rio. Agradóse mucho el

539 638 389 46 Criador de la natural her-

539 675 387 41 mosura que habia comu-

539 714 386 41 nicado á la alma,en

539 753 387 40 quien estampó su imagen:

537 786 389 42 parecióle tan bella, que

527 822 398 43 le convidó su hermosura

537 858 388 42 á enriquecerla con nue-

537 892 387 42 vos realces, y primores.

536 929 387 42 Si antes le pareció bien,

536 965 387 42 con los dotes que la dió,

536 1001 385 38 como Autor de la natu-

529 1037 395 40 raleza , despues la hizo

529 1074 395 41 aun mas hermosa con los

529 1108 394 45 dotes de la  gracia. Este

529 1145 393 43 es el collar de oro de la

524 1180 397 52 caridad, engastado de la fi-

867 1214 43 55 li-
