1753 2480
192.0 115.0 459.0 56.0 envuelta en un parasismo.

198.0 159.0 465.0 53.0 Aquí el coral de sus labios

192.0 194.0 436.0 56.0 eran de jazmin los visos;

192.0 235.0 419.0 52.0 las rosas de sus mejillas

194.0 272.0 486.0 54.0 en nieve se han convertido;

194.0 316.0 415.0 47.0 pero en fin por abreviar

194.0 353.0 413.0 58.0 la volvieron con rocíos,

198.0 396.0 467.0 56.0 y con muy tiernos sollozos

192.0 434.0 366.0 55.0 articulando suspiros.

194.0 458.0 508.0 77.0 Apenas vuelta en su acuerdo

196.0 520.0 393.0 48.0 á Leonor su padre vió

194.0 555.0 395.0 48.0 volviendo segunda vez

196.0 601.0 479.0 56.0 á tratar de lo que he dicho:

196.0 640.0 397.0 58.0 Acaba, Leonor, acaba,

192.0 679.0 415.0 60.0 responde á lo que digo,

194.0 723.0 467.0 54.0 porque don Fernando está

190.0 764.0 469.0 56.0 idolatrando en tu hechizo;

190.0 806.0 446.0 49.0 es noble y muy poderoso

190.0 845.0 415.0 51.0 como ya te he referido;

190.0 878.0 527.0 60.0 te hará dueña de su hacienda,

194.0 930.0 450.0 45.0 tendrás descanso y alivio.

192.0 963.0 500.0 53.0 Esto ha de ser de por fuerza

190.0 1004.0 436.0 52.0 si no quieres por cariño;

192.0 1041.0 428.0 58.0 y remitiéndose al llanto,

190.0 1085.0 430.0 55.0 hechos sus ojos dos ríos,

190.0 1126.0 436.0 52.0 desabrochando palabras,

190.0 1165.0 461.0 52.0 resueltemente le ha dicho:

192.0 1198.0 519.0 60.0 Padre y señor, don Fernando

192.0 1250.0 436.0 47.0 nunca fué del gusto mío.

196.0 1285.0 500.0 54.0 ¿Qué importa que sea noble?

198.0 1328.0 465.0 56.0 ¿Qué importa que sea rico,

192.0 1372.0 417.0 47.0 si nunca han conjurado

192.0 1403.0 483.0 58.0 sus conceptos con los míos?

192.0 1444.0 523.0 54.0 Que don Fernando sea noble,

190.0 1488.0 461.0 55.0 también lo soy padre mío;

190.0 1525.0 535.0 60.0 que sea dueño de su haaienda,

190.0 1570.0 452.0 50.0 yo soy la que me cautivo.

190.0 1616.0 467.0 53.0 La que por fuerza se casa,

192.0 1653.0 380.0 54.0 por interés de lo rico,

190.0 1696.0 432.0 50.0 no es mujer sino esclava

190.0 1731.0 496.0 60.0 que se vende en el guarismo

188.0 1775.0 430.0 51.0 de la ambiciosa codicia.

188.0 1818.0 413.0 48.0 esto, señor, es muy fijo.

190.0 1851.0 467.0 60.0 En cuanto á tomar estado,

190.0 1901.0 485.0 47.0 no ha de ser al guto vuestro

190.0 1936.0 475.0 54.0 que ha de ser al gusto mío.

194.0 1973.0 471.0 52.0 Y pues es fuerza os declare

190.0 2015.0 465.0 55.0 como á padre mi designio,

192.0 2062.0 459.0 50.0 yo tengo puesto mi afecto,

188.0 2095.0 378.0 54.0 el corazón y sentidos

190.0 2139.0 446.0 51.0 por mandato de mi amor,

188.0 2176.0 487.0 49.0 en don Jacinto del Castillo:

188.0 2213.0 487.0 87.0 yo tengo esposo á mi gusto,

1000.0 124.0 507.0 49.0 pues como el alma lo estimo.

1004.0 159.0 469.0 53.0 Viéndola el padre resuelta,

998.0 202.0 418.0 54.0 furioso y ensoberbecido

1002.0 241.0 397.0 56.0 asióla por los cabellos,

1002.0 289.0 473.0 52.0 que eran ebras de oro fino,

1000.0 322.0 511.0 54.0 dándole golpes y arrastrando

1000.0 357.0 502.0 60.0 la metió en su cuarto mismo;

998.0 398.0 449.0 54.0 con un puñal en la mano,

998.0 434.0 438.0 59.0 en viva rabia encendido,

1000.0 483.0 387.0 52.0 amenazóla de muerte,

998.0 520.0 515.0 62.0 diciendo: Haz lo que te digo,

998.0 562.0 312.0 51.0 ó la vida rendirás

998.0 603.0 438.0 50.0 al golpe de este cuchillo.

1000.0 646.0 560.0 56.0 Viendo Leonor que en su pecho

996.0 688.0 455.0 56.0 moraba el de don Jacinto,

996.0 731.0 434.0 60.0 y que es fuerza peligrase

998.0 770.0 372.0 56.0 en semejante peligro;

998.0 812.0 389.0 49.0 con cauteloso engaño,

998.0 851.0 415.0 52.0 dijo: padre y señor mío,

998.0 890.0 438.0 54.0 yo me resuelvo á que sea

998.0 934.0 463.0 47.0 don Fernando esposo mio.

998.0 969.0 465.0 49.0 Con esto el padre abrazóla

996.0 1008.0 399.0 56.0 contento y agradecido,

998.0 1054.0 461.0 53.0 dejándola; cuando al cabo

998.0 1097.0 393.0 45.0 de cuatro días ó cinco

996.0 1134.0 380.0 46.0 escribió doña Leonor

994.0 1169.0 415.0 54.0 un papel á don Jacinto,

994.0 1213.0 401.0 49.0 diciéndole lo que pasa,

994.0 1254.0 428.0 52.0 que la sacase al proviso,

996.0 1297.0 455.0 50.0 mas no fué tan en secreto,

994.0 1330.0 492.0 54.0 que lo cogió don Francisco.

998.0 1374.0 444.0 49.0 Hallóla firme y constante

998.0 1411.0 411.0 56.0 según por lo contenido.

998.0 1454.0 453.0 48.0 Volvió otra vez indignado

994.0 1496.0 386.0 51.0 y á doña Leonor dijo:

996.0 1539.0 428.0 54.0 Mira, infame, este papel,

996.0 1576.0 440.0 56.0 que envías á don Jacinto.

992.0 1614.0 430.0 57.0 Encerróla, y dispusieron

992.0 1655.0 444.0 58.0 con el Vicario al proviso,

994.0 1696.0 455.0 58.0 con don Fernando la case

992.0 1742.0 403.0 47.0 por escusar un peligro.

994.0 1775.0 380.0 58.0 Quisiera escribir aquí

994.0 1820.0 436.0 54.0 las lágrimas, los suspiros,

992.0 1862.0 452.0 51.0 los sollozos, los lamentos,

994.0 1905.0 397.0 48.0 los pesares y los gritos

992.0 1936.0 432.0 58.0 que la triste dama hacía,

992.0 1981.0 515.0 56.0 muy bien se dice ello mismo:

992.0 2017.0 395.0 55.0 si el disimular la pena

992.0 2060.0 405.0 50.0 no le fuera tan preciso,

994.0 2099.0 335.0 56.0 reventara de dolor,

992.0 2141.0 399.0 51.0 mas volvióse basilisco,

992.0 2178.0 469.0 51.0 cual vívora, cual serpiente,

990.0 2219.0 457.0 66.0 que con su veneno mismo
