1753 2480
443 139 999 95 LAMEMTOS DE UN AMANTE APASIONADO.

844 216 190 91 Á TÍ.

268 279 447 55 Este canto de amargura

226 321 523 62 con que alivio mi tormento,

227 360 557 74 entre el murmurio del viento,

226 405 423 64 quizá no llegues á oir.

268 446 520 83 Escúchalo, por que el alma

224 489 418 67 doliente y enamorada,

224 537 579 69 no encuentra en la tierra nada.

224 586 382 64 hermosa mia, sin tí.

265 631 429 57 Esas flores, esas auras,

221 672 552 70 que las columpian tan vellas,

223 719 437 62 esa luna, esas estrellas,

221 764 446 58 sobre un cielo de zafir,

261 811 524 59 Pierdan toda su hermosura

219 854 459 62 sus perfumes, sus olores,

217 898 459 55 si las miro entre colores,

220 941 394 63 léjos, hermosa, de tí.

259 986 618 59 ¿Qué me importan los hombres?

220 1030 579 62 ¿qué me importan las riquezas?

219 1082 594 56 ¿qué me importan las grandezas

217 1118 419 55 ni laureles conseguir?

256 1162 449 60 En mi amante desvarío

216 1213 615 54 ¿qué me importa cuanto encierra

217 1252 452 63 la redondez de la tierra,

214 1299 382 59 hermosa mia, sin tí?

253 1344 558 64 Si hasta la cumbre ambiciono

213 1394 437 51 levanto osado la mano;

212 1442 408 41 si delirante me ufano

212 1478 393 60 por fijar el porvenir,

253 1518 528 71 Es tan solo por que atiendas

209 1561 449 70 á mi súplica importuna;

210 1609 407 66 solo busco la fortuna,

209 1653 394 66 hermosa mia, por tí.

252 1697 464 65 En tanto quizá engañado

206 1744 481 60 con la esperanza ilusoria,

208 1786 510 68 sobre un pedestal de gloria

209 1831 404 67 y de opulencia subir.

243 1876 490 69 Cruzando el azul del Eter

202 1927 504 54 en las alas de un querúbe,

202 1970 485 58 quiero alcanzar una nube

202 2021 437 52 para elevarme hasta tí.

246 2055 571 66 Di que quieres que se cumplan

202 2101 456 59 tus caprichos á millares;

199 2145 536 62 dí que ofresca en tus altares

202 2190 393 54 los sacrificios sin fin.

243 2234 502 60 Dí que rinda en holocausto

201 2277 430 88 la triste vida que llevo;

999 315 464 36 á todo, á todo me atrevo,

999 329 365 62 estrella mia, por tí.

1041 367 505 69 De tus mas raros caprichos

997 418 501 60 en el pronto cumplimiento,

999 461 533 72 ni una queja, ni un lamento,

997 504 353 59 llegarás á percibir.

1037 546 510 75 Si me mandas que desdeñe

992 589 517 72 de mi madre los abrazos.....

995 644 504 57 me arrancaré de sus brazos

993 690 463 52 para lanzarme tras de tí.

1047 732 481 62 Vengan vengan los rigores

992 774 492 63 de la mas horrenda suerte,

992 822 503 63 el oprobio hasta la muerte,

989 863 426 61 si te llego á conseguir.

1036 909 481 63 Tan ardiente es mi deseo,

990 949 421 69 mi delirio tan profano,

988 998 526 62 que en este mundo no hallo,

989 1042 484 56 ni en el otro más que à tí.

1029 1092 376 54 Esas auras fugitivas

986 1139 517 54 que se mecen murmurando,

995 1175 381 51 y los cálices besando

985 1216 435 66 de las flores del jardin,

1026 1266 465 59 Buscan galas y perfumes

992 1307 493 61 y mil tintas brilladoras.....

969 1361 558 56 y te envuelven, las traidoras,

986 1401 343 56 por robártelas á tí.

1023 1443 462 54 Puede la fresca blancura

981 1493 457 48 de su faz linda y serena.

981 1536 439 47 con la cándida azucena

979 1573 386 69 de la aurora repetir.

1022 1621 510 61 Mas la flor pura y brillante

979 1667 647 63 no es sensible, aunque es hermosa,

985 1709 364 60 y esa tinta dolorosa

979 1756 407 55 te embelleza mas á tí.

1019 1796 565 65 ¿Por qué en tus ojos tan bellos

978 1844 451 61 esas lágrimas se mecen?

978 1890 488 62 ¿por qué, dime, palidecen

978 1934 431 55 tus mejillas de carmin?

1017 1982 527 59 ¿Es tal vez por que llorando

974 2029 478 51 en desconsuelo profundo,

974 2066 514 59 maldices tambien al mundo

971 2116 389 58 que me separa de tí?

1012 2157 565 63 ?Es tal vez por que tu amante,

971 2197 438 65 suspirando dulcemente,

971 2244 586 66 no te imprime un beso ardiente

968 2288 470 74 sobre el labio de carmin?
