1860 2629
405.0 249.0 331.0 99.0 Antes no te cases

414.0 335.0 353.0 74.0 mira lo que haces.

335.0 352.0 691.0 138.0 Y si aun no está V. del todo conven¬

949.0 192.0 141.0 77.0 —4—

901 620 226 59 SONETO.

673 709 708 99 Entre muchos que allá se sentenciaban

640 793 555 63 A muertes y castigos infinitos,

642 856 753 64 Un hombre se encontraba á quien delitos

633 922 632 77 Y crímenes horrendos imputaban.

677 992 634 79 A los jueces en masa horrorizaban

627 1049 647 68 Sus vandálicos hechos y malditos,

633 1117 676 77 Y á escándalos tan fieros é inauditos

633 1174 652 94 Un castigo en su mente rebuscaban.

675 1240 656 100 —Mandémosle á presidio, se decian

627 1325 680 74 Los unos.—Que le den fiero garrote,

633 1384 555 72 Los otros irritados añadian,—

673 1443 708 86 Cuando uno les gritó:—Tan barbarote

631 1505 636 85 No sea el tribunal, ni tan bolonio:

638 1579 689 112 Que se ate ese hombre al matrimonio.

1109.0 243.0 676.0 107.0 cido, allá van unos versos que leí en

1112.0 326.0 666.0 77.0 un docto libro acerca del matrimo¬

1105.0 398.0 92.0 79.0 nio:

971.0 1787.0 84.0 97.0 FIN.

1405.0 2096.0 290.0 88.0 (Es propiedad.)

313.0 2267.0 1411.0 92.0 Se halla de venta en casa Antonio Bosch, calle del Bou de la Plaza Nueva, núm. 3.

318.0 2390.0 1408.0 81.0 Barcelona.—Imprenta de Narciso Ramirez y C.ª, Pasaje de Escudillers, núm. 4.—1866.
