2148 3034
1053 192 192 102 — 13 —

477 325 1328 52 nifiestan tanta fealdad, y son muy buenas y compasivas.

534 338 1275 85 Pedimos licencia para ver al rey, y habiéndola concedido nos

477 384 1328 93 presentamos á él: luego que nos tuvo delante, nos preguntó con

482 441 1325 83 la mayor severidad quiénes éramos y á dónde íbamos por aque-

480 482 1330 91 llas provincias: García Ramirez contestó al tenor de su interro-

480 537 1332 76 gatorio lo mismo que habia dicho en las partes anteriores por

475 574 1337 90 donde pasamos; lo que no quiso creer, mandando tuviésemos la

473 625 1336 93 ciudad por cárcel, con graves penas que nos impuso si las que-

473 680 1332 78 brantábamos. Quince dias nos tuvo detenidos, hasta que satis-

470 724 1335 83 fecho en algun modo de ser cierto lo que se le tenia manifestado

470 771 1330 86 mandó pagásemos veinte escudos de oro de tributo, y que dentro

467 815 1330 95 de veinte y cuatro horas saliésemos de allí para nuestro destino.

537 874 1265 83 Al momento seguimos el camino de la Arabia, y para poder

461 920 1336 81 cruzar los grandes arenales que hay en aquellas regiones remo-

465 962 1330 94 tas, alquilamos cuatro dromedarios, sin los cuales era imposible

461 1014 1332 93 caminar, porque los contínuos aires y fuertes huracanes que se

458 1056 1332 95 levantan, trasportan de un lado á otro en ménos de un cuarto

456 1110 1332 88 de hora los disformes montes de arena que se forman; por ma-

455 1157 1333 93 nera que muchas veces sucede que los que caminan á pié por no

455 1203 1332 94 poderlo hacer de otro modo, se ven expuestos á perecer, porque

453 1255 1330 86 en un momento les cubre la arena sin poderse defender y mueren

450 1297 1335 100 sofocados, de cuyos cuerpos se saca la carne momia por algunos

448 1345 1330 96 naturales que se dedican á ello, aunque con el peligro de perecer.

514 1404 1264 87 Cuatro dias tardamos en pasar aquellos arenales, que á no

443 1437 1337 105 haber tomado la precaucion de llevar los dromedarios, sin duda

440 1491 1337 98 hubiéramos quedado sepultados en las arenas, por los recios

443 1538 1330 100 vientos que corrian en aquellos dias; en fin, con la ayuda de

436 1586 1332 99 Dios, á cuya providencia nos entregamos de todo corazon, supli-

433 1631 1335 105 cándole nos librase del peligro, pudimos salir de lance tan apu-

433 1682 1337 101 rado, y arribamos á la grande y hermosa ciudad capital de la

434 1736 1334 96 Arabia, donde hallamos un buen acogimiento; y pagando un

429 1779 1336 98 corto tributo que se nos exigió, nos marchamos para la de Za-

428 1830 1080 89 gaur, en cuyo campo murió Saul y todo su ejército.

499 1886 1266 87 A nuestra llegada visitamos al gobernador y despues de ha-

426 1918 1335 106 bernos exigido diez piezas de oro por cada uno, nos dejó marchar

423 1977 1338 92 para el monte Sinaí, en el que habia un convento de religiosos

423 2017 1333 105 Franciscos, con cuarenta individuos entre sacerdotes y legos: en

419 2069 1336 96 él fuimos bien recibidos del guardian, por las muestras de cariño

414 2115 1339 108 que manifestó haciéndonos sus huéspedes y teniéndonos en aquel

416 2164 786 86 sagrado recinto sobre unos dos meses.

487 2219 1264 90 En esta tierra no se conoce el ganado vacuno, pero para cul-

411 2258 1342 106 tivar los campos y demás tierras salen los legos del convento por

409 2305 1337 103 aquellos montes y cogen unicornios, búfalos, dromedarios, mar-

406 2361 1332 128 files y daines cuando son cachorrillos; los traen al convento,
