1860 2629
171.0 341.0 1474.0 114.0 RELACION DE UN GANZO DE UN COR-

153.0 431.0 1483.0 112.0 tijo, manifestando el chasco que le sucedió la no-

350.0 523.0 1091.0 107.0 che de S. Juan, en este presente año.

160.0 707.0 605.0 70.0 Dios gracias , aca estamos toos

153.0 755.0 548.0 68.0 carambita que me entrampan,

157.0 793.0 439.0 57.0 ¿es Sivilla esta Zuidad?

157.0 828.0 514.0 70.0 por que segun por la mapa

162.0 880.0 487.0 66.0 de muchachas y mancebos

151.0 924.0 445.0 81.0 no es otra cosa, mal aya

149.0 970.0 289.0 55.0 tal tierra amen

155.0 1012.0 402.0 63.0 y tengo razon sobras

155.0 1058.0 377.0 63.0 para jablar isparates

151.0 1095.0 460.0 61.0 de Sivilla y su comarca.

149.0 1134.0 456.0 73.0 Sobre que estoy escamao

153.0 1187.0 467.0 66.0 por poquito dejo el alma

151.0 1233.0 412.0 57.0 en tan pustifera tierra

151.0 1270.0 469.0 62.0 á manos de mi desgracia:

153.0 1318.0 390.0 62.0 vaya solo un berrion

149.0 1360.0 515.0 77.0 de mi historia bien formas.

155.0 1402.0 402.0 68.0 Yo sali de mi Cortijo,

146.0 1448.0 481.0 65.0 en hora buena ó en mala,

146.0 1491.0 459.0 64.0 noche de S. Juan Batista

146.0 1533.0 496.0 77.0 macuerdo que se llamaba,

146.0 1579.0 448.0 61.0 y bine aparar al puente

153.0 1625.0 428.0 59.0 ere cho alla por Triana.

149.0 1669.0 427.0 55.0 Ojala que en el camino

144.0 1711.0 456.0 59.0 se me quebrara una pata

149.0 1752.0 517.0 83.0 y hubiera guelto al Cortijo

149.0 1796.0 425.0 66.0 entre dos jaldas de paja

151.0 1842.0 493.0 61.0 por no pasar tal virguenza.

149.0 1886.0 397.0 59.0 Apenas puse las patas

149.0 1927.0 397.0 64.0 en las calles de Sivilla

151.0 1973.0 340.0 57.0 repare que siceaba

149.0 2017.0 397.0 59.0 una mosuela, y desde

146.0 2063.0 336.0 55.0 una ventanita alta

144.0 2098.0 404.0 66.0 me jiso señas, mas yo

149.0 2140.0 430.0 66.0 que no me merezco naa

144.0 2188.0 562.0 72.0 me arrime aya ¡que muchacha!

144.0 2230.0 303.0 65.0 ¡que cachigorda!

144.0 2278.0 500.0 66.0 ¡que patas que me enseñaba!

138.0 2324.0 513.0 77.0 y que bueu troncho de pelo

133.0 2374.0 375.0 62.0 que tenia la malvaa;

133.0 2418.0 463.0 66.0 al ver tan grande proigio

133.0 2464.0 397.0 62.0 yo me jise una batata

133.0 2512.0 384.0 73.0 sin saber que le iria,

962.0 718.0 428.0 64.0 con los ojos me jablaba

969.0 758.0 395.0 63.0 y soltando de su boca

965.0 797.0 456.0 72.0 la sal que se le erramaba

969.0 858.0 408.0 57.0 ¿que me traes! me ijo:

971.0 898.0 351.0 63.0 yo naa, le respondi,

962.0 933.0 288.0 61.0 mas si te agraa

962.0 977.0 507.0 72.0 aqui traigo algunos cuartos,

969.0 1027.0 467.0 61.0 y me respondió pues baya

962.0 1073.0 465.0 64.0 si algo traes yo te espero

973.0 1110.0 380.0 62.0 y pelaremos la paba.

965.0 1161.0 434.0 59.0 Sali como un torbellino

965.0 1200.0 454.0 59.0 y compre piñones, pasas,

965.0 1250.0 576.0 57.0 y un panal de aquellos grandes

960.0 1290.0 481.0 61.0 que dan para beber agua.

962.0 1325.0 577.0 77.0 Tambien le compre un muñeco

958.0 1375.0 445.0 62.0 de una manera tan rara

960.0 1419.0 439.0 66.0 que tirandole de un jilo

965.0 1463.0 412.0 55.0 jasia dos mil muanzas.

958.0 1500.0 463.0 68.0 Cuando golvi la encontré

956.0 1551.0 469.0 57.0 risueña como una pascua:

958.0 1586.0 498.0 79.0 me mandó que suba arriba

965.0 1636.0 362.0 66.0 y por una reja falsa

958.0 1671.0 443.0 79.0 me encaramé muy lijero

956.0 1726.0 406.0 68.0 y le hi lo que llevava:

960.0 1768.0 325.0 65.0 ¿pero que jembra?

956.0 1803.0 471.0 78.0 si se me ablandó la panza

956.0 1853.0 373.0 72.0 y toditito mi cuerpo

956.0 1892.0 476.0 79.0 se me hizo una zarandaja,

958.0 1947.0 421.0 66.0 y yo como no soy lerdo

954.0 1982.0 478.0 70.0 cuando vi que se arrimaba

954.0 2028.0 506.0 73.0 por entre los mismos jierros

949.0 2074.0 391.0 64.0 arrempijé con pijanza

949.0 2118.0 391.0 61.0 la cabeza por pegalle

947.0 2166.0 404.0 62.0 tan solo una tarascaa.

949.0 2203.0 369.0 68.0 Ella juyó y yo quee

949.0 2254.0 413.0 66.0 sin poer sacar la gaita;

951.0 2306.0 402.0 55.0 paso entre paso se fué

949.0 2339.0 450.0 64.0 y yo mientras mas tiraba

945.0 2388.0 456.0 56.0 el mismo Demonio amigo

947.0 2434.0 428.0 63.0 parece que me apretaba

938.0 2477.0 428.0 53.0 cual quearia mi cuerpo

929.0 2526.0 503.0 63.0 cuando vi entrar en la sale
