1035 1443
412 7 136 35 — 13—

114 48 753 36 Gircon ó George gefe, de los alanos, tiene un hijo legítimo (Alejo)

85 70 788 45 que á despecho suyo partió de la casa paterna y cuyo paradero hace

89 107 784 43 muchos años que ignora, y vive en compañía de una jóven (Irene) que

87 138 786 41 cuida como á una hija por haberlo sido de un amigo suyo que murió

86 171 785 45 en el campo de batalla y que se la encomendó ántes de morir. George

86 205 790 45 que está en su tienda cerca de la ciudad de Andrinópolis y que no ha

91 236 783 50 podido cerrar el ojo en toda la noche á causa de cierta pesadilla que

87 272 789 44 no le abandona ni un solo momento, vé entrar de pronto á Irene, la

92 312 782 37 cual le participa que los alanos han hecho prisionero á un jóven :

90 343 788 44 " este jóven es vuestro hijo, le dice, á no haberme emgañado mis

95 375 781 45 presentimientos.» George le responde que haga traerle al prisionero.

92 412 782 42 Llega este. Es Alejo, su hijo, Alejo es soldado de los tercios de Rojer

87 442 785 45 de Flor. El preguntarle el padre porqué motivo sirve en las filas ca¬

91 477 788 43 talanas, contesta Alejo, que para vengar la honra de su familia. El

93 511 787 48 padre trata de averiguar que significan aquellas palabras y Alejo le

92 545 787 46 dice que no ignora la causa del dolor de su padre: le dice que bien sabe

92 583 788 39 que su hermana Margarita fué deshonrada por un aventurero y que él

96 613 781 47 ha jurado buscarle sin cesar y donde le hallare dejarle muerto. Dice

99 650 784 42 que para esto salió de su patria y, despues de seis años de peregrinacion

92 683 785 42 inútil, hallándose en Mesina y deseoso de regresar á su pais, para ha-

91 715 791 46 llar pasage, no le quedó otro recurso que alistarse á las órdenes de

92 753 791 39 Berenguer de Roudor George trata de inducirle á que abandone el

93 790 791 39 servicio de los catalanes pero Alejo se niega rotundamente y se queda

93 824 790 39 en la tienda mientras que su padre se vá despechado por la terquedad de

96 852 783 41 su hijo. Alejo que hace seis años que está ausente de su patria, al encon-

95 886 783 41 trarse solo, piensa en la jóven que ántes de partir le juró amor eterno.

122 918 760 48 Un vago presentimiento le dice que ella le ha olvidado, pero luego

96 952 787 43 echa de si tan triste pensamiento para entregarse á mas gratas

95 986 785 46 ilusiones. En esto óyense gritos de a «ayuda» «favor» y Alejo corre

97 1020 786 45 á socorrer al que es víctima de algun mal paso Vuelve á los pocos

99 1059 786 40 momentos llevando en brazos á una dama desmayada y cubierto

101 1088 782 43 con un velo el rostro, que, acompañada de su camarera cruzaba

98 1120 340 44 el campamento de los alanos.

133 1150 753 48 Vuelta en si la dama quiere pagar favor, con moneda, Alejo no

103 1189 782 43 acepta; entonces ella le regala el pañuelo que un momento ántes le

105 1221 779 45 ha dado para detener la sangre de la herida que él ha recibido al de¬

105 1262 783 54 fenderla. Alejo suplica á la dama que se descubra, á lo cual se niega
