1860 2629
269.0 254.0 450.0 68.0 buscando votos sin tiento

269.0 300.0 408.0 63.0 para remontar a V S;

271.0 346.0 387.0 57.0 y ahora por necesidad

269.0 387.0 435.0 64.0 de nuestra casa y familia

267.0 431.0 426.0 66.0 necesitamos media onza

269.0 486.0 380.0 52.0 como V. nos ofrecía;

267.0 521.0 474.0 63.0 —ni les conozco para nada

267.0 567.0 441.0 63.0 ni les he visto en mi vida.

271.0 611.0 520.0 63.0 —aquesta si que que está buena

265.0 650.0 434.0 66.0 has visto tu qué partida!

271.0 696.0 509.0 66.0 Pedro y Juan mui afrentados

274.0 751.0 370.0 57.0 estas palabras decian

269.0 782.0 457.0 72.0 mira que nos ha amolado

267.0 832.0 327.0 61.0 el tio de la levíta:

274.0 876.0 410.0 61.0 si eso ya me lo pensaba

269.0 922.0 439.0 66.0 que con esta nos saldria

267.0 966.0 439.0 63.0 no son esas las palabras

280.0 1014.0 443.0 52.0 que antes de votar decía

263.0 1055.0 531.0 60.0 que el que toca á Pedro y Juan

263.0 1101.0 476.0 62.0 mas que á todos les quería.

267.0 1143.0 485.0 66.0 —nada, nada fuera de casa

258.0 1189.0 439.0 70.0 no quiero gente de briba

1083.0 254.0 397.0 72.0 sino llamo á los civiles

1085.0 302.0 520.0 63.0 que en mi casa hay vandolina.

1085.0 352.0 266.0 57.0 Que te parece

1087.0 400.0 437.0 51.0 aquesta si que es partida

1087.0 438.0 509.0 61.0 si ahora fuesen las elecciones

1087.0 492.0 437.0 46.0 no hubiera ganado V. S.

1090.0 532.0 445.0 57.0 pero en volviendo á votar

1085.0 573.0 443.0 60.0 me paso á la otra partida

1087.0 615.0 450.0 68.0 dijo Pedro mui quemado

1092.0 659.0 392.0 59.0 Vs. son gente de briba

1090.0 716.0 438.0 52.0 que antes ofrecen mucho

1092.0 751.0 456.0 61.0 y despues falsa tranquilla,

1096.0 795.0 406.0 63.0 y por eso desengañarse

1090.0 847.0 414.0 51.0 de opiniones y partidos

1087.0 878.0 507.0 61.0 el que es menester hermanos

1090.0 928.0 438.0 66.0 vivir tranquilos y amigos

1083.0 972.0 393.0 62.0 respeto á la Antoridad

1090.0 1023.0 377.0 57.0 y al Soberano divino,

1087.0 1055.0 413.0 68.0 si en algo he agraviado

1079.0 1101.0 425.0 60.0 á todos perdon les pido

1081.0 1141.0 520.0 99.0 que el ejempiar se ha acabado.

752.0 1167.0 649.0 119.0 Es propiedad del ciego Pascual Sogues.

881 1555 136 153 FIN.

473.0 2232.0 935.0 127.0 Logroño; Imprenta de Brieva.
