1860 2629
249 197 586 54 Que es quien huyó de la torre

206 242 461 67 dice al fin á Margarita

206 297 482 65 y ella entonces temorosa

206 359 479 51 le otorga al fin una cita.

248 403 428 70 Dícele que quiere ser

204 465 469 59 primer ministro, ó si no

206 515 447 63 verá Gualtero el papel

203 565 460 70 que Felipe al morir dió

248 617 481 62 Buridan insta, amenaza,

207 671 450 69 y Margarita al fin cede

210 733 469 60 y cuanto el capitán pide

200 784 463 54 despechada le concede.

246 831 522 61 Mas quitándole á Gualtero

197 883 426 67 con maña la delación

197 946 403 60 al ministro Buridan

198 993 474 71 encierra en una prisión.

241 1045 526 70 Para gozarse en su triunfo

200 1105 521 64 va la infame reina á verle,

198 1162 528 61 mas de pavor se estremece

195 1213 507 63 cuando llega á conocerle.

239 1261 558 63 La dice que es Bournonville,

195 1313 534 71 que para el rey ya entregó

197 1377 543 61 la carta que con ella un día

194 1426 415 63 de Borgoña lo alejó.

241 1470 561 72 Temblando entonces le libra,

192 1536 529 63 ministro le vuelve á hacer;

195 1590 509 63 no por amor, sí por miedo

192 1648 466 59 se doblega á su querer.

235 1698 440 53 Para la torre de Nesle

194 1748 451 57 Buridan pide una cita,

191 1803 476 63 Gualtero por allí mismo

191 1859 447 63 otra pide á Margarita.

236 1906 517 67 Ella accede y prometiendo

191 1965 434 63 la primera á Buridan,

188 2017 419 65 concibe para librarse

191 2073 447 95 otro crimen, otro plan.

997 188 529 60 A un cómplice suyo manda

954 240 512 72 que esté pronto preparado

957 300 545 60 y que al primero que llegue

954 357 454 51 sea al punto asesinado.

995 401 526 66 Mas Buridan que con tropa

954 462 419 60 en el lugar de la cita

952 514 415 55 intentaba sorprender

951 559 469 73 á Gualtero y Margarita.

992 622 453 60 A Gualtero da la llave,

951 667 536 72 éste va, y mientras entraba

948 722 495 72 cae al golpe de un puñal

949 777 545 68 que á otro destinado estaba.

989 835 485 57 Sabe Buridan por suerte

948 882 533 73 que eran Felipe y Gualtero

948 947 558 62 los dos hijos que en Borgoña

949 996 474 61 Margarita y él tuvieron.

987 1047 412 64 Se desespera, recela,

948 1104 400 67 y desalentado corre,

948 1153 564 70 y halla ya muerto á Gualtero

946 1206 506 66 cuando llega él á la torre.

989 1260 518 63 Mas el rey sabe entretanto

943 1315 560 68 cuanto en la torre ha pasado

945 1375 459 66 y envía á la torre tropa

943 1419 531 70 que les prenda de contado.

984 1475 665 77 Se prueba que ella y su cómplice

942 1536 473 57 al viejo duque mataron,

942 1587 486 66 que Margarita y Leoncio

940 1637 553 66 entrambos el plan tramaron.

980 1692 600 70 Se prueban todos sus crímenes

946 1745 437 74 y por castigo ejemplar

942 1809 444 57 á Leoncio y Margarita

942 1860 485 54 vivos les manda quemar.

981 1906 559 67 Esta es la horrible sentencia

938 1960 565 67 que de ellos escrito hallamos

940 2019 450 60 y de este justo castigo,

939 2068 497 105 á costa suya aprendamos.

822 2196 181 85 FIN

616 2335 596 79 Imps. Hospital, 19, «El Abanico»
