1753 2480
314 208 1149 166 La canción del Soldado

187 458 521 77 Soldado soy de España

139 515 460 65 y estoy en el cuartel,

132 570 466 66 contento y orgulloso

130 621 520 73 de haber entrado en él.

130 675 417 69 Es honra singular

132 731 551 70 vestir el uniforme militar.

179 786 453 69 Al toque de silencio

126 839 534 74 que suena en el cuartel

124 890 478 75 la madre del soldado,

122 947 444 68 rezando està por el.

124 1000 407 66 Al toque de diana

119 1048 386 80 alegre y español.

169 1106 491 76 Despierta compañero,

119 1157 452 74 que va a salir el sol,

117 1212 475 77 madre de mi corazón

115 1268 492 73 no te de pesar por mi,

114 1321 610 78 que sirviendo a mi bandera

111 1377 473 68 es como te sirvo a tí.

163 1430 393 71 Al jurarla la besé

111 1479 562 75 y fué el beso una oraciòn

107 1534 517 75 madre mía, madre mía

106 1578 656 94 el que te daría con el corazòn

104 1638 483 82 un beso qne al hogar

103 1691 610 83 envia la bandera al ondear.

157 1747 394 71 Al jurarla la besé

101 1796 567 84 y fué el beso una oración

97 1854 525 81 madre mía, madre mía,

103 1906 650 84 el que te daria con el corazón

96 1959 537 82 El recuerdo de mi tierra

95 2015 620 87 en la paz como en la guerra

95 2068 277 75 conmigo va,

89 2120 498 123 alerta está, alerta está.

1048 475 524 73 Madre mía, patria mía,

996 530 598 76 cuando salgo a la campaña,

992 585 573 76 tu recuerdo me acompaña

992 636 532 73 entre el ruido del cañón

993 690 514 74 y gritando Viva España

993 749 597 79 se me ensancha el corazón.

1174 851 273 67 HABLADO

1109 907 394 73 (La voz del Jefe:)

1037 953 600 80 Soldados: La patria entera

986 1018 649 73 para vosotros sagrada palpiia

985 1066 649 76 en esa bandera que os entrega

981 1120 654 71 la nación, traidor es quien la

979 1171 652 77 abandona o la vuelve man-

978 1226 653 82 cillada, y la patria no perdona

977 1278 523 83 el crimen de la traición.

1185 1341 222 72 MUSICA

981 1397 517 73 Y gritando viva España

977 1453 600 68 se me ensancha el corazón.

1023 1505 458 71 En el valor al pelear

972 1555 527 77 está el honor del militar

971 1610 521 72 el recuerdo de mi tierra

967 1667 619 74 en la paz como en la guerra

964 1718 276 66 conmigo va,

964 1770 495 69 alerta está, alerta está.

1021 1826 521 72 Madre mía, patria mía,

960 1877 602 76 cuando salgo a la campaña

960 1939 576 71 tu recuerdo me acompaña

957 2004 545 76 entre el ruido del cañón,

957 2076 556 78 y gritando: Viva España

956 2146 598 112 se me ensancha el corazón.
