1860 2629
203.0 212.0 426.0 88.0 mi alma vive contigo;

201.0 282.0 507.0 59.0 siquiera sea un momento,

203.0 324.0 531.0 55.0 piensa tú una vez conmigo

197.0 359.0 544.0 68.0 por dar calma é mi ton mento

241.0 398.0 517.0 68.0 No tiene la llor su aroma,

203.0 435.0 485.0 66.0 ni los campos su verdor,

201.0 479.0 575.0 68.0 ni el sol su brillo cual antes,

206.0 523.0 526.0 59.0 de la susencia de mi amor,

243.0 558.0 502.0 70.0 Cuando mi cabeza osoma

203.0 602.0 435.0 59.0 por la veija del jardín

203.0 646.0 441.0 55.0 una flor mi mano toca,

206.0 679.0 513.0 63.0 voy a olerla y digo al fin:

201.0 720.0 472.0 64.0 no tiene la for su aroma.

243.0 768.0 500.0 57.0 Salgo al campo con ardor

203.0 799.0 476.0 68.0 y de pradera en prudera

199.0 845.0 421.0 57.0 recorro todo el redor,

203.0 880.0 448.0 62.0 esclamando lastimera:

201.0 926.0 448.0 55.0 ni los campos su verdor.

241.0 955.0 474.0 65.0 ¡Ojos de tieles amantes!

203.0 1001.0 531.0 59.0 ¿quién así os ciega? ¿quién?

208.0 1045.0 548.0 63.0 vuestros amores constantes:

208.0 1084.0 430.0 59.0 los míos ahora no ven

206.0 1123.0 537.0 64.0 ni el sol su brillo cual antes.

245.0 1169.0 498.0 57.0 Cubre mi frente el sudor,

208.0 1200.0 533.0 66.0 porque ya quiere asaltarme

210.0 1253.0 419.0 52.0 un recuerdo de dolor

206.0 1266.0 607.0 81.0 ¿Cuándo no hebré de quejarme

206.0 1332.0 509.0 54.0 de la ausencia de mi amor?

247.0 1373.0 498.0 57.0 Está el rey en su palacio,

210.0 1408.0 476.0 59.0 mi amante de centinela,

210.0 1452.0 496.0 61.0 mis ojos soñando amores

210.0 1496.0 423.0 57.0 y mi corazón en vela.

252.0 1535.0 506.0 51.0 Del lugar que aman tanto

208.0 1566.0 572.0 61.0 te lleva el rey á otro espacio;

206.0 1612.0 541.0 53.0 no le importa tu quebranto.

206.0 1647.0 612.0 66.0 pues mientras tú viertas llanto

206.0 1691.0 493.0 66.0 esta el rey en su palacio.

250.0 1737.0 502.0 50.0 Si mi amor oreoiendo vá,

210.0 1770.0 568.0 61.0 la uusencia me desconsuela;

212.0 1814.0 467.0 59.0 no concilio el sueño ya,

212.0 1857.0 590.0 59.0 porque mientras duermo, está

212.0 1899.0 443.0 55.0 mi amante de centinela.

256.0 1934.0 511.0 59.0 Tus noches sufriendo van

210.0 1971.0 448.0 64.0 de los frios los rigores;

212.0 2022.0 424.0 54.0 díle, pues, el capitán

212.0 2059.0 564.0 63.0 que hoy aquí de noche están

210.0 2096.0 469.0 59.0 mas ojos soñando amnores.

252.0 2136.0 414.0 59.0 Con ardiente frenesí,

212.0 2175.0 531.0 64.0 cuando estés de centinela;

212.0 2221.0 531.0 79.0 pon tu pensamiento en mí,

394.0 2256.0 1090.0 92.0 Se halla de venta en la Papéleria del Sucesor de Antonio Bosch,

616.0 2313.0 669.0 114.0 Bou de la Plaza Nueva. 13. Barcelona

1226.0 2324.0 392.0 140.0 Tip. Española, Hospital, 87.

949.0 197.0 540.0 100.0 que estarán mi amor por ú

951.0 286.0 395.0 60.0 y mi corazón en vela.

945.0 363.0 498.0 68.0 que te amo, mucho más;

989.0 317.0 524.0 75.0 Que te espero, ya lo sabes,

951.0 405.0 389.0 61.0 el día que yo te vea

951.0 444.0 336.0 55.0 será mi felicidad.

949.0 536.0 430.0 44.0 de que pronto te veré,

989.0 479.0 452.0 66.0 Por ahora no te alabes

951.0 558.0 617.0 81.0 pues paro el tiempo que acabes

956.0 609.0 375.0 52.0 tan solo decirte sé,

949.0 646.0 476.0 63.0 que te espero ya lo sabes.

954.0 720.0 434.0 57.0 cuando caiste soldado

991.0 679.0 471.0 65.0 Que son las cosas verás,

951.0 760.0 443.0 57.0 te amaba yu lo sabras,

954.0 801.0 587.0 66.0 y ahora no sé que me ha dado

945.0 843.0 434.0 64.0 que te amo mucho más.

951.0 924.0 441.0 61.0 no sé si será bromazo,

991.0 876.0 518.0 72.0 Tengo en mi fija una idea,

954.0 966.0 381.0 54.0 pero sea lo que sea,

951.0 1005.0 492.0 59.0 tengo de darte un abrezo

951.0 1045.0 380.0 54.0 el diz que yo te vea.

995.0 1075.0 485.0 68.0 Primero fuiste mi amigo,

954.0 1117.0 598.0 83.0 despues mi amante en verdad;

956.0 1169.0 397.0 57.0 y ahora solo te digo:

951.0 1200.0 479.0 68.0 cuando me case contigo

947.0 1244.0 344.0 63.0 será mi felicidaa.

993.0 1281.0 388.0 61.0 Soy leal en el amor

954.0 1323.0 508.0 61.0 como franca en el querer,

954.0 1369.0 548.0 59.0 ¡ay! que el arroz se me pega

958.0 1413.0 520.0 57.0 y aun tenemos que comer.

993.0 1445.0 448.0 66.0 Por mí no pases dolor,

954.0 1487.0 399.0 57.0 nl desconfies de mí;

958.0 1533.0 432.0 57.0 tú no me seas traidor,

954.0 1570.0 484.0 59.0 que yo he de probarte si

954.0 1614.0 379.0 59.0 soy leal en el amor.

995.0 1654.0 437.0 52.0 Si amas alguna mujer

960.0 1689.0 494.0 59.0 no me mientes otra cosa:

958.0 1726.0 526.0 66.0 yo siempre igual he de ser,

960.0 1776.0 546.0 55.0 aunque no soy tan hermosa

962.0 1809.0 468.0 61.0 como franca en el querer.

997.0 1851.0 452.0 57.0 El amor fino se entrega

960.0 1888.0 367.0 64.0 á un solo corazón;

960.0 1932.0 443.0 61.0 esto ninguno lo niega,

962.0 1973.0 435.0 55.0 voy á darte la razón...

956.0 2008.0 531.0 64.0 ¡ay! que el arroz se me pega.

1000.0 2050.0 522.0 68.0 Adios, mi bien, mi querer,

962.0 2085.0 500.0 75.0 no te puedo escribir más;

960.0 2133.0 445.0 64.0 prooura pronto volver.

965.0 2179.0 416.0 51.0 Esta tarde viene Blas

958.0 2208.0 483.0 74.0 y aun tenemos que comer.
