930 1481
327 26 329 40 de San Lorenzo Martyr.

790 28 37 40 23

113 60 757 43 viendo encontrado à toda su familia proclamando

111 102 762 50 la Fè de Jesu-Christo, à Concordia, muger de San

113 146 759 50 Hypolito, que esforzaba á sus hijos, y à todos los

113 192 761 48 demás, la mandò azotar con plomadas, y despues

113 234 763 45 los sacò á todos fuera de la Ciudad à darles muer-

114 276 763 52 te : mas á San Hypolito, atandole por pies, y por

113 321 765 50 brazos á quatro furiosos cavallos, le despedazò:

115 366 761 52 con que todos marcharon à la Gloria à verse, y

116 405 768 54 gozár de la compañia de su Dios, y de su santo

118 449 677 53 Maestro y Apostol San Lorenzo.

117 491 769 52 Los perversos y malvados Emperadores obtu-

116 534 770 54 vieron luego su merecido castigo : porque Valeria-

117 577 771 52 no haviendo hecho guerra á los Persas, saliò tan

120 622 767 53 mal de ella, que fue aprisionado por ellos: permi-

120 663 768 54 tiendolo Dios fuesse preso, y tratado cruel y bar-

123 707 768 54 baramente por Sapòr fu Rey, que lo tuvo cautivo

122 754 769 47 muchisimo tiempo, sin que su hijo Galerio tratase

125 796 766 48 de rescatarlo. Todas las veces que el Rey Sapòr

126 838 767 48 havia de subir á cavallo, mandava sacar al Empera-

127 883 764 47 dor Valeriano bien aprisionado, y haciendole poner

129 928 764 46 en quatro pies, se servia de èl como de escalon pa-

130 969 759 46 ra montar à cavallo. Hizo con èl mil ignominias,

131 1012 763 49 mandò que le sacasen los ojos, y por ultimo le de-

134 1053 762 50 sollò vivo, y acabò con èl : justo castigo por las

133 1098 762 46 crueldades que havia ejecutado con los Christianos.

134 1137 764 52 El hijo Galerio padeciò tambien mucho, persi-

137 1183 763 50 guiendole los Persas, Godos, y Alemanes, y alzan-

136 1228 765 45 dosele treinta Capitanes Romanos por Emperado-

139 1271 761 48 res; y en las contiendas de estos sublevados vino a

139 1314 757 53 morir desastradamente: con que pagò aqui sus enor-

813 1360 60 37 mes
