1860 2629
688.0 254.0 527.0 162.0 EL VOLCAN

212.0 486.0 656.0 87.0 Cual volcan que mil llamas arroja

173.0 547.0 544.0 64.0 y despide centellas al viento

171.0 600.0 633.0 55.0 fuego igual consumirse yo siento

171.0 639.0 511.0 62.0 asi vive mi pecho al amor.

212.0 681.0 621.0 70.0 A la par que me mata esa llama

173.0 729.0 537.0 68.0 y la voz á la vida atropella,

171.0 784.0 504.0 57.0 no podria vivir yo sin ella

173.0 821.0 546.0 68.0 cual sin sol no puede la flor

217.0 896.0 579.0 78.0 El hechizo eres tú de mi ojos

168.0 948.0 632.0 72.0 el camino de tus lábios mi cielo,

171.0 1001.0 581.0 61.0 al mirarte solo hallo consuelo

171.0 1049.0 664.0 57.0 porque creo á mi Dios contemplar.

217.0 1084.0 614.0 66.0 En tí cifro mi dicha y mi gloria

168.0 1128.0 588.0 68.0 desde que yo vi tu hermosura,

168.0 1180.0 549.0 55.0 te consagré toda mi ternura

173.0 1220.0 614.0 87.0 y en mi pecho te hice un altar.

217.0 1294.0 625.0 79.0 Puede el sol retirar sus destellos,

166.0 1360.0 649.0 74.0 navegar por los vientos las naves,

168.0 1402.0 586.0 61.0 y azurrear por mares las aves,

171.0 1450.0 576.0 61.0 mas dejar de amarte, eso no.

212.0 1489.0 707.0 84.0 Que el amor que mi pecho consume

166.0 1529.0 612.0 70.0 el acero que mi alma traspasa,

166.0 1583.0 647.0 60.0 es un fuego voraz que me abrasa

160.0 1632.0 655.0 87.0 que tu dulce mirar me encendió.

208.0 1704.0 625.0 79.0 Son tus ojos mi guia y antorcha,

162.0 1759.0 680.0 61.0 que me alumbra cual estrella al fin;

162.0 1805.0 583.0 59.0 donde paso las horas mirando

164.0 1853.0 643.0 57.0 sí, tus lábios de hermoso carmin.

208.0 1897.0 610.0 63.0 Sola á tí, sola á tí, solo entrego

160.0 1945.0 530.0 59.0 si mi pecho, ábrelo y verás

162.0 1987.0 555.0 65.0 como late, te gime y te llora

164.0 2037.0 537.0 81.0 y te adora hermosa beldad.

984.0 499.0 599.0 81.0 Loco busco por prados y selvas

945.0 558.0 507.0 55.0 una rosa rociada en abril

945.0 593.0 700.0 75.0 porque escrita la tengo en mi pecho

945.0 644.0 566.0 68.0 y por ella desprecio cien mil.

993.0 690.0 610.0 63.0 ¡ Ob ! que dia serás mi consorte

947.0 736.0 632.0 61.0 y en tus manos mis lábios posar,

949.0 788.0 630.0 55.0 y en mis brazos darte de abrazos

949.0 828.0 606.0 61.0 y estrecharte peca amarte mas.

991.0 902.0 588.0 70.0 Eres niña la estrella del Norte

949.0 966.0 546.0 52.0 y tú sola me das resplandor;

947.0 1005.0 599.0 55.0 cual gilguero te canto amoroso

949.0 1058.0 581.0 48.0 mi constancia, cariño y amor.

991 1091 581 61 Ven aurora la llave del sueno,

940 1145 632 55 con los rayos de tu hermoso sol,

943.0 1185.0 713.0 59.0 y despierta aquella alma que duerme

943.0 1229.0 548.0 70.0 que palpita de gozo y amor.

984.0 1301.0 614.0 72.0 Son las horas instantes llegados

938.0 1360.0 610.0 57.0 que en mi pecho fallece la voz,

945.0 1410.0 553.0 55.0 un suspiro solo para decirte

934.0 1454.0 557.0 59.0 ángel mio quédate con Dios.

949.0 1491.0 599.0 68.0 Solo al verte quedo satisfecho

938.0 1548.0 555.0 53.0 y de tí no me puedo apartar,

938.0 1583.0 612.0 57.0 te profeso el amor que te tengo

936.0 1632.0 555.0 74.0 de adorarte, olvidarte jamás.

987.0 1706.0 565.0 75.0 Cual humilde cordero te pide

938.0 1765.0 549.0 59.0 le perdones hermosa deidad,

938.0 1807.0 612.0 63.0 y de tus lábios sienta la palabra

938.0 1860.0 614.0 54.0 bondadosa en un todo en amar.

980.0 1895.0 625.0 67.0 Adios perla, diamante envidiado

936.0 1945.0 586.0 63.0 adios Vénus la que supo amar

940.0 1998.0 533.0 50.0 adios ángel bajado del cielo

938.0 2033.0 535.0 72.0 cual te adoro cada dia mas.

886.0 2122.0 94.0 71.0 FIN.

313.0 2214.0 1233.0 136.0 Beu: Establecimiento de Juan Bautista Vidal, Arrabal alto de Jesús, núm. 5.
