919 1341
52 149 607 35 RESUMEN DE LA HISTORIA.

3 210 710 37 RESOLUCION ALTIVA DE NAVUCODONOSOR

2 245 711 33 para sojuzgar el mundo. Arrogancia de Holofernes, y

4 273 707 37 grandeza, de su Ejercito. Aflicciones del Pueblo de Dios

1 303 711 37 al venir Helofernes contra él. Heroycas prevenciones del

4 333 708 37 Sumo Socerdote. Informase Holofernes del poder de los

5 363 708 36 Judios. Informa Achior, principe de los Amonitas, y ca-

2 391 711 38 so estraño que le acontece. Empiezan á combatir á Bethu-

0 422 713 37 lia, y determinan entregarse dentro de cinco dias. Exce-

1 452 707 37 lencias de Judith. Oponese á la entrega de la Ciudad, y

2 482 710 34 se ofrece á salvarla. Prevenciones que hace Judith para

3 511 710 38 defender á Bethulia. Sale á verse con Holofernes. Recibela

2 540 709 38 Holofernes cariñoso, y lo acontecido entonces. Razona-

1 570 710 36 miento de Judith á Holofernes. Pagase mucho Holofer-

2 600 710 39 ses de Judit, y trato que la bace dar. Dispone Holo-

2 630 710 39 fernes un Festin en honra de Judith. Lo que en él acon-

0 660 711 35 teció, y como se embriaga Holofernes. Acuesta el Cama-

1 690 710 34 rero á Holofernes, y dejale solo cos Judith. Deguella

4 718 704 41 Judith á Holofernes, y cogiendo su cabeza, marcha pa-

0 749 711 39 ra Bethulia. Salenla á recibir con sumo alboroto, y ale-

0 779 711 37 gria. Razonamiento de Judith al Pueblo, mostrandole

0 808 709 38 la cabeza de Holofernes. Aclamaciones, y bendiciones á

4 837 708 39 Judith, y regocijos del Pueblo. Conversion de Achior á

0 868 710 36 la verdadera Ley. Dispone Judith que presenten la Ba-

0 896 706 37 talla los de Bethulia. Descubrese el fracaso de Holofernes,

4 926 705 39 y atemorizados los Asyrios son vencidos. Viene el Pontifice

5 956 703 39 y Sacerdores de Jerusalén, á visitar, y llenar de ben-

0 987 710 35 diciones á Judith. Sale esta humildemente á recibirle. Dis-

0 1015 708 37 tribucion de los ricos despojos de los enemigos. Dá Judith

0 1047 708 38 los que la pertenecen al Templo de Jerusalen. Progresos de la

2 1076 694 48 vida de Judith hasta su santa muerte. Sus plausibles honras.

373 1168 55 47 A 2
