1100 1566
532 54 91 40 — 6—

193 90 757 46 co de piedra que habia junto á la puerta del huerto, allí

193 129 758 43 estaba la urraca para darle un picotazo en la punta de la

194 162 576 46 nariz ó para tirarle de su encrespado cabello.

202 199 748 44 Pero tenia que contentarse con maldecirla de dientes

192 237 759 44 adentro y aplazar su venganza para mejor ocasion; pues ya

194 270 710 44 hemos dicho que el pájaro era muy querido de Juliana.

238 305 714 43 La tarde en que da principio nuestro relato, era una de

194 341 758 42 las más apacibles y serenas del mes de Mayo. El cielo esta-

195 378 756 44 ba azul y despejado, y solo tres ó cuatro nubecillas de

194 413 755 41 ópalo y grana se agrupaban en el Poniente como si qui-

194 448 758 44 sieran servir de túnica al último rayo del sol que iba apa-

192 482 760 42 gando sus fulgores. Una brisa templada y suave, cargada

193 518 758 40 con el ardiente olor del romero y la mejorana, subia de en-

196 551 754 44 tre los tomillares del bosque, columpiando entre sus tallos

194 588 757 41 las anaranjadas campanillas, los linos azules y botones de

196 625 754 39 oro de las retamas, y entre la más elevada copa de un tilo

194 657 754 45 entonaba un ruiseñor su último canto al dia que espiraba.

241 694 709 42 Todos en casa de Gervasio hacian coro á esta solemnidad

194 726 649 42 de la naturaleza; todos estaban contentos á porfia.

240 761 705 46 Y era natural: Miguel, el hijo del anciano labrador,

192 798 753 44 despues de haber servido ocho años en el ejército del rey,

195 835 753 42 volvia aquella misma tarde á su hogar, con su licencia

194 870 755 43 absoluta y tres condecoraciones. Regresaba hecho un ve-

194 906 104 37 terano.

238 934 710 44 Juliana, como buena madre, estaba deseando darle un

194 976 756 40 estrecho abrazo y besar su atezado bigote ennegrecido por

196 1008 395 47 la pólvora. Lloraba de alegría.

236 1043 712 44 Ana se ruborizaba al pensar en que iba á ver á su ado-

196 1079 753 38 rado amante, con sus veinticinco abriles y su brillante

195 1114 752 43 uniforme; Blas tambien se extremecía de placer al esperar,

195 1149 752 39 aunque era su rival, á aquel compañero de su niñez, al buen

194 1182 755 46 Miguel que tanto le queria, y su regocijo subia de punto

194 1217 755 42 al considerar que con su vuelta habria aquella noche baile

197 1253 306 48 y jolgorio en la granja.

240 1284 710 47 Tambien el buen Gervasio anhelaba el momento de

194 1323 756 48 abrazar á su hijo, solo que á su alegría se mezclaba una

195 1359 537 53 idea que, al parecer, le atormentaba algo.
