1860 2629
939 127 161 71 — 4 —

338 219 537 39 No halla disculpa, ni halla

340 242 533 66 con qué aclarar del villano

338 289 474 61 la traicion, ni tampoco

340 341 511 70 por dónde salir del cargo;

338 387 453 70 satisfacer con razones

337 435 535 68 diciendo lo que ha pasado,

337 483 558 67 no lo prueba, que es indicio

338 540 529 61 de que él lo ha fomentado,

338 587 491 61 y por disculpar su error,

338 641 462 52 quiere culpar al criado;

338 682 557 62 y así, no hallando remedio,

336 730 488 60 todo lo remite al llanto.

334 778 535 63 Dijo su esposo: á esta fiera

334 826 557 63 la habeis de sacar al campo,

334 876 506 61 y de las mas altas peñas,

330 920 437 65 cual precipitado rayo

327 971 548 63 arrojadla, y luego al punto

328 1019 510 60 abriendo el pecho tirano,

330 1070 438 61 sacaréisla el corazon,

328 1118 485 59 con un dedo de la mano

327 1168 584 64 me lo traereis, porque quede

327 1212 527 68 satisfecho de este agravio.

334 1260 519 69 Vos, mayordomo, no ireis

327 1308 513 75 á ejecutar lo que mando,

334 1361 642 65 porque aunque os apreciais de fino

1018 1365 481 66 donde cristianar al niño,

325 1412 461 54 estais muy apasionado;

325 1459 458 55 (parece que el corazon

325 1505 512 65 la traicion está dictando.)

324 1555 489 66 Dos criados la cogieron,

327 1603 469 63 y retirándola al campo,

324 1651 513 65 entre peñas y entre riscos

322 1697 605 60 con gran dolor la han entrado.

327 1742 578 74 Van los dos muy convencidos

319 1795 538 70 de que es testimonio falso,

321 1843 479 63 y la inocencia del alma

319 1892 497 69 procuran dejar en salvo.

318 1942 484 64 Dijo el uno: yo, señora,

321 1990 636 73 y el que me está acompañando,

317 2041 434 63 somos leales y finos,

317 2090 566 55 no homicidas ni inhumanos:

315 2138 485 61 quedaos aquí, y el Cielo

317 2184 530 65 que todo lo está mirando,

318 2239 503 59 volverá por vuesta causa;

317 2284 461 83 y se despiden llorando.

1031 204 414 60 Dijo la señora: hijos,

1033 259 407 52 ejecutad el mandato

1033 306 587 59 de mi esposo, que no es justo

1033 349 625 67 que os suceda algun quebranto

1033 403 488 57 Se fueron á un hospital,

1030 451 553 61 donde una difunta hallando,

1030 493 390 57 le sacan el cozazon

1028 546 506 57 para cumplir con su amo,

1028 590 522 67 llevando tambien un dedo,

1028 638 453 63 salieron de su cuidado.

1028 689 443 54 Quedó la triste señora

1027 737 517 63 sola, afligida en el campo,

1025 787 506 57 preñada de nueve meses,

1034 835 447 54 y con dolores de parto.

1025 883 496 60 Entre confusas angustias

1028 936 446 58 y rigor tan inhumano,

1025 978 498 66 parió dos infantes tiernos,

1022 1028 570 61 que al sol quitaban los rayos.

1022 1074 427 65 Pasó por allí una osa,

1025 1130 463 60 y un niño se ha llevado

1021 1184 459 51 á su cueva, pero el otro

1019 1221 570 59 lo tomó su madre en brazos.

1024 1270 523 67 Todo mortal, y sin fuerzas,

1016 1320 506 63 iba buscando en el campo

1018 1426 530 52 no muera sin ser cristiano.

1022 1463 421 66 Vió bajar á un pastor

1015 1514 513 61 desde una altura al llano,

1015 1570 576 54 que al refresco de una fuente

1018 1610 470 65 viene el tal encaminado,

1012 1657 596 59 que el Cielo en tales conflictos

1014 1711 498 59 a nadie ha desamparado.

1014 1757 547 61 Llegó el pastor, pero viendo

1011 1811 441 52 suceso tan impensado

1009 1859 474 51 como la dama le cuenta

1009 1901 500 56 quedó admirado del caso.

1014 1949 483 57 Y en la cristalina fuente,

1003 1999 596 56 tomando el niño en los brazos,

1009 2047 523 59 y de la fuente el cristal,

1005 2103 554 52 con una concha en su mano

1006 2144 529 58 dijo: en el nombre de Dios

1006 2189 570 70 Padre, Hijo y Espíritu Santo,

1006 2244 403 59 te bautizo, Valentin,

1005 2288 640 81 que es el nombre que le ha dado,
