1860 2629
1125 197 237 89 (Num. 67.)

581 955 533 92 NUEVA RELACION

355 1025 989 155 DEL QUE METIÓ LA CABEZA.

232 1264 491 76 Con el motivo, señores,

188 1320 511 66 de haberse proporcionado

188 1367 504 68 ocasion en que yo puedo

188 1419 380 59 a tan ilustre teatro

191 1464 491 66 servir con mi habilidad,

184 1491 651 92 si es que alguna me ha quedado,

189 1562 494 63 pues con la continuacion

191 1608 562 70 de andar en tanto fandango,

189 1654 426 67 la habilidad y salud

194 1707 533 64 va una y otra cuesta abajo,

200 1764 523 57 y es para mí cuesta arriba

192 1805 493 55 al ponerme á ejecutarlo,

192 1854 526 66 porque con la experiencia

192 1903 443 62 ya lo tengo observado

192 1954 462 57 en otros varios amigos

191 1998 630 68 que en versos se han ocupado,

191 2047 507 60 cuyos nombres no refiere,

192 2095 646 71 porque temo que al nombrarlos

192 2142 450 64 lo que mi voz acredite

191 2192 415 60 será desacreditarlos:

189 2237 516 67 solamente he conseguido

192 2288 532 69 por servir á tantos, tantos,

192 2341 601 70 tras de muchas malas noches,

869 1260 555 66 tras de muchos malos ratos,

875 1310 505 58 tras de perder el bolsillo,

875 1359 505 59 el pañuelo y los zapatos,

875 1400 572 75 linterna, espada y sombrero,

879 1454 589 64 y andar de noche á milagros,

872 1505 555 70 á él, hágame usted el favor,

873 1549 555 78 á él, beso á usted la mano;

879 1605 390 62 y ser preciso gastar

876 1644 507 73 el dinero en convidarlos.

876 1700 472 61 Por todas estas razones

873 1733 650 81 lo que un hombre ha adelantado

875 1793 562 73 es que la envidia de muchos

876 1844 484 73 que son unos pelagatos,

881 1901 406 61 y no valen sus orejas

876 1945 509 60 para limpiarme el zapato,

879 1995 528 60 venga ó no venga ocasion,

878 2038 457 65 sean ó no preguntados,

870 2084 563 70 dicen: ¿quién, Fulano? ¡ah!

873 2135 579 64 ese es un hombre ordinario:

882 2180 570 64 ¿y por qué? porque no ha ide

879 2230 568 68 à servirles siempre y cuando

876 2282 485 54 á ellos se les ha ofrecido

873 2328 509 92 el armar algun fandango:
