1842 2600
251 228 579 78 y al firal, qui mes qui menos

249 280 464 66 tothom desitja comprá.

291 320 538 72 Un escombriaire mol curro,

245 368 579 71 se presenta en aquell momén

245 411 489 71 dihent que pel seu intén

255 456 524 77 volía comprá aquell burro.

290 502 420 68 Un gitano tot seguit

244 543 478 71 lo va montá molt ligero;

239 587 523 72 alló semblava un guerrero

241 635 450 69 tan tiesu y tan aixerit.

288 678 452 74 Lo feya aná com volía,

242 725 486 72 á depressa á poch á poch

238 767 429 70 li feya cualsevol joch

242 816 494 70 perque y tenen maestría.

283 865 425 69 Lo tracte van arreglá

232 904 419 71 sense regatejá gaire,

715 962 202 63 y llavors lo escombriaire

229 990 484 71 ab lo burro 's va quedá.

264 1037 485 74 Pero va suchsehí un cás

229 1084 665 74 que no es cap cás dels mes grans:

229 1132 505 67 que sen á las sevas mans

226 1171 517 75 ya no va volgué da un pas.

270 1216 466 69 Li dona una garrotada

223 1256 443 80 lo gitano en un costat,

226 1305 434 71 lo burro, tot decantat

780 1376 173 51 per pó de una altra pegada.

265 1399 434 61 Un altre cop de bastó

218 1434 496 76 li pega al costat contrari,

228 1484 482 73 y aquell burro perdulari

221 1531 408 68 ballava d' alló milló.

260 1578 449 74 Lo escombriaire va dí:

1001 238 563 79 «mireu com remena 'l cul...

1567 306 113 60 aixó ho fa que no es gandul

998 340 458 67 y potser vol presumí.»

1505 391 147 62 Lo gitano molt trempat

993 426 412 66 li va dí ab tota la fé:

1472 487 172 53 «cuan éll remena 'l rulé»

995 517 428 69 es que gasta vanitat».

992 606 460 71 L' escombriaire mol content

1032 567 568 68 tot seguir va tocá 'l dos

986 652 444 65 tot satisfet y orgullós

1525 720 184 52 de tení un ruch tan valent.

1428 804 244 49 Pero ya la va fe bona

1030 742 431 68 ab tot aquell presumí,

1463 846 246 56 que 'l ruch se li va morí

987 873 542 65 ans d' arribá á Barcelona.

1616 937 51 51 De plors ya non vulgueu mes

980 964 526 71 y ab tot lo gran sentiment

975 1008 495 66 lo va deixá en un torrent

975 1053 545 72 perden lo burro y 'ls dinés.

976 1142 627 75 Pero aquell que 'l va pelá

1027 1100 505 70 que era un blanqué feyu y vell,

973 1187 447 61 va dí: que la seva pell

965 1233 440 64 mol be la va aprofitá.

1528 1295 175 54 Ne van fe cosa molt bona,

966 1328 533 57 pues sense rompres lo cap,

960 1373 5 49 per Corpus tothom ya sap

963 1415 575 67 que ya professó á Barcelona.

1008 1457 619 69 No l' busquéu per las estampas

962 1497 514 70 lo gran cás, ya us el diré:

976 1544 483 67 de aquella pell ne van fé

1570 1604 124 64 los dos timbals de las trampas.

466 1726 949 109 Mort lo ruch, morta l'historia

946 2023 55 101 FÍ

621 2393 602 87 Imps. Hospital, 19, «El Abanico»
