1021 1383
488 1 114 32 –4–

155 32 779 40 Varias de sus provincias asiáticas habian caido en poder del Turco :el

149 63 786 47 brazo de mar que separa la Europa del Asia era lo que, por corto

149 99 786 43 tiempo, detenia á los invasores. La llegada de ciertas naves á los

143 134 792 40 Dardanelos y al Bósforo indicaba que, los hijos de Mahoma cansados

140 167 794 47 de esperar é impacientes ya, estaban dispuestos á salvar el estrecho

153 199 772 47 que les detenia. Andrónico á todo esto permanecia en su palacio, ago–

147 232 788 46 tando su tesoro y dispuesto á toda clase de sacrificios para resistir al

145 268 795 47 empuje del ejército invasor: bien conocia él que ni los alanos (pueblo

146 304 781 40 que habia acudido á socorrerle mediante crecidas sumas), ni los ge–

146 343 785 37 noveses, ni los mismos griegos, reunian suficiente teson para detener

145 373 786 44 á sus adversarios. En tan angustiado trance, recibe noticias, An¬

144 406 791 45 ndrónico, de que un cuerpo de ejército catalan que habia dejado en

141 439 787 50 ócio la paz firmada por dos naciones que estaban ántes en guerra,

144 477 310 42 pensaba ofrecerle su apoyo

170 507 765 42 La noticia se confirmó. En efecto, presentóse una embajada al

143 541 791 44 Emperador y esta en nombre de sus compañeros de armas cerró el

143 575 793 45 trato con Andrónico. El Emperador podia estar tranquilo ! Ocho mil

141 610 800 40 catalanes corrian á prestarle apoyo.... y ocho mil catalanes bien

141 644 793 42 equivalian á lo menos á cincuenta mil alanos y griegos! Llegó el dia

141 677 790 43 en que las naves catalanas surcando las aguas del Adriático, se acer-

141 709 790 43 caron hasta besar la arena de las playas del imperio de Oriente.

143 745 791 41 Ocho mil hombres echaron pié á tierra precedidos de su gefe ; pero

143 777 791 45 sus gritos y demostraciones de regocijo (cuentan ya las historias) que

143 810 790 47 causaron profunda sorpresa á los griegos. El traje del almogávar (que

143 850 791 39 todos los ocho mil lo eran) produjo cierta desconfianza entre los que

141 881 255 39 iban á ser socorridos.

171 912 764 43 —Con esta red en la cabeza, y esta piel al hombro, y esta sencilla

141 950 790 43 azcona, piensan librarnos del turco que ciñe corvo y afilado alfange,

143 986 790 38 templado casco, y monta brioso corcel ? Mala gente viene ! Lucidos

146 1015 400 42 vamos á quedar con esos soldados!

174 1047 762 47 Pero estas voces cesaron á los pocos dias. En efecto, un soldado

143 1077 346 48 catalan bastó para sofocarlas.

173 1115 763 43 Hallábase en un figon, uno de los almogávares á tiempo en que

141 1152 776 41 salia del mismo un genovés. Dícese que este último al tiempo de sa–

148 1183 778 44 lir cometió la imprudencia de burlarse del catalan. Conocido es ya

145 1219 780 46 el carácter de los hijos de Cataluña ; dóciles se muestran á la mano

147 1252 786 57 que les acaricia, pero si esta se levanta para castigar.... guay, del
