2148 3034
339.0 300.0 728.0 246.0 La Rosario

511.0 541.0 384.0 169.0 MARCHA

397.0 718.0 453.0 159.0 Letra de Luis Santed

655.0 841.0 349.0 165.0 Con la música de

561.0 975.0 324.0 139.0 La Bien Amada

1055.0 1165.0 169.0 76.0 Rosario

546.0 1200.0 969.0 94.0 Se murmura por el barrio, de que tienes la mania

1057.0 1269.0 167.0 63.0 Rosario

543.0 1276.0 926.0 149.0 de escuchar con el Macario, la Radio telefonia.

1062.0 1355.0 165.0 70.0 Rosario

546.0 1390.0 875.0 81.0 ya se hace comentario por toda la vecindad,

1072.0 1453.0 167.0 56.0 Rosario

546.0 1461.0 951.0 134.0 Ss susurra que el Macario, pierde la serenidad.

920.0 1529.0 324.0 66.0 Se dice Rosario

938.0 1582.0 327.0 61.0 que el auricular

521.0 1658.0 835.0 78.0 antes de empezar...

925.0 1625.0 428.0 68.0 le intriga a Macario

536.0 1716.0 820.0 63.0 Por eso procura Rosario, aprovecharse...

546.0 1764.0 734.0 58.0 aguzar al oído la Radio, y declamar:

1044.0 1805.0 210.0 65.0 ¿Macario?

546.0 1815.0 1113.0 106.0 Oye bien, que ahora la Radio anuncia el «Petróleo Gals»

536.0 1931.0 933.0 109.0 ahora toca el Relicario la Banda municipal...

1047.0 1898.0 202.0 56.0 Macario

1037.0 1982.0 205.0 65.0 Macario;

528.0 1994.0 1116.0 122.0 No te duermas en la Radio, por que me voy a enfadar.

951.0 2075.0 182.0 66.0 Macario,

531.0 2080.0 1009.0 137.0 dame un besito en los labios, y ponte el auricular.

961.0 2164.0 387.0 60.0 La ingenua Rosario

925.0 2212.0 413.0 60.0 perdió su candor...

885.0 2255.0 405.0 68.0 y entrega sus labios

895.0 2298.0 375.0 58.0 henchida de amor.

533.0 2315.0 858.0 89.0 Por eso dice el vecindario ¡Es, un primor...

536.0 2386.0 941.0 170.0 el oír un concierto, en el barrio, sin transmisor!
