<?xml version="1.0" encoding="UTF-8"?>
<alto xmlns:xsi="http://www.w3.org/2001/XMLSchema-instance"
      xmlns="http://www.loc.gov/standards/alto/ns-v4#"
      xsi:schemaLocation="http://www.loc.gov/standards/alto/ns-v4# http://www.loc.gov/standards/alto/v4/alto-4-2.xsd">
  <Description>
    <MeasurementUnit>pixel</MeasurementUnit>
    <sourceImageInformation>
      <fileName>Varios_276_4.jpg</fileName>
      
    </sourceImageInformation>
  </Description>
  
  <Tags>
    <OtherTag ID="BT534" LABEL="CustomZone:impresorNum" DESCRIPTION="block type CustomZone:impresorNum"/><OtherTag ID="BT535" LABEL="CustomZone:numero_pliego" DESCRIPTION="block type CustomZone:numero_pliego"/><OtherTag ID="BT536" LABEL="CustomZone:title" DESCRIPTION="block type CustomZone:title"/><OtherTag ID="BT537" LABEL="GraphicZone:illustration" DESCRIPTION="block type GraphicZone:illustration"/><OtherTag ID="BT538" LABEL="GraphicZone:ornamentation" DESCRIPTION="block type GraphicZone:ornamentation"/><OtherTag ID="BT539" LABEL="MainZone" DESCRIPTION="block type MainZone"/><OtherTag ID="BT540" LABEL="MainZone:columns" DESCRIPTION="block type MainZone:columns"/><OtherTag ID="BT541" LABEL="MarginTextZone:colophon" DESCRIPTION="block type MarginTextZone:colophon"/><OtherTag ID="BT542" LABEL="MarginTextZone:note" DESCRIPTION="block type MarginTextZone:note"/><OtherTag ID="BT543" LABEL="MusicZone" DESCRIPTION="block type MusicZone"/><OtherTag ID="BT544" LABEL="NumberingZone:page" DESCRIPTION="block type NumberingZone:page"/><OtherTag ID="BT545" LABEL="QuireMarksZone:catchwords" DESCRIPTION="block type QuireMarksZone:catchwords"/><OtherTag ID="BT546" LABEL="QuireMarksZone:signature" DESCRIPTION="block type QuireMarksZone:signature"/><OtherTag ID="BT547" LABEL="RunningTitleZone" DESCRIPTION="block type RunningTitleZone"/>
    <OtherTag ID="LT186" LABEL="CustomLine:propriedad" DESCRIPTION="line type CustomLine:propriedad"/><OtherTag ID="LT187" LABEL="CustomLine:trailer" DESCRIPTION="line type CustomLine:trailer"/><OtherTag ID="LT188" LABEL="DefaultLine" DESCRIPTION="line type DefaultLine"/><OtherTag ID="LT189" LABEL="HeadingLine" DESCRIPTION="line type HeadingLine"/>
  </Tags>
  
  <Layout>
    <Page WIDTH="1860"
          HEIGHT="2629"
          PHYSICAL_IMG_NR="151"
          ID="eSc_dummypage_">
      <PrintSpace HPOS="0"
                  VPOS="0"
                  WIDTH="1860"
                  HEIGHT="2629">
        
        <TextBlock HPOS="175.0"
                   VPOS="184.0"
                   WIDTH="638.0"
                   HEIGHT="2162.0"
                   ID="eSc_textblock_255aa0f5"
                   TAGREFS="BT540">
          <Shape><Polygon POINTS="752 576 813 681 726 963 726 1180 804 1288 752 1496 813 1586 813 1732 761 1927 787 2285 734 2346 175 2346 184 210 263 184 708 184 752 219"/></Shape>
          
          
          <TextLine ID="eSc_line_5c0e36c7"
                    TAGREFS="LT188"
                    BASELINE="203 226 717 227" 
                    HPOS="201.0"
                    VPOS="184.0"
                    WIDTH="514.0"
                    HEIGHT="63.0">
            <Shape><Polygon POINTS="684 184 662 184 640 184 618 184 596 184 574 184 552 184 535 184 458 188 440 184 421 184 401 184 399 186 394 184 377 184 355 184 333 184 311 184 300 184 296 188 278 184 267 184 245 188 223 194 201 203 201 225 201 240 712 247 715 225 715 190 684 184 684 184"/></Shape>
	    <String CONTENT="mas sepa usía que si tiene"
                    HPOS="201.0"
                    VPOS="184.0"
                    WIDTH="514.0"
                    HEIGHT="63.0"></String>
          </TextLine>

          
          
          <TextLine ID="eSc_line_38b7c512"
                    TAGREFS="LT188"
                    BASELINE="201 267 568 271" 
                    HPOS="199.0"
                    VPOS="234.0"
                    WIDTH="369.0"
                    HEIGHT="59.0">
            <Shape><Polygon POINTS="201 267 199 280 563 293 568 271 565 238 201 234 201 267"/></Shape>
	    <String CONTENT="altura tan elevada,"
                    HPOS="199.0"
                    VPOS="234.0"
                    WIDTH="369.0"
                    HEIGHT="59.0"></String>
          </TextLine>

          
          
          <TextLine ID="eSc_line_e16aee83"
                    TAGREFS="LT188"
                    BASELINE="203 315 728 315" 
                    HPOS="203.0"
                    VPOS="282.0"
                    WIDTH="525.0"
                    HEIGHT="48.0">
            <Shape><Polygon POINTS="203 315 203 328 726 330 728 315 728 282 203 282 203 315"/></Shape>
	    <String CONTENT="es porque Dios le ha criado"
                    HPOS="203.0"
                    VPOS="282.0"
                    WIDTH="525.0"
                    HEIGHT="48.0"></String>
          </TextLine>

          
          
          <TextLine ID="eSc_line_a8fa785b"
                    TAGREFS="LT188"
                    BASELINE="208 361 712 361" 
                    HPOS="208.0"
                    VPOS="322.0"
                    WIDTH="504.0"
                    HEIGHT="65.0">
            <Shape><Polygon POINTS="208 361 208 387 712 387 712 361 712 322 208 322 208 361"/></Shape>
	    <String CONTENT="para la custodia y guarda"
                    HPOS="208.0"
                    VPOS="322.0"
                    WIDTH="504.0"
                    HEIGHT="65.0"></String>
          </TextLine>

          
          
          <TextLine ID="eSc_line_b8497d11"
                    TAGREFS="LT188"
                    BASELINE="203 405 695 405" 
                    HPOS="203.0"
                    VPOS="372.0"
                    WIDTH="492.0"
                    HEIGHT="57.0">
            <Shape><Polygon POINTS="203 405 203 420 693 429 695 405 695 372 203 372 203 405"/></Shape>
	    <String CONTENT="de una mujer en la tierra"
                    HPOS="203.0"
                    VPOS="372.0"
                    WIDTH="492.0"
                    HEIGHT="57.0"></String>
          </TextLine>

          
          
          <TextLine ID="eSc_line_ca3f47d6"
                    TAGREFS="LT188"
                    BASELINE="208 451 686 446" 
                    HPOS="206.0"
                    VPOS="414.0"
                    WIDTH="480.0"
                    HEIGHT="61.0">
            <Shape><Polygon POINTS="208 451 208 475 684 471 686 446 679 414 206 414 208 451"/></Shape>
	    <String CONTENT="para que la acompañara;"
                    HPOS="206.0"
                    VPOS="414.0"
                    WIDTH="480.0"
                    HEIGHT="61.0"></String>
          </TextLine>

          
          
          <TextLine ID="eSc_line_5ba077f4"
                    TAGREFS="LT188"
                    BASELINE="206 495 721 490" 
                    HPOS="203.0"
                    VPOS="449.0"
                    WIDTH="518.0"
                    HEIGHT="68.0">
            <Shape><Polygon POINTS="576 449 559 449 546 457 451 449 445 451 425 451 401 460 383 451 379 451 364 451 331 460 256 451 247 451 228 451 203 460 206 495 206 510 719 517 721 490 717 460 594 449 576 449"/></Shape>
	    <String CONTENT="con que según por lo visto"
                    HPOS="203.0"
                    VPOS="449.0"
                    WIDTH="518.0"
                    HEIGHT="68.0"></String>
          </TextLine>

          
          
          <TextLine ID="eSc_line_037898cf"
                    TAGREFS="LT188"
                    BASELINE="206 541 675 541" 
                    HPOS="206.0"
                    VPOS="499.0"
                    WIDTH="469.0"
                    HEIGHT="64.0">
            <Shape><Polygon POINTS="206 541 206 554 673 563 675 541 675 506 206 499 206 541"/></Shape>
	    <String CONTENT="la mujer es la que gana."
                    HPOS="206.0"
                    VPOS="499.0"
                    WIDTH="469.0"
                    HEIGHT="64.0"></String>
          </TextLine>

          
          
          <TextLine ID="eSc_line_62953efa"
                    TAGREFS="LT188"
                    BASELINE="208 582 649 582" 
                    HPOS="208.0"
                    VPOS="543.0"
                    WIDTH="441.0"
                    HEIGHT="59.0">
            <Shape><Polygon POINTS="383 543 361 543 339 543 318 543 296 543 274 543 252 543 230 543 208 543 208 582 208 602 649 600 649 582 649 549 383 543 383 543"/></Shape>
	    <String CONTENT="Decida el señor Obispo"
                    HPOS="208.0"
                    VPOS="543.0"
                    WIDTH="441.0"
                    HEIGHT="59.0"></String>
          </TextLine>

          
          
          <TextLine ID="eSc_line_66ca67b6"
                    TAGREFS="LT188"
                    BASELINE="203 630 697 626" 
                    HPOS="201.0"
                    VPOS="591.0"
                    WIDTH="496.0"
                    HEIGHT="57.0">
            <Shape><Polygon POINTS="203 630 203 644 693 648 697 626 690 591 201 593 203 630"/></Shape>
	    <String CONTENT="quién ha ganado la baza."
                    HPOS="201.0"
                    VPOS="591.0"
                    WIDTH="496.0"
                    HEIGHT="57.0"></String>
          </TextLine>

          
          
          <TextLine ID="eSc_line_0977e426"
                    TAGREFS="LT188"
                    BASELINE="257 676 785 674" 
                    HPOS="254.0"
                    VPOS="633.0"
                    WIDTH="529.0"
                    HEIGHT="63.0">
            <Shape><Polygon POINTS="256 674 256 685 780 696 783 672 778 639 254 633 256 674"/></Shape>
	    <String CONTENT="—Tírala, niña, que es tuya,"
                    HPOS="254.0"
                    VPOS="633.0"
                    WIDTH="529.0"
                    HEIGHT="63.0"></String>
          </TextLine>

          
          
          <TextLine ID="eSc_line_53a57e0c"
                    TAGREFS="LT188"
                    BASELINE="201 720 680 716" 
                    HPOS="197.0"
                    VPOS="672.0"
                    WIDTH="482.0"
                    HEIGHT="61.0">
            <Shape><Polygon POINTS="350 674 329 674 307 674 285 674 263 674 261 672 197 672 199 718 199 733 677 731 679 714 675 679 355 674 350 674"/></Shape>
	    <String CONTENT="merecida y bien ganada."
                    HPOS="197.0"
                    VPOS="672.0"
                    WIDTH="482.0"
                    HEIGHT="61.0"></String>
          </TextLine>

          
          
          <TextLine ID="eSc_line_f320bfb7"
                    TAGREFS="LT188"
                    BASELINE="252 764 734 769" 
                    HPOS="247.0"
                    VPOS="727.0"
                    WIDTH="485.0"
                    HEIGHT="52.0">
            <Shape><Polygon POINTS="250 762 247 779 730 779 732 768 730 729 250 727 250 762"/></Shape>
	    <String CONTENT="—Vamos á la otra, pues,"
                    HPOS="247.0"
                    VPOS="727.0"
                    WIDTH="485.0"
                    HEIGHT="52.0"></String>
          </TextLine>

          
          
          <TextLine ID="eSc_line_c07a842b"
                    TAGREFS="LT188"
                    BASELINE="203 808 752 808" 
                    HPOS="203.0"
                    VPOS="777.0"
                    WIDTH="549.0"
                    HEIGHT="62.0">
            <Shape><Polygon POINTS="203 808 203 825 421 823 436 832 440 834 443 834 445 834 447 834 449 834 456 832 469 823 478 832 482 836 484 836 486 836 489 836 491 836 493 836 493 834 495 832 504 823 594 823 618 834 622 836 625 836 627 839 752 839 752 808 752 777 203 777 203 808"/></Shape>
	    <String CONTENT="que es con la que se remata."
                    HPOS="203.0"
                    VPOS="777.0"
                    WIDTH="549.0"
                    HEIGHT="62.0"></String>
          </TextLine>

          
          
          <TextLine ID="eSc_line_fe00496a"
                    TAGREFS="LT188"
                    BASELINE="206 854 629 852" 
                    HPOS="201.0"
                    VPOS="814.0"
                    WIDTH="426.0"
                    HEIGHT="55.0">
            <Shape><Polygon POINTS="203 852 203 869 625 869 627 850 620 814 201 814 203 852"/></Shape>
	    <String CONTENT="Habiendo venido Dios"
                    HPOS="201.0"
                    VPOS="814.0"
                    WIDTH="426.0"
                    HEIGHT="55.0"></String>
          </TextLine>

          
          
          <TextLine ID="eSc_line_fff5c821"
                    TAGREFS="LT188"
                    BASELINE="203 900 702 904" 
                    HPOS="199.0"
                    VPOS="863.0"
                    WIDTH="502.0"
                    HEIGHT="61.0">
            <Shape><Polygon POINTS="201 898 199 915 620 913 697 924 701 902 699 863 201 863 201 898"/></Shape>
	    <String CONTENT="para tomar carne humana"
                    HPOS="199.0"
                    VPOS="863.0"
                    WIDTH="502.0"
                    HEIGHT="61.0"></String>
          </TextLine>

          
          
          <TextLine ID="eSc_line_1d0408a1"
                    TAGREFS="LT188"
                    BASELINE="201 942 642 946" 
                    HPOS="199.0"
                    VPOS="907.0"
                    WIDTH="443.0"
                    HEIGHT="56.0">
            <Shape><Polygon POINTS="201 942 199 953 638 963 642 946 640 911 201 907 201 942"/></Shape>
	    <String CONTENT="de nuestra naturaleza,"
                    HPOS="199.0"
                    VPOS="907.0"
                    WIDTH="443.0"
                    HEIGHT="56.0"></String>
          </TextLine>

          
          
          <TextLine ID="eSc_line_d270c56a"
                    TAGREFS="LT188"
                    BASELINE="201 983 585 988" 
                    HPOS="199.0"
                    VPOS="944.0"
                    WIDTH="386.0"
                    HEIGHT="59.0">
            <Shape><Polygon POINTS="267 944 245 944 223 944 201 944 201 983 199 999 581 1003 585 988 583 953 276 944 267 944"/></Shape>
	    <String CONTENT="venida tan deseada,"
                    HPOS="199.0"
                    VPOS="944.0"
                    WIDTH="386.0"
                    HEIGHT="59.0"></String>
          </TextLine>

          
          
          <TextLine ID="eSc_line_1473e387"
                    TAGREFS="LT188"
                    BASELINE="201 1034 690 1029" 
                    HPOS="199.0"
                    VPOS="983.0"
                    WIDTH="491.0"
                    HEIGHT="68.0">
            <Shape><Polygon POINTS="572 988 550 988 528 988 506 988 484 988 462 988 440 988 199 990 201 1034 201 1047 688 1051 690 1029 684 983 572 983 572 988"/></Shape>
	    <String CONTENT="una mujer dió su vientre"
                    HPOS="199.0"
                    VPOS="983.0"
                    WIDTH="491.0"
                    HEIGHT="68.0"></String>
          </TextLine>

          
          
          <TextLine ID="eSc_line_a0ff9357"
                    TAGREFS="LT188"
                    BASELINE="201 1077 686 1073" 
                    HPOS="199.0"
                    VPOS="1040.0"
                    WIDTH="487.0"
                    HEIGHT="59.0">
            <Shape><Polygon POINTS="201 1077 201 1097 684 1099 686 1073 682 1040 199 1040 201 1077"/></Shape>
	    <String CONTENT="para que Dios encarnara;"
                    HPOS="199.0"
                    VPOS="1040.0"
                    WIDTH="487.0"
                    HEIGHT="59.0"></String>
          </TextLine>

          
          
          <TextLine ID="eSc_line_a28626f5"
                    TAGREFS="LT188"
                    BASELINE="201 1123 664 1117" 
                    HPOS="199.0"
                    VPOS="1077.0"
                    WIDTH="465.0"
                    HEIGHT="64.0">
            <Shape><Polygon POINTS="350 1077 348 1077 346 1077 333 1088 331 1091 199 1091 201 1123 201 1139 662 1141 664 1117 660 1086 353 1077 350 1077"/></Shape>
	    <String CONTENT="una mujer dió su pecho"
                    HPOS="199.0"
                    VPOS="1077.0"
                    WIDTH="465.0"
                    HEIGHT="64.0"></String>
          </TextLine>

          
          
          <TextLine ID="eSc_line_63c07301"
                    TAGREFS="LT188"
                    BASELINE="203 1167 662 1163" 
                    HPOS="201.0"
                    VPOS="1130.0"
                    WIDTH="461.0"
                    HEIGHT="64.0">
            <Shape><Polygon POINTS="203 1167 206 1194 239 1183 407 1191 410 1191 412 1191 414 1191 434 1180 658 1189 662 1163 655 1130 201 1132 203 1167"/></Shape>
	    <String CONTENT="para que se alimentara;"
                    HPOS="201.0"
                    VPOS="1130.0"
                    WIDTH="461.0"
                    HEIGHT="64.0"></String>
          </TextLine>

          
          
          <TextLine ID="eSc_line_e897b394"
                    TAGREFS="LT188"
                    BASELINE="201 1213 677 1207" 
                    HPOS="199.0"
                    VPOS="1163.0"
                    WIDTH="478.0"
                    HEIGHT="70.0">
            <Shape><Polygon POINTS="660 1165 638 1165 616 1165 594 1165 574 1165 199 1172 201 1213 201 1229 673 1233 677 1207 671 1163 660 1163 660 1165"/></Shape>
	    <String CONTENT="una mujer dió su sangre"
                    HPOS="199.0"
                    VPOS="1163.0"
                    WIDTH="478.0"
                    HEIGHT="70.0"></String>
          </TextLine>

          
          
          <TextLine ID="eSc_line_9668566e"
                    TAGREFS="LT188"
                    BASELINE="199 1257 699 1253" 
                    HPOS="197.0"
                    VPOS="1213.0"
                    WIDTH="502.0"
                    HEIGHT="68.0">
            <Shape><Polygon POINTS="199 1257 199 1281 697 1277 699 1253 695 1220 197 1213 199 1257"/></Shape>
	    <String CONTENT="para que Dios se formara,"
                    HPOS="197.0"
                    VPOS="1213.0"
                    WIDTH="502.0"
                    HEIGHT="68.0"></String>
          </TextLine>

          
          
          <TextLine ID="eSc_line_80e2e387"
                    TAGREFS="LT188"
                    BASELINE="201 1303 772 1303" 
                    HPOS="201.0"
                    VPOS="1268.0"
                    WIDTH="571.0"
                    HEIGHT="61.0">
            <Shape><Polygon POINTS="201 1303 203 1325 234 1314 532 1325 535 1325 537 1325 561 1314 574 1325 576 1325 579 1325 581 1325 631 1316 769 1329 772 1303 772 1268 201 1268 201 1303"/></Shape>
	    <String CONTENT="y el varón con ser tan bueno,"
                    HPOS="201.0"
                    VPOS="1268.0"
                    WIDTH="571.0"
                    HEIGHT="61.0"></String>
          </TextLine>

          
          
          <TextLine ID="eSc_line_dc3431a0"
                    TAGREFS="LT188"
                    BASELINE="201 1342 734 1347" 
                    HPOS="199.0"
                    VPOS="1307.0"
                    WIDTH="535.0"
                    HEIGHT="55.0">
            <Shape><Polygon POINTS="201 1342 199 1362 732 1360 734 1347 732 1312 201 1307 201 1342"/></Shape>
	    <String CONTENT="por Dios que no puso nada;"
                    HPOS="199.0"
                    VPOS="1307.0"
                    WIDTH="535.0"
                    HEIGHT="55.0"></String>
          </TextLine>

          
          
          <TextLine ID="eSc_line_be882a20"
                    TAGREFS="LT188"
                    BASELINE="201 1391 614 1386" 
                    HPOS="199.0"
                    VPOS="1345.0"
                    WIDTH="415.0"
                    HEIGHT="68.0">
            <Shape><Polygon POINTS="432 1345 429 1345 399 1356 252 1347 250 1347 199 1358 201 1391 201 1413 611 1402 614 1386 609 1356 434 1345 432 1345"/></Shape>
	    <String CONTENT="y para sacramentarse"
                    HPOS="199.0"
                    VPOS="1345.0"
                    WIDTH="415.0"
                    HEIGHT="68.0"></String>
          </TextLine>

          
          
          <TextLine ID="eSc_line_16de6aa8"
                    TAGREFS="LT188"
                    BASELINE="195 1434 701 1434" 
                    HPOS="195.0"
                    VPOS="1386.0"
                    WIDTH="506.0"
                    HEIGHT="64.0">
            <Shape><Polygon POINTS="195 1434 195 1448 699 1450 701 1434 699 1386 195 1397 195 1434"/></Shape>
	    <String CONTENT="dos especies ó substancias"
                    HPOS="195.0"
                    VPOS="1386.0"
                    WIDTH="506.0"
                    HEIGHT="64.0"></String>
          </TextLine>

          
          
          <TextLine ID="eSc_line_c2b701d4"
                    TAGREFS="LT188"
                    BASELINE="195 1478 585 1474" 
                    HPOS="193.0"
                    VPOS="1437.0"
                    WIDTH="392.0"
                    HEIGHT="59.0">
            <Shape><Polygon POINTS="195 1478 195 1496 583 1491 585 1474 579 1437 193 1439 195 1478"/></Shape>
	    <String CONTENT="las mejores que crió"
                    HPOS="193.0"
                    VPOS="1437.0"
                    WIDTH="392.0"
                    HEIGHT="59.0"></String>
          </TextLine>

          
          
          <TextLine ID="eSc_line_54db1f2f"
                    TAGREFS="LT188"
                    BASELINE="195 1524 699 1520" 
                    HPOS="193.0"
                    VPOS="1474.0"
                    WIDTH="506.0"
                    HEIGHT="68.0">
            <Shape><Polygon POINTS="195 1524 195 1540 697 1542 699 1520 693 1474 193 1489 195 1524"/></Shape>
	    <String CONTENT="con el poder de su gracia,"
                    HPOS="193.0"
                    VPOS="1474.0"
                    WIDTH="506.0"
                    HEIGHT="68.0"></String>
          </TextLine>

          
          
          <TextLine ID="eSc_line_5c33e888"
                    TAGREFS="LT188"
                    BASELINE="199 1570 684 1570" 
                    HPOS="199.0"
                    VPOS="1537.0"
                    WIDTH="485.0"
                    HEIGHT="51.0">
            <Shape><Polygon POINTS="199 1570 199 1583 682 1588 684 1570 684 1537 199 1537 199 1570"/></Shape>
	    <String CONTENT="que son el vino y el pan,"
                    HPOS="199.0"
                    VPOS="1537.0"
                    WIDTH="485.0"
                    HEIGHT="51.0"></String>
          </TextLine>

          
          
          <TextLine ID="eSc_line_d8a126b2"
                    TAGREFS="LT188"
                    BASELINE="199 1616 787 1610" 
                    HPOS="197.0"
                    VPOS="1568.0"
                    WIDTH="590.0"
                    HEIGHT="75.0">
            <Shape><Polygon POINTS="679 1573 658 1573 636 1573 614 1573 592 1573 570 1573 548 1573 526 1573 504 1573 482 1573 460 1573 438 1573 416 1573 394 1573 372 1573 350 1573 329 1573 307 1573 285 1573 263 1573 241 1573 219 1573 217 1570 197 1570 199 1616 203 1643 225 1629 342 1640 344 1640 401 1629 462 1638 464 1638 467 1638 469 1638 480 1627 513 1640 515 1640 517 1640 522 1640 620 1627 783 1638 787 1610 780 1568 679 1568 679 1573"/></Shape>
	    <String CONTENT="y en aquestas dos substancias,"
                    HPOS="197.0"
                    VPOS="1568.0"
                    WIDTH="590.0"
                    HEIGHT="75.0"></String>
          </TextLine>

          
          
          <TextLine ID="eSc_line_3ec4c895"
                    TAGREFS="LT188"
                    BASELINE="195 1658 655 1654" 
                    HPOS="193.0"
                    VPOS="1614.0"
                    WIDTH="462.0"
                    HEIGHT="64.0">
            <Shape><Polygon POINTS="390 1616 368 1616 346 1616 324 1616 302 1616 280 1616 258 1616 236 1616 221 1616 193 1625 195 1658 195 1678 653 1678 655 1654 651 1619 394 1614 390 1616"/></Shape>
	    <String CONTENT="se quedó sacramentado,"
                    HPOS="193.0"
                    VPOS="1614.0"
                    WIDTH="462.0"
                    HEIGHT="64.0"></String>
          </TextLine>

          
          
          <TextLine ID="eSc_line_e2857752"
                    TAGREFS="LT188"
                    BASELINE="197 1704 780 1704" 
                    HPOS="197.0"
                    VPOS="1654.0"
                    WIDTH="583.0"
                    HEIGHT="76.0">
            <Shape><Polygon POINTS="197 1704 197 1730 331 1719 366 1730 368 1730 370 1730 511 1719 778 1730 780 1704 778 1654 197 1667 197 1704"/></Shape>
	    <String CONTENT="porque son buenas entrambas;"
                    HPOS="197.0"
                    VPOS="1654.0"
                    WIDTH="583.0"
                    HEIGHT="76.0"></String>
          </TextLine>

          
          
          <TextLine ID="eSc_line_580aa01c"
                    TAGREFS="LT188"
                    BASELINE="199 1746 747 1750" 
                    HPOS="197.0"
                    VPOS="1711.0"
                    WIDTH="550.0"
                    HEIGHT="61.0">
            <Shape><Polygon POINTS="199 1746 197 1768 743 1772 747 1750 745 1715 199 1711 199 1746"/></Shape>
	    <String CONTENT="y para hacerse Dios hombre,"
                    HPOS="197.0"
                    VPOS="1711.0"
                    WIDTH="550.0"
                    HEIGHT="61.0"></String>
          </TextLine>

          
          
          <TextLine ID="eSc_line_50386551"
                    TAGREFS="LT188"
                    BASELINE="193 1794 675 1794" 
                    HPOS="193.0"
                    VPOS="1757.0"
                    WIDTH="482.0"
                    HEIGHT="61.0">
            <Shape><Polygon POINTS="193 1794 193 1809 673 1818 675 1794 673 1757 193 1757 193 1794"/></Shape>
	    <String CONTENT="del varón no quiso nada."
                    HPOS="193.0"
                    VPOS="1757.0"
                    WIDTH="482.0"
                    HEIGHT="61.0"></String>
          </TextLine>

          
          
          <TextLine ID="eSc_line_60ccd464"
                    TAGREFS="LT188"
                    BASELINE="197 1835 620 1833" 
                    HPOS="195.0"
                    VPOS="1796.0"
                    WIDTH="425.0"
                    HEIGHT="55.0">
            <Shape><Polygon POINTS="282 1796 261 1796 239 1796 217 1796 195 1796 197 1835 197 1851 618 1849 620 1833 616 1803 300 1796 282 1796"/></Shape>
	    <String CONTENT="A esto dice el Obispo:"
                    HPOS="195.0"
                    VPOS="1796.0"
                    WIDTH="425.0"
                    HEIGHT="55.0"></String>
          </TextLine>

          
          
          <TextLine ID="eSc_line_e5c2deae"
                    TAGREFS="LT188"
                    BASELINE="193 1884 728 1879" 
                    HPOS="190.0"
                    VPOS="1838.0"
                    WIDTH="538.0"
                    HEIGHT="59.0">
            <Shape><Polygon POINTS="193 1884 193 1897 728 1892 728 1879 723 1838 243 1838 241 1838 190 1849 193 1884"/></Shape>
	    <String CONTENT="nunca pensé ver tal gracia:"
                    HPOS="190.0"
                    VPOS="1838.0"
                    WIDTH="538.0"
                    HEIGHT="59.0"></String>
          </TextLine>

          
          
          <TextLine ID="eSc_line_e4c2aa1e"
                    TAGREFS="LT188"
                    BASELINE="193 1927 658 1923" 
                    HPOS="190.0"
                    VPOS="1884.0"
                    WIDTH="468.0"
                    HEIGHT="57.0">
            <Shape><Polygon POINTS="193 1927 193 1941 655 1936 658 1923 651 1884 190 1890 193 1927"/></Shape>
	    <String CONTENT="no vuelva usía á argüir"
                    HPOS="190.0"
                    VPOS="1884.0"
                    WIDTH="468.0"
                    HEIGHT="57.0"></String>
          </TextLine>

          
          
          <TextLine ID="eSc_line_734ab036"
                    TAGREFS="LT188"
                    BASELINE="193 1971 708 1971" 
                    HPOS="193.0"
                    VPOS="1925.0"
                    WIDTH="515.0"
                    HEIGHT="64.0">
            <Shape><Polygon POINTS="528 1925 526 1925 524 1925 519 1927 497 1936 434 1927 421 1925 412 1927 394 1927 366 1936 193 1932 193 1971 193 1989 708 1984 708 1971 706 1925 625 1936 543 1925 528 1925"/></Shape>
	    <String CONTENT="otra vez con la muchacha."
                    HPOS="193.0"
                    VPOS="1925.0"
                    WIDTH="515.0"
                    HEIGHT="64.0"></String>
          </TextLine>

          
          
          <TextLine ID="eSc_line_ebbf7549"
                    TAGREFS="LT188"
                    BASELINE="195 2017 594 2013" 
                    HPOS="193.0"
                    VPOS="1973.0"
                    WIDTH="401.0"
                    HEIGHT="60.0">
            <Shape><Polygon POINTS="587 1973 565 1973 543 1973 522 1973 500 1973 486 1973 193 1978 195 2017 195 2030 590 2033 594 2013 587 1973 587 1973"/></Shape>
	    <String CONTENT="Dice el canónigo: yo"
                    HPOS="193.0"
                    VPOS="1973.0"
                    WIDTH="401.0"
                    HEIGHT="60.0"></String>
          </TextLine>

          
          
          <TextLine ID="eSc_line_e696f52c"
                    TAGREFS="LT188"
                    BASELINE="193 2061 736 2061" 
                    HPOS="193.0"
                    VPOS="2015.0"
                    WIDTH="543.0"
                    HEIGHT="79.0">
            <Shape><Polygon POINTS="565 2015 543 2015 522 2015 500 2015 478 2015 456 2015 434 2015 412 2015 390 2017 368 2017 346 2017 324 2017 302 2017 280 2017 258 2017 236 2017 214 2017 212 2015 193 2015 193 2061 193 2074 291 2087 293 2087 296 2087 324 2079 346 2074 375 2081 412 2092 414 2092 416 2092 418 2092 421 2092 434 2083 451 2074 579 2074 636 2090 644 2092 647 2092 649 2094 736 2094 736 2061 736 2015 587 2015 565 2015"/></Shape>
	    <String CONTENT="absorto estoy de escucharla;"
                    HPOS="193.0"
                    VPOS="2015.0"
                    WIDTH="543.0"
                    HEIGHT="79.0"></String>
          </TextLine>

          
          
          <TextLine ID="eSc_line_705b526c"
                    TAGREFS="LT188"
                    BASELINE="193 2105 644 2101" 
                    HPOS="190.0"
                    VPOS="2063.0"
                    WIDTH="454.0"
                    HEIGHT="62.0">
            <Shape><Polygon POINTS="193 2105 193 2125 642 2125 644 2101 638 2063 190 2063 193 2105"/></Shape>
	    <String CONTENT="sin sentido y sin juicio"
                    HPOS="190.0"
                    VPOS="2063.0"
                    WIDTH="454.0"
                    HEIGHT="62.0"></String>
          </TextLine>

          
          
          <TextLine ID="eSc_line_ae9f6f72"
                    TAGREFS="LT188"
                    BASELINE="193 2151 728 2151" 
                    HPOS="193.0"
                    VPOS="2101.0"
                    WIDTH="535.0"
                    HEIGHT="72.0">
            <Shape><Polygon POINTS="412 2105 390 2105 368 2105 346 2105 324 2105 307 2105 193 2107 193 2151 193 2168 726 2173 728 2151 726 2101 616 2114 440 2114 432 2105 429 2103 412 2105"/></Shape>
	    <String CONTENT="me ha dejado la muchacha,"
                    HPOS="193.0"
                    VPOS="2101.0"
                    WIDTH="535.0"
                    HEIGHT="72.0"></String>
          </TextLine>

          
          
          <TextLine ID="eSc_line_d781ba3c"
                    TAGREFS="LT188"
                    BASELINE="193 2197 649 2193" 
                    HPOS="190.0"
                    VPOS="2157.0"
                    WIDTH="459.0"
                    HEIGHT="57.0">
            <Shape><Polygon POINTS="193 2197 193 2214 647 2210 649 2193 642 2157 190 2157 193 2197"/></Shape>
	    <String CONTENT="mas su ilustrísima sepa"
                    HPOS="190.0"
                    VPOS="2157.0"
                    WIDTH="459.0"
                    HEIGHT="57.0"></String>
          </TextLine>

          
          
          <TextLine ID="eSc_line_49622794"
                    TAGREFS="LT188"
                    BASELINE="193 2239 756 2239" 
                    HPOS="193.0"
                    VPOS="2193.0"
                    WIDTH="563.0"
                    HEIGHT="67.0">
            <Shape><Polygon POINTS="193 2239 193 2254 754 2260 756 2239 754 2193 193 2203 193 2239"/></Shape>
	    <String CONTENT="que esta es del cielo enviada,"
                    HPOS="193.0"
                    VPOS="2193.0"
                    WIDTH="563.0"
                    HEIGHT="67.0"></String>
          </TextLine>

          
          
          <TextLine ID="eSc_line_aa8a71c9"
                    TAGREFS="LT188"
                    BASELINE="190 2287 706 2280" 
                    HPOS="188.0"
                    VPOS="2243.0"
                    WIDTH="518.0"
                    HEIGHT="63.0">
            <Shape><Polygon POINTS="190 2287 190 2306 704 2306 706 2280 699 2243 188 2243 190 2287"/></Shape>
	    <String CONTENT="ó habla por boca de Cristo,"
                    HPOS="188.0"
                    VPOS="2243.0"
                    WIDTH="518.0"
                    HEIGHT="63.0"></String>
          </TextLine>

          
          
          <TextLine ID="eSc_line_8737afaf"
                    TAGREFS="LT188"
                    BASELINE="188 2331 726 2326" 
                    HPOS="186.0"
                    VPOS="2282.0"
                    WIDTH="540.0"
                    HEIGHT="103.0">
            <Shape><Polygon POINTS="188 2331 188 2363 313 2361 320 2366 342 2385 344 2385 346 2385 348 2385 438 2379 440 2379 443 2379 443 2377 456 2366 458 2363 464 2366 515 2383 517 2383 519 2383 726 2366 726 2326 719 2282 186 2295 188 2331"/></Shape>
	    <String CONTENT="ó el ángel que la acompaña"
                    HPOS="186.0"
                    VPOS="2282.0"
                    WIDTH="540.0"
                    HEIGHT="103.0"></String>
          </TextLine>

          
        </TextBlock>
        
        <TextBlock HPOS="973.0"
                   VPOS="185.0"
                   WIDTH="647.0"
                   HEIGHT="2135.0"
                   ID="eSc_textblock_9537d205"
                   TAGREFS="BT540">
          <Shape><Polygon POINTS="1568 558 1620 604 1620 655 1559 701 1594 1242 1550 1338 1603 1487 1559 1619 1506 1665 1498 1752 1577 1960 1480 2199 1480 2302 1445 2320 973 2311 974 185 1524 192 1585 271"/></Shape>
          
          
          <TextLine ID="eSc_line_95c231c4"
                    TAGREFS="LT188"
                    BASELINE="1002 225 1526 230" 
                    HPOS="1000.0"
                    VPOS="190.0"
                    WIDTH="526.0"
                    HEIGHT="55.0">
            <Shape><Polygon POINTS="1511 192 1263 192 1263 192 1241 192 1219 192 1197 192 1175 192 1153 192 1131 192 1109 192 1087 192 1065 192 1044 192 1022 192 1019 190 1002 190 1002 225 1000 240 1522 245 1526 230 1526 199 1511 192"/></Shape>
	    <String CONTENT="es custodio, y quiere ahora"
                    HPOS="1000.0"
                    VPOS="190.0"
                    WIDTH="526.0"
                    HEIGHT="55.0"></String>
          </TextLine>

          
          
          <TextLine ID="eSc_line_d9ae0214"
                    TAGREFS="LT188"
                    BASELINE="1008 271 1548 280" 
                    HPOS="1006.0"
                    VPOS="236.0"
                    WIDTH="542.0"
                    HEIGHT="64.0">
            <Shape><Polygon POINTS="1008 271 1006 282 1050 295 1052 295 1055 295 1129 286 1140 286 1144 286 1166 297 1169 297 1544 300 1548 280 1546 236 1008 236 1008 271"/></Shape>
	    <String CONTENT="que la celebren sus gracias."
                    HPOS="1006.0"
                    VPOS="236.0"
                    WIDTH="542.0"
                    HEIGHT="64.0"></String>
          </TextLine>

          
          
          <TextLine ID="eSc_line_a17bfb66"
                    TAGREFS="LT188"
                    BASELINE="1008 315 1390 319" 
                    HPOS="1006.0"
                    VPOS="280.0"
                    WIDTH="384.0"
                    HEIGHT="61.0">
            <Shape><Polygon POINTS="1008 315 1006 330 1386 341 1390 319 1388 286 1008 280 1008 315"/></Shape>
	    <String CONTENT="Bendita sea tu boca"
                    HPOS="1006.0"
                    VPOS="280.0"
                    WIDTH="384.0"
                    HEIGHT="61.0"></String>
          </TextLine>

          
          
          <TextLine ID="eSc_line_1421dedf"
                    TAGREFS="LT188"
                    BASELINE="1006 363 1541 363" 
                    HPOS="1006.0"
                    VPOS="313.0"
                    WIDTH="535.0"
                    HEIGHT="76.0">
            <Shape><Polygon POINTS="1006 363 1006 379 1539 389 1541 363 1541 330 1506 313 1504 313 1423 313 1421 313 1419 313 1416 313 1394 330 1392 330 1006 324 1006 363"/></Shape>
	    <String CONTENT="que con tanto primor habla."
                    HPOS="1006.0"
                    VPOS="313.0"
                    WIDTH="535.0"
                    HEIGHT="76.0"></String>
          </TextLine>

          
          
          <TextLine ID="eSc_line_bb561521"
                    TAGREFS="LT188"
                    BASELINE="1006 405 1443 409" 
                    HPOS="1004.0"
                    VPOS="368.0"
                    WIDTH="439.0"
                    HEIGHT="57.0">
            <Shape><Polygon POINTS="1006 405 1004 422 1438 425 1443 409 1441 374 1006 368 1006 405"/></Shape>
	    <String CONTENT="El dote tienes ganado,"
                    HPOS="1004.0"
                    VPOS="368.0"
                    WIDTH="439.0"
                    HEIGHT="57.0"></String>
          </TextLine>

          
          
          <TextLine ID="eSc_line_0daeb7d2"
                    TAGREFS="LT188"
                    BASELINE="1006 451 1469 451" 
                    HPOS="1006.0"
                    VPOS="418.0"
                    WIDTH="463.0"
                    HEIGHT="57.0">
            <Shape><Polygon POINTS="1006 451 1006 475 1469 473 1469 451 1469 420 1006 418 1006 451"/></Shape>
	    <String CONTENT="y te empeño mi palabra"
                    HPOS="1006.0"
                    VPOS="418.0"
                    WIDTH="463.0"
                    HEIGHT="57.0"></String>
          </TextLine>

          
          
          <TextLine ID="eSc_line_d93d8fa4"
                    TAGREFS="LT188"
                    BASELINE="1002 492 1544 497" 
                    HPOS="1000.0"
                    VPOS="462.0"
                    WIDTH="544.0"
                    HEIGHT="61.0">
            <Shape><Polygon POINTS="1002 492 1000 508 1087 521 1090 523 1541 523 1544 497 1544 466 1002 462 1002 492"/></Shape>
	    <String CONTENT="de valerte en cuanto pueda,"
                    HPOS="1000.0"
                    VPOS="462.0"
                    WIDTH="544.0"
                    HEIGHT="61.0"></String>
          </TextLine>

          
          
          <TextLine ID="eSc_line_d2f8e9e5"
                    TAGREFS="LT188"
                    BASELINE="1002 541 1430 538" 
                    HPOS="1000.0"
                    VPOS="497.0"
                    WIDTH="430.0"
                    HEIGHT="70.0">
            <Shape><Polygon POINTS="1002 541 1006 567 1026 556 1425 560 1430 538 1425 508 1026 497 1024 497 1022 497 1000 506 1002 541"/></Shape>
	    <String CONTENT="si la vida no me falta."
                    HPOS="1000.0"
                    VPOS="497.0"
                    WIDTH="430.0"
                    HEIGHT="70.0"></String>
          </TextLine>

          
          
          <TextLine ID="eSc_line_6832963b"
                    TAGREFS="LT188"
                    BASELINE="1004 587 1449 587" 
                    HPOS="1004.0"
                    VPOS="552.0"
                    WIDTH="445.0"
                    HEIGHT="54.0">
            <Shape><Polygon POINTS="1004 587 1004 602 1447 606 1449 587 1449 556 1004 552 1004 587"/></Shape>
	    <String CONTENT="Dame un abrazo, niña,"
                    HPOS="1004.0"
                    VPOS="552.0"
                    WIDTH="445.0"
                    HEIGHT="54.0"></String>
          </TextLine>

          
          
          <TextLine ID="eSc_line_ffcf347f"
                    TAGREFS="LT188"
                    BASELINE="1004 628 1603 633" 
                    HPOS="1002.0"
                    VPOS="584.0"
                    WIDTH="601.0"
                    HEIGHT="77.0">
            <Shape><Polygon POINTS="1333 589 1311 589 1289 589 1267 589 1245 589 1223 589 1201 589 1180 589 1158 589 1136 589 1114 589 1098 589 1004 589 1004 628 1002 655 1250 648 1598 661 1603 633 1601 598 1524 584 1522 584 1434 595 1421 595 1401 595 1337 589 1333 589"/></Shape>
	    <String CONTENT="que te quiero más que al alma."
                    HPOS="1002.0"
                    VPOS="584.0"
                    WIDTH="601.0"
                    HEIGHT="77.0"></String>
          </TextLine>

          
          
          <TextLine ID="eSc_line_2dccb4d7"
                    TAGREFS="LT188"
                    BASELINE="1050 676 1469 676" 
                    HPOS="1050.0"
                    VPOS="639.0"
                    WIDTH="419.0"
                    HEIGHT="62.0">
            <Shape><Polygon POINTS="1050 676 1050 698 1467 701 1469 676 1469 641 1050 639 1050 676"/></Shape>
	    <String CONTENT="—Eso no haré, señor,"
                    HPOS="1050.0"
                    VPOS="639.0"
                    WIDTH="419.0"
                    HEIGHT="62.0"></String>
          </TextLine>

          
          
          <TextLine ID="eSc_line_14b59861"
                    TAGREFS="LT188"
                    BASELINE="1002 720 1473 720" 
                    HPOS="1002.0"
                    VPOS="687.0"
                    WIDTH="471.0"
                    HEIGHT="55.0">
            <Shape><Polygon POINTS="1002 720 1002 736 1471 742 1473 720 1473 687 1002 687 1002 720"/></Shape>
	    <String CONTENT="no se me quede la maña"
                    HPOS="1002.0"
                    VPOS="687.0"
                    WIDTH="471.0"
                    HEIGHT="55.0"></String>
          </TextLine>

          
          
          <TextLine ID="eSc_line_719559c4"
                    TAGREFS="LT188"
                    BASELINE="1002 766 1495 764" 
                    HPOS="1000.0"
                    VPOS="727.0"
                    WIDTH="495.0"
                    HEIGHT="61.0">
            <Shape><Polygon POINTS="1002 766 1002 786 1491 788 1495 764 1489 727 1000 729 1002 766"/></Shape>
	    <String CONTENT="de abrazar á los hombres,"
                    HPOS="1000.0"
                    VPOS="727.0"
                    WIDTH="495.0"
                    HEIGHT="61.0"></String>
          </TextLine>

          
          
          <TextLine ID="eSc_line_0e0badd8"
                    TAGREFS="LT188"
                    BASELINE="1002 806 1555 812" 
                    HPOS="1000.0"
                    VPOS="775.0"
                    WIDTH="555.0"
                    HEIGHT="61.0">
            <Shape><Polygon POINTS="1002 806 1000 825 1550 836 1555 812 1555 782 1002 775 1002 806"/></Shape>
	    <String CONTENT="que es costumbre muy mala."
                    HPOS="1000.0"
                    VPOS="775.0"
                    WIDTH="555.0"
                    HEIGHT="61.0"></String>
          </TextLine>

          
          
          <TextLine ID="eSc_line_5d07fba8"
                    TAGREFS="LT188"
                    BASELINE="1008 852 1447 858" 
                    HPOS="1006.0"
                    VPOS="810.0"
                    WIDTH="441.0"
                    HEIGHT="68.0">
            <Shape><Polygon POINTS="1008 852 1006 871 1443 878 1447 858 1445 823 1008 810 1008 852"/></Shape>
	    <String CONTENT="Y su ilustrísima estaba"
                    HPOS="1006.0"
                    VPOS="810.0"
                    WIDTH="441.0"
                    HEIGHT="68.0"></String>
          </TextLine>

          
          
          <TextLine ID="eSc_line_cb156f88"
                    TAGREFS="LT188"
                    BASELINE="1000 900 1434 904" 
                    HPOS="995.0"
                    VPOS="863.0"
                    WIDTH="437.0"
                    HEIGHT="50.0">
            <Shape><Polygon POINTS="997 898 995 909 1427 913 1432 902 1430 867 997 863 997 898"/></Shape>
	    <String CONTENT="contentísimo y alegre"
                    HPOS="995.0"
                    VPOS="863.0"
                    WIDTH="437.0"
                    HEIGHT="50.0"></String>
          </TextLine>

          
          
          <TextLine ID="eSc_line_10607b23"
                    TAGREFS="LT188"
                    BASELINE="1000 946 1526 946" 
                    HPOS="1000.0"
                    VPOS="891.0"
                    WIDTH="526.0"
                    HEIGHT="83.0">
            <Shape><Polygon POINTS="1416 898 1408 898 1362 913 1217 913 1204 902 1201 900 1199 900 1197 900 1195 900 1193 900 1186 902 1171 911 1138 904 1112 900 1109 900 1000 909 1000 946 1000 959 1118 972 1120 972 1243 968 1386 961 1524 974 1526 946 1526 891 1436 891 1434 891 1432 891 1421 893 1416 893 1416 898"/></Shape>
	    <String CONTENT="escuchando á la muchacha,"
                    HPOS="1000.0"
                    VPOS="891.0"
                    WIDTH="526.0"
                    HEIGHT="83.0"></String>
          </TextLine>

          
          
          <TextLine ID="eSc_line_eb41384a"
                    TAGREFS="LT188"
                    BASELINE="1002 992 1455 998" 
                    HPOS="997.0"
                    VPOS="953.0"
                    WIDTH="457.0"
                    HEIGHT="56.0">
            <Shape><Polygon POINTS="1000 990 997 1005 1449 1009 1454 996 1452 957 1000 953 1000 990"/></Shape>
	    <String CONTENT="y dice: ¿quieres recibir"
                    HPOS="997.0"
                    VPOS="953.0"
                    WIDTH="457.0"
                    HEIGHT="56.0"></String>
          </TextLine>

          
          
          <TextLine ID="eSc_line_ebd8a35e"
                    TAGREFS="LT188"
                    BASELINE="1000 1034 1505 1040" 
                    HPOS="995.0"
                    VPOS="996.0"
                    WIDTH="509.0"
                    HEIGHT="62.0">
            <Shape><Polygon POINTS="997 1031 995 1045 1028 1055 1030 1055 1033 1058 1502 1058 1504 1038 1502 1003 997 996 997 1031"/></Shape>
	    <String CONTENT="aquel pan de dicha tanta?"
                    HPOS="995.0"
                    VPOS="996.0"
                    WIDTH="509.0"
                    HEIGHT="62.0"></String>
          </TextLine>

          
          
          <TextLine ID="eSc_line_5a0b66bf"
                    TAGREFS="LT188"
                    BASELINE="1002 1077 1537 1082" 
                    HPOS="1000.0"
                    VPOS="1040.0"
                    WIDTH="537.0"
                    HEIGHT="61.0">
            <Shape><Polygon POINTS="1002 1077 1000 1095 1533 1101 1537 1082 1537 1047 1002 1040 1002 1077"/></Shape>
	    <String CONTENT="Respondió: ese es mi deseo,"
                    HPOS="1000.0"
                    VPOS="1040.0"
                    WIDTH="537.0"
                    HEIGHT="61.0"></String>
          </TextLine>

          
          
          <TextLine ID="eSc_line_9fbbc21c"
                    TAGREFS="LT188"
                    BASELINE="1004 1119 1550 1128" 
                    HPOS="1002.0"
                    VPOS="1080.0"
                    WIDTH="548.0"
                    HEIGHT="70.0">
            <Shape><Polygon POINTS="1004 1119 1002 1139 1397 1139 1405 1139 1469 1150 1471 1150 1548 1139 1550 1128 1548 1095 1004 1080 1004 1119"/></Shape>
	    <String CONTENT="llevar mi Esposo en el alma."
                    HPOS="1002.0"
                    VPOS="1080.0"
                    WIDTH="548.0"
                    HEIGHT="70.0"></String>
          </TextLine>

          
          
          <TextLine ID="eSc_line_25ffc2ce"
                    TAGREFS="LT188"
                    BASELINE="1002 1169 1524 1169" 
                    HPOS="1002.0"
                    VPOS="1132.0"
                    WIDTH="522.0"
                    HEIGHT="57.0">
            <Shape><Polygon POINTS="1002 1169 1002 1183 1522 1189 1524 1169 1524 1137 1002 1132 1002 1169"/></Shape>
	    <String CONTENT="La dieron los sacramentos,"
                    HPOS="1002.0"
                    VPOS="1132.0"
                    WIDTH="522.0"
                    HEIGHT="57.0"></String>
          </TextLine>

          
          
          <TextLine ID="eSc_line_0c617a1a"
                    TAGREFS="LT188"
                    BASELINE="1002 1211 1563 1215" 
                    HPOS="1000.0"
                    VPOS="1172.0"
                    WIDTH="563.0"
                    HEIGHT="65.0">
            <Shape><Polygon POINTS="1221 1172 1199 1172 1177 1172 1155 1172 1133 1172 1112 1172 1090 1172 1068 1172 1046 1172 1024 1172 1002 1172 1002 1211 1000 1235 1559 1237 1563 1215 1561 1178 1226 1172 1221 1172"/></Shape>
	    <String CONTENT="y entre los dos la acompañan"
                    HPOS="1000.0"
                    VPOS="1172.0"
                    WIDTH="563.0"
                    HEIGHT="65.0"></String>
          </TextLine>

          
          
          <TextLine ID="eSc_line_f3e5955e"
                    TAGREFS="LT188"
                    BASELINE="997 1259 1472 1264" 
                    HPOS="993.0"
                    VPOS="1222.0"
                    WIDTH="478.0"
                    HEIGHT="59.0">
            <Shape><Polygon POINTS="995 1257 993 1268 1467 1281 1471 1261 1471 1226 995 1222 995 1257"/></Shape>
	    <String CONTENT="á su casa, y á su madre"
                    HPOS="993.0"
                    VPOS="1222.0"
                    WIDTH="478.0"
                    HEIGHT="59.0"></String>
          </TextLine>

          
          
          <TextLine ID="eSc_line_cc8f60f9"
                    TAGREFS="LT188"
                    BASELINE="1000 1303 1465 1303" 
                    HPOS="1000.0"
                    VPOS="1261.0"
                    WIDTH="465.0"
                    HEIGHT="66.0">
            <Shape><Polygon POINTS="1000 1303 1000 1327 1465 1325 1465 1303 1465 1270 1000 1261 1000 1303"/></Shape>
	    <String CONTENT="la dicen que la llevaban"
                    HPOS="1000.0"
                    VPOS="1261.0"
                    WIDTH="465.0"
                    HEIGHT="66.0"></String>
          </TextLine>

          
          
          <TextLine ID="eSc_line_a1648b46"
                    TAGREFS="LT188"
                    BASELINE="995 1345 1489 1349" 
                    HPOS="993.0"
                    VPOS="1312.0"
                    WIDTH="496.0"
                    HEIGHT="52.0">
            <Shape><Polygon POINTS="995 1345 993 1364 1487 1364 1489 1349 1487 1316 995 1312 995 1345"/></Shape>
	    <String CONTENT="sin detenerse un instante"
                    HPOS="993.0"
                    VPOS="1312.0"
                    WIDTH="496.0"
                    HEIGHT="52.0"></String>
          </TextLine>

          
          
          <TextLine ID="eSc_line_0f3f37f2"
                    TAGREFS="LT188"
                    BASELINE="997 1393 1489 1388" 
                    HPOS="995.0"
                    VPOS="1356.0"
                    WIDTH="494.0"
                    HEIGHT="63.0">
            <Shape><Polygon POINTS="997 1393 997 1419 1296 1408 1484 1417 1489 1388 1482 1356 995 1358 997 1393"/></Shape>
	    <String CONTENT="en un convento á dejarla,"
                    HPOS="995.0"
                    VPOS="1356.0"
                    WIDTH="494.0"
                    HEIGHT="63.0"></String>
          </TextLine>

          
          
          <TextLine ID="eSc_line_e97e79ea"
                    TAGREFS="LT188"
                    BASELINE="1000 1439 1528 1432" 
                    HPOS="997.0"
                    VPOS="1388.0"
                    WIDTH="531.0"
                    HEIGHT="71.0">
            <Shape><Polygon POINTS="1195 1393 1173 1393 1164 1393 1151 1402 1147 1404 1129 1402 1044 1393 1041 1393 1039 1393 997 1406 1000 1439 1000 1454 1524 1459 1528 1432 1522 1388 1346 1402 1272 1397 1206 1393 1195 1393"/></Shape>
	    <String CONTENT="que si quiere acompañarlos"
                    HPOS="997.0"
                    VPOS="1388.0"
                    WIDTH="531.0"
                    HEIGHT="71.0"></String>
          </TextLine>

          
          
          <TextLine ID="eSc_line_629669f4"
                    TAGREFS="LT188"
                    BASELINE="1000 1483 1572 1483" 
                    HPOS="1000.0"
                    VPOS="1439.0"
                    WIDTH="572.0"
                    HEIGHT="72.0">
            <Shape><Polygon POINTS="1000 1483 1000 1500 1570 1511 1572 1483 1572 1450 1000 1439 1000 1483"/></Shape>
	    <String CONTENT="lo harán de muy buena gana."
                    HPOS="1000.0"
                    VPOS="1439.0"
                    WIDTH="572.0"
                    HEIGHT="72.0"></String>
          </TextLine>

          
          
          <TextLine ID="eSc_line_dd547b72"
                    TAGREFS="LT188"
                    BASELINE="1000 1527 1408 1527" 
                    HPOS="1000.0"
                    VPOS="1485.0"
                    WIDTH="408.0"
                    HEIGHT="68.0">
            <Shape><Polygon POINTS="1000 1527 1000 1542 1405 1553 1408 1527 1408 1487 1000 1485 1000 1527"/></Shape>
	    <String CONTENT="Dijo la madre que sí,"
                    HPOS="1000.0"
                    VPOS="1485.0"
                    WIDTH="408.0"
                    HEIGHT="68.0"></String>
          </TextLine>

          
          
          <TextLine ID="eSc_line_93ea8ebe"
                    TAGREFS="LT188"
                    BASELINE="1002 1573 1530 1568" 
                    HPOS="1000.0"
                    VPOS="1522.0"
                    WIDTH="530.0"
                    HEIGHT="75.0">
            <Shape><Polygon POINTS="1394 1529 1390 1529 1215 1537 1175 1535 1116 1529 1109 1529 1087 1529 1079 1529 1000 1540 1002 1573 1002 1588 1526 1597 1530 1568 1524 1522 1394 1527 1394 1529"/></Shape>
	    <String CONTENT="y en Santa María de Gracia"
                    HPOS="1000.0"
                    VPOS="1522.0"
                    WIDTH="530.0"
                    HEIGHT="75.0"></String>
          </TextLine>

          
          
          <TextLine ID="eSc_line_e11640aa"
                    TAGREFS="LT188"
                    BASELINE="997 1616 1412 1614" 
                    HPOS="995.0"
                    VPOS="1575.0"
                    WIDTH="417.0"
                    HEIGHT="63.0">
            <Shape><Polygon POINTS="997 1616 997 1632 1408 1638 1412 1614 1408 1581 995 1575 997 1616"/></Shape>
	    <String CONTENT="la metieron religiosa,"
                    HPOS="995.0"
                    VPOS="1575.0"
                    WIDTH="417.0"
                    HEIGHT="63.0"></String>
          </TextLine>

          
          
          <TextLine ID="eSc_line_8d89be55"
                    TAGREFS="LT188"
                    BASELINE="995 1660 1456 1660" 
                    HPOS="995.0"
                    VPOS="1627.0"
                    WIDTH="461.0"
                    HEIGHT="57.0">
            <Shape><Polygon POINTS="995 1660 995 1675 1454 1684 1456 1660 1456 1627 995 1627 995 1660"/></Shape>
	    <String CONTENT="donde con gran eficacia"
                    HPOS="995.0"
                    VPOS="1627.0"
                    WIDTH="461.0"
                    HEIGHT="57.0"></String>
          </TextLine>

          
          
          <TextLine ID="eSc_line_5bc8af76"
                    TAGREFS="LT188"
                    BASELINE="1000 1702 1462 1708" 
                    HPOS="997.0"
                    VPOS="1665.0"
                    WIDTH="465.0"
                    HEIGHT="67.0">
            <Shape><Polygon POINTS="1000 1702 997 1715 1458 1732 1462 1708 1462 1671 1000 1665 1000 1702"/></Shape>
	    <String CONTENT="y documentos cristianos"
                    HPOS="997.0"
                    VPOS="1665.0"
                    WIDTH="465.0"
                    HEIGHT="67.0"></String>
          </TextLine>

          
          
          <TextLine ID="eSc_line_bf5740e7"
                    TAGREFS="LT188"
                    BASELINE="993 1750 1412 1750" 
                    HPOS="993.0"
                    VPOS="1706.0"
                    WIDTH="419.0"
                    HEIGHT="64.0">
            <Shape><Polygon POINTS="993 1750 993 1763 1410 1770 1412 1750 1412 1717 993 1706 993 1750"/></Shape>
	    <String CONTENT="las almas arrebataba."
                    HPOS="993.0"
                    VPOS="1706.0"
                    WIDTH="419.0"
                    HEIGHT="64.0"></String>
          </TextLine>

          
          
          <TextLine ID="eSc_line_12ef9093"
                    TAGREFS="LT188"
                    BASELINE="995 1796 1452 1792" 
                    HPOS="993.0"
                    VPOS="1752.0"
                    WIDTH="459.0"
                    HEIGHT="70.0">
            <Shape><Polygon POINTS="995 1796 995 1816 1447 1822 1452 1792 1447 1759 993 1752 995 1796"/></Shape>
	    <String CONTENT="Murió aquella religiosa"
                    HPOS="993.0"
                    VPOS="1752.0"
                    WIDTH="459.0"
                    HEIGHT="70.0"></String>
          </TextLine>

          
          
          <TextLine ID="eSc_line_56e17265"
                    TAGREFS="LT188"
                    BASELINE="991 1840 1419 1840" 
                    HPOS="991.0"
                    VPOS="1809.0"
                    WIDTH="428.0"
                    HEIGHT="53.0">
            <Shape><Polygon POINTS="991 1840 991 1855 1416 1862 1419 1840 1419 1809 991 1809 991 1840"/></Shape>
	    <String CONTENT="sin calentura ni nada,"
                    HPOS="991.0"
                    VPOS="1809.0"
                    WIDTH="428.0"
                    HEIGHT="53.0"></String>
          </TextLine>

          
          
          <TextLine ID="eSc_line_1f0baaa3"
                    TAGREFS="LT188"
                    BASELINE="993 1886 1471 1886" 
                    HPOS="993.0"
                    VPOS="1853.0"
                    WIDTH="478.0"
                    HEIGHT="53.0">
            <Shape><Polygon POINTS="993 1886 993 1901 1469 1906 1471 1886 1471 1853 993 1853 993 1886"/></Shape>
	    <String CONTENT="y la hallaron de rodillas,"
                    HPOS="993.0"
                    VPOS="1853.0"
                    WIDTH="478.0"
                    HEIGHT="53.0"></String>
          </TextLine>

          
          
          <TextLine ID="eSc_line_8a761c1b"
                    TAGREFS="LT188"
                    BASELINE="995 1927 1550 1932" 
                    HPOS="993.0"
                    VPOS="1881.0"
                    WIDTH="557.0"
                    HEIGHT="75.0">
            <Shape><Polygon POINTS="1546 1892 1522 1881 1520 1881 1517 1881 1460 1892 1458 1892 995 1888 995 1927 993 1949 1546 1956 1550 1932 1550 1901 1546 1892"/></Shape>
	    <String CONTENT="puesta en cruz muy elevada,"
                    HPOS="993.0"
                    VPOS="1881.0"
                    WIDTH="557.0"
                    HEIGHT="75.0"></String>
          </TextLine>

          
          
          <TextLine ID="eSc_line_3a097b91"
                    TAGREFS="LT188"
                    BASELINE="995 1976 1425 1971" 
                    HPOS="993.0"
                    VPOS="1938.0"
                    WIDTH="432.0"
                    HEIGHT="62.0">
            <Shape><Polygon POINTS="995 1976 995 2000 1423 1995 1425 1971 1419 1938 993 1941 995 1976"/></Shape>
	    <String CONTENT="y un letrero que decía"
                    HPOS="993.0"
                    VPOS="1938.0"
                    WIDTH="432.0"
                    HEIGHT="62.0"></String>
          </TextLine>

          
          
          <TextLine ID="eSc_line_b546b84a"
                    TAGREFS="LT188"
                    BASELINE="993 2015 1520 2022" 
                    HPOS="991.0"
                    VPOS="1980.0"
                    WIDTH="529.0"
                    HEIGHT="72.0">
            <Shape><Polygon POINTS="993 2015 991 2046 1515 2052 1520 2022 1515 1980 993 1980 993 2015"/></Shape>
	    <String CONTENT="con letras de oro grabadas:"
                    HPOS="991.0"
                    VPOS="1980.0"
                    WIDTH="529.0"
                    HEIGHT="72.0"></String>
          </TextLine>

          
          
          <TextLine ID="eSc_line_a63787b9"
                    TAGREFS="LT188"
                    BASELINE="991 2063 1416 2063" 
                    HPOS="991.0"
                    VPOS="2033.0"
                    WIDTH="425.0"
                    HEIGHT="54.0">
            <Shape><Polygon POINTS="991 2063 991 2087 1416 2081 1416 2063 1416 2033 991 2033 991 2063"/></Shape>
	    <String CONTENT="en amor de Jesucristo"
                    HPOS="991.0"
                    VPOS="2033.0"
                    WIDTH="425.0"
                    HEIGHT="54.0"></String>
          </TextLine>

          
          
          <TextLine ID="eSc_line_68bc35a0"
                    TAGREFS="LT188"
                    BASELINE="991 2105 1482 2109" 
                    HPOS="989.0"
                    VPOS="2059.0"
                    WIDTH="493.0"
                    HEIGHT="79.0">
            <Shape><Polygon POINTS="1408 2065 1386 2065 1381 2065 1368 2076 1265 2065 1254 2065 1232 2065 1217 2065 1210 2074 1195 2068 1191 2065 1188 2065 1166 2065 1164 2065 1160 2068 1144 2074 1116 2070 1094 2065 1079 2065 1061 2065 991 2072 991 2105 989 2120 1059 2136 1061 2136 1107 2125 1116 2125 1138 2127 1212 2136 1215 2136 1217 2136 1219 2136 1219 2133 1223 2129 1226 2127 1228 2129 1232 2136 1234 2136 1234 2138 1237 2138 1239 2138 1241 2138 1243 2138 1261 2131 1272 2127 1478 2138 1482 2109 1478 2059 1408 2061 1408 2065"/></Shape>
	    <String CONTENT="murió esta dichosa alma;"
                    HPOS="989.0"
                    VPOS="2059.0"
                    WIDTH="493.0"
                    HEIGHT="79.0"></String>
          </TextLine>

          
          
          <TextLine ID="eSc_line_43abcc66"
                    TAGREFS="LT188"
                    BASELINE="991 2151 1419 2155" 
                    HPOS="989.0"
                    VPOS="2109.0"
                    WIDTH="430.0"
                    HEIGHT="70.0">
            <Shape><Polygon POINTS="1408 2109 1386 2109 1364 2109 1342 2109 1320 2109 1298 2109 1291 2109 1289 2109 1287 2109 1285 2109 1285 2111 1274 2120 991 2114 991 2151 989 2171 997 2177 1000 2177 1002 2177 1004 2177 1136 2168 1164 2168 1414 2179 1419 2155 1416 2109 1408 2109"/></Shape>
	    <String CONTENT="que por eso se la dice"
                    HPOS="989.0"
                    VPOS="2109.0"
                    WIDTH="430.0"
                    HEIGHT="70.0"></String>
          </TextLine>

          
          
          <TextLine ID="eSc_line_6ef14565"
                    TAGREFS="LT188"
                    BASELINE="995 2199 1399 2195" 
                    HPOS="993.0"
                    VPOS="2153.0"
                    WIDTH="406.0"
                    HEIGHT="61.0">
            <Shape><Polygon POINTS="1234 2155 1212 2155 1210 2153 1191 2164 1149 2155 1147 2155 993 2166 995 2199 995 2214 1397 2214 1399 2195 1394 2164 1254 2155 1234 2155"/></Shape>
	    <String CONTENT="y por eso se la llama"
                    HPOS="993.0"
                    VPOS="2153.0"
                    WIDTH="406.0"
                    HEIGHT="61.0"></String>
          </TextLine>

          
          
          <TextLine ID="eSc_line_38da39b2"
                    TAGREFS="LT188"
                    BASELINE="989 2243 1441 2243" 
                    HPOS="989.0"
                    VPOS="2197.0"
                    WIDTH="452.0"
                    HEIGHT="68.0">
            <Shape><Polygon POINTS="989 2265 1441 2256 1441 2243 1441 2208 1403 2197 1401 2197 1399 2197 1210 2203 1033 2208 991 2197 989 2243 989 2265"/></Shape>
	    <String CONTENT="la enamorada de Cristo"
                    HPOS="989.0"
                    VPOS="2197.0"
                    WIDTH="452.0"
                    HEIGHT="68.0"></String>
          </TextLine>

          
          
          <TextLine ID="eSc_line_e2de3d4f"
                    TAGREFS="LT188"
                    BASELINE="991 2287 1447 2291" 
                    HPOS="989.0"
                    VPOS="2249.0"
                    WIDTH="458.0"
                    HEIGHT="79.0">
            <Shape><Polygon POINTS="991 2287 989 2326 1443 2328 1447 2291 1447 2256 991 2249 991 2287"/></Shape>
	    <String CONTENT="MARÍA JESÚS DE GRACIA."
                    HPOS="989.0"
                    VPOS="2249.0"
                    WIDTH="458.0"
                    HEIGHT="79.0"></String>
          </TextLine>

          
        </TextBlock>
        
        <TextBlock HPOS="840.0"
                   VPOS="2333.0"
                   WIDTH="184.0"
                   HEIGHT="74.0"
                   ID="eSc_textblock_6c9f8e92"
                   TAGREFS="BT539">
          <Shape><Polygon POINTS="840 2333 840 2407 1024 2407 1024 2333"/></Shape>
          
          
          <TextLine ID="eSc_line_3acd2d94"
                    TAGREFS="LT188"
                    BASELINE="855 2379 996 2380" 
                    HPOS="851.0"
                    VPOS="2333.0"
                    WIDTH="144.0"
                    HEIGHT="57.0">
            <Shape><Polygon POINTS="984 2333 962 2333 940 2333 919 2333 897 2333 875 2333 853 2333 853 2377 851 2390 993 2385 995 2379 993 2333 984 2333"/></Shape>
	    <String CONTENT="FIN"
                    HPOS="851.0"
                    VPOS="2333.0"
                    WIDTH="144.0"
                    HEIGHT="57.0"></String>
          </TextLine>

          
        </TextBlock>
        
        <TextBlock HPOS="598.0"
                   VPOS="2401.0"
                   WIDTH="631.0"
                   HEIGHT="63.0"
                   ID="eSc_textblock_2f262a94"
                   TAGREFS="BT541">
          <Shape><Polygon POINTS="859 2404 943 2409 1007 2401 1229 2401 1228 2464 598 2462 612 2401 725 2409 801 2406"/></Shape>
          
          
          <TextLine ID="eSc_line_28f66729"
                    TAGREFS="LT188"
                    BASELINE="642 2436 1212 2444" 
                    HPOS="638.0"
                    VPOS="2401.0"
                    WIDTH="572.0"
                    HEIGHT="92.0">
            <Shape><Polygon POINTS="1188 2401 1166 2401 1144 2401 1123 2401 1101 2401 1079 2401 1057 2401 1035 2401 1013 2401 991 2401 969 2405 947 2407 925 2407 903 2407 881 2405 859 2405 837 2405 815 2405 794 2407 772 2407 750 2407 728 2407 706 2407 684 2405 662 2403 640 2403 640 2434 638 2484 708 2475 719 2486 721 2486 721 2488 723 2488 726 2488 829 2490 831 2490 833 2490 868 2482 925 2466 1039 2473 1044 2477 1059 2490 1061 2490 1063 2490 1065 2493 1131 2493 1131 2490 1133 2490 1136 2490 1153 2475 1175 2490 1177 2490 1180 2490 1182 2490 1184 2490 1186 2490 1208 2473 1210 2442 1210 2401 1188 2401"/></Shape>
	    <String CONTENT="Imps. Hospital, 19 «El Abanico»"
                    HPOS="638.0"
                    VPOS="2401.0"
                    WIDTH="572.0"
                    HEIGHT="92.0"></String>
          </TextLine>

          
        </TextBlock>
        

        
      </PrintSpace>
    </Page>
  </Layout>
</alto>
