1860 2629
225.0 328.0 49.0 97.0 56

372 348 1123 173 44 Á MI AMADA.

752.0 587.0 474.0 76.0 HIMNO COREADO.

774.0 705.0 449.0 140.0 CORO DE INTRODUCCION.

383.0 808.0 402.0 85.0 Salud, amable Elisa,

359.0 867.0 395.0 70.0 Hermosa cual el sol !

359.0 909.0 419.0 74.0 Tu faz divina muestra

353.0 959.0 394.0 68.0 Que á miles eclipsó :

361.0 1007.0 402.0 66.0 Y escucha bondadosa

355.0 1049.0 371.0 68.0 El lánguido rumor

359.0 1097.0 410.0 64.0 De mal templada lira

357.0 1141.0 390.0 90.0 Que pulsa tu cantor.

1160.0 777.0 395.0 83.0 Los sinceros acentos

1123.0 843.0 425.0 66.0 Que el aura á tí llevó,

1129.0 882.0 355.0 71.0 Son eco fiel y puro

1125.0 926.0 381.0 70.0 De amante corazon :

1133.0 977.0 351.0 63.0 Acógelos benigna,

1129.0 1014.0 382.0 68.0 Que candorosos son

1133.0 1049.0 487.0 79.0 Cual preces que se elevan

1133.0 1104.0 365.0 107.0 Al trono del Señor.

855.0 1189.0 296.0 99.0 ᑕORO GENERAL.

304.0 1244.0 621.0 105.0 A sus plantas, ó ninfas hermosas,

307.0 1329.0 476.0 77.0 Acudid al albor matinal,

1070.0 1222.0 612.0 107.0 Con coronas de mirto y de rosas

1072.0 1290.0 540.0 98.0 Que ceñir á su sien virginal.

947.0 1386.0 125.0 108.0 (DUO.)

313.0 1443.0 638.0 97.0 Hada amiga que en plácida noche

309.0 1509.0 568.0 74.0 Só tus alas de gasa esmaltada,

311.0 1555.0 522.0 70.0 En el seno d'e ELISA adorada

315.0 1605.0 424.0 90.0 Depositas poética flor,

1081.0 1406.0 623.0 103.0 Anchno espacio con mágico vuelo

1083.0 1481.0 590.0 78.0 Veloz hiende, ligera cual brisa,

1085.0 1527.0 575.0 72.0 Y en la faz peregrina de ELISA

1081.0 1564.0 669.0 94.0 Sella un beso impregnado de amor

899.0 1654.0 248.0 89.0 CORO FINAL.

320.0 1719.0 627.0 114.0 A sus plantas, ó ninfas hermosas,

320.0 1800.0 474.0 81.0 Acudid al albor matinal,

1087.0 1702.0 621.0 96.0 Con coronas de mirto y de rosas

1094.0 1776.0 555.0 79.0 Que ceñir á su sien virginal.

1607.0 1805.0 145.0 81.0 —J. A. C.—

1302.0 2142.0 364.0 110.0 (ES PROPIEDAD.)

337.0 2326.0 1463.0 134.0 Se halla de venta en casa de Antonio Bosch, calle del Bou de la plaza Nueva, n.° 3.

348.0 2409.0 1474.0 160.0 Barcelona —Imp. de Narciso Ramirez, calle de Escudillers, núm. 40, piso principal. —186I.
