932 1438
286 32 231 21 Historia verdadera

27 41 820 54 victorioso varon, juntando sus hijos , y Aliados, los

25 88 330 45 hablò de esta manera.

87 127 761 54 Seria tener demasiado amor à la vida el querer conservar-

25 174 823 51 la, y retenerla con pèrdida de la Religion. Pesame de aver vi

25 219 823 49 vido, considerando el tiempo à que Dios me ha traìdo en mi

24 261 826 51 vejèz, para ver los desastres de mi Pueblo, y la destruccion

24 305 825 50 de la Santa Jerusalèn, desamparada, y expuesta à ser presa de

24 349 825 52 manos facinorosas, y a que la profanen los impìos. Su Templo

25 393 823 47 ha sido tratado como objeto de todos los oprobrios, y sus glorio-

26 436 822 48 sos vasos, que eran para el servicio de Dios vivo, han sido roba-

25 479 824 49 dos, y profanados. Nosotros hemos visto sus calles cubiertas de muer-

25 522 825 50 tos, y los niños degollados sobre los cuerpos de sus padres. Què na-

25 568 826 47 cion no ha posseido nuestras herencias, y no se ha enriquecido de

26 609 824 49 nuestros despojos? La santidad del Templo no ha detenido las ma-

27 653 823 50 nos sacrilegas; y tanto numero de esclavos de esta sobervia Ciudad,

27 697 825 47 no se ha podido librar de las llamas. Fuera de esto, què prorecho

26 740 825 50 podemos tener de la vida, si no es para vengar el agravio que se ha-

25 783 826 47 ce à nuestro Dios? Prometenme todas las honras, y bienes licita-

27 826 821 48 mente que puedo esperar, si quiero obedecer al Rey Antioco, y

26 870 826 48 hacerme de la parte de los que tan cobardemente han hecho traycion

27 913 826 49 à su Ley. Pero no permita Dios, que yo cayga jamas en una

26 956 826 50 tal prostitucion de juicio, ò de animo. Quando todos los de mi Na-

27 1001 825 48 cion se huvieran conspirado de dexar su Ley, y ajustarse à la vo-

27 1041 820 51 lutad del Principe, puedo responder por mì, por mis hijos,

27 1088 825 47 mis hermanos, assegurandome de su generosidad, que nunca ha-

27 1130 827 46 ràn cosa vil, y cobarde. Y assi todos los que tuvieren zelo de la

27 1173 825 50 verdadera Religion juntense à nosotros, y sepan, que en me

27 1218 825 46 dio de tanas miserias, no ay cosa mejor, que sellar con su san-

29 1259 821 54 gre el camno de la libertad, y la gloria, para dar exemplo

26 1303 210 54 á la posteridad.

784 1344 44 54 En
