1859 2606
251 1274 1106 224 SÁTIRA NUEVA

95 1433 1416 167 Chistosa y divertida en la que se declaran los vicios de las mozas

488 1550 630 76 y casadas y se advierte à los

312 1598 978 119 mozos, ojo, ojo y ojo, y los casados alerta.

104 1763 495 89 Atencíon aqui solteros,

58 1811 526 91 si me quereis escuchar,

56 1865 552 85 á este chiste tan gracioso

54 1930 551 85 que á todos ha de gustar.

102 1971 464 98 Y es de las doncellas

49 2026 415 89 que van á el paseo

45 2082 439 94 y siguen las modas,

45 2143 374 82 sin tener dinero.

95 2195 450 72 Llevan buen zapato,

45 2245 502 80 tambien buen manton,

49 2301 372 83 vestidos de seda,

43 2351 337 126 a toda funcion.

957 1787 534 82 Esta es la causa señores

912 1852 601 85 que se pierden las doncellas

909 1902 580 78 que cuando sale una moda

909 1952 600 104 ni el diabio puede con ellas.

949 2004 410 93 Y luego las pobres,

899 2060 364 85 no tienen dinero

903 2113 525 97 y al momento le hablan

894 2176 443 69 á un buen caballero.

942 2223 478 98 Que tela que he visto,

899 2273 373 83 para un delantal,

896 2332 435 78 asi muchas pierden,

888 2386 332 135 su rico caudal.
