1032 1425
488 7 129 39 — 10 —

175 452 758 44 Fué tan cumplida y tremenda la venganza, que por muchos años,

146 47 789 38 un rastro de sangre señaló su paso. Vida por vida, sexo por sexo,

147 76 691 46 aquel puñado de valientes esparció el terror por el imperio.

174 115 764 39 Un numeroso ejército griego les salió al encuentro y fué destroza¬

143 141 802 49 do. Xir Miguel que lo capitancaba debió su salvacion á la rapidez de

146 176 117 43 su huida.

175 212 757 42 Pero donde se cebó la sed de venganza de los catalanes fué en Ro¬

147 244 793 42 dosto. Casas, templos, ancianos, niños, hombres, y mujeres, todo

149 279 785 44 fué atropellado; á montones llenaban plazas y calles los cadávares;

146 311 790 45 no hubo piedad; el brazo heria sin escuchar á la víctima. Ay, si

147 352 791 36 Rodosto hubiese podido devolver la vida á los tres embajadores que

146 380 792 41 habia cobardemente asesinado, con cuanta precipitacion lo hubiera

148 416 90 41 hecho!

149 484 786 43 y aun llegó á contar siglos, fué muy popular en Grecia esta amenaza:

147 521 472 38 «La venganza de catalanes sea contigo.»

178 555 761 38 Pero la hueste no estaba satisfecha; aun faltaba cortar la mano

147 584 792 46 que habia quitado la vida á Roger de Flor. Todo tiene su dia. El dia

149 622 227 43 de los alanos llegó.

180 653 758 41 Recuérdese que George era gefe de los alanos y que estos fueron

150 687 784 46 los que organizaron el plan que debia dar, como dió, por resultado la

154 722 190 45 muerte de Rojer

516 893 50 43 V.

178 1062 760 43 He aquí como cuenta un moderno historiador el hecho que de¬

152 1096 789 38 biera llamarse la justicia mas bien que venganza, que mal se venga

153 1125 494 49 quien defiende su vida y castiga al traidor.

180 1160 756 45 «Habiendo regresado á Galípoli Rocafort y Gimenez (dos gefes,

150 1194 791 44 sucesores de Roger) de su venturosa espedicion, supieron que los

150 1229 784 40 alanos, es decir, los que mas habian contribuido á la muerte de Ro¬

153 1261 780 57 jer de Flor, se volvian á sus tierras cansados de los trabajos y fa–
