1060 1593
473 102 106 41 — 16—

147 139 755 43 buhonero; Juliana lloraba, y Gervasio, aun admitiendo

147 177 755 43 que Ana fuese criminal, la perdonaba, rogando al bailío

146 212 758 41 que destruyese todas las pruebas de aquel endiablado nego-

146 247 758 43 cio, cosa que el bailío rehusó hacer, protestando que aun

146 283 758 40 cuando la parte agraviada perdonase, tenia que satisfacer

146 319 757 40 la vindicta pública, aunque en realidad era esto lo que me-

147 355 757 44 nos le ocupaba, y sí el conseguir por este medio la posesion

147 387 113 41 de Ana.

191 421 713 46 Por fin, compareció el buhonero judío, aunque sin el

147 457 756 43 cubierto, pues segun dijo, le habia vendido ya; pero al ser-

147 495 756 41 le presentado por Miguel uno de los de su madre, confesó

147 528 754 42 que era enteramente igual al que la doncella le vendió, es-

147 565 457 39 tando marcado con la misma letra.

189 596 711 41 Esta declaracion cayó como una bomba entre los con-

147 631 755 45 currentes: ya no habia motivo para dudar, pues la duda se

147 667 754 43 convertía en evidencia, y ante aquella realidad no habia

148 702 755 38 más que cerrar los ojos confesando dolorosamente el crí-

147 738 754 43 men de aquella mujer, un crímen bajo é infame, más que

147 773 753 39 cualquier otro, por las circunstancias que le rodeaban, que

146 808 754 44 eran agravantes todas ellas. En su consecuencia, se proce-

146 840 753 45 dió á la prision de Ana, quedando desde aquel dia consti-

148 877 751 42 tuido el tribunal que debia juzgarla, y haciéndose sentir en

147 911 401 38 él la infiuencia fatal del bailío.

184 945 713 41 Ana atravesó la aldea entre gendarmes, con lágrimas

147 982 750 39 en los ojos y la infamia en la frente, mientras su pobre pa-

147 1016 750 44 dre, ignorante de todo, no sabia á qué atribuir su tardanza.

189 1049 708 43 Ana, al salir de aquella casa donde tantos ratos de con-

146 1086 751 41 suelo habia disfrutado su corazon, donde todo el mundo la

147 1122 750 43 habia mirado siempre como de la familia, sintió su corazon

147 1155 749 45 trastornado por el dolor, porque la sospecha mata al inocen-

148 1192 485 42 te lo mismo que el delito al criminal.

190 1225 707 42 Era objeto de una acusacion, infundada, es verdad, pero

147 1265 743 39 basada en pruebas admitidas en derecho, y sin embargo,

148 1298 748 42 todos aquellos corazones á quienes creia animados del

147 1333 745 42 mismo sentimiento que el suyo, la dejaban ir, no sin dolor,

147 1368 690 41 ó al menos con cierta indiferencia, bastante para ella.

190 1401 702 53 Miguel, su mismo prometido, cerraba los ojos por no verla.
