947 1310
171 1 41 23 20

151 28 369 28 y la adoró, y por su medio

146 46 367 39 se convirtió á la verdadera

144 74 369 46 Religion, y dió toda la glo-

147 109 329 40 ria al Dios de Jerusalén.

195 137 318 44 Judith, prosiguiendo la

144 171 369 37 empresa aconsejó al Pueblo

140 198 370 42 que al despuntar el dia salie-

141 235 369 34 sen armados de la Ciudad,

141 265 369 35 como dando á entender, que-

140 295 370 32 rian dar la batalla : que con

142 322 371 33 esto irian corriendo los Asy-

140 348 365 41 rios á la tienda de Holofer-

140 379 365 39 nes, para dispertarle, y vien-

140 411 368 39 do el suceso, quedarian tan

141 444 367 35 amedrantados, que se harian

140 470 365 43 gran destrozo de sus vidas.

140 501 365 38 Asi como lo dixo, asi acon-

140 529 371 43 teció. Egecutóse lo que Judith

140 562 368 36 habia mandadó, y los Capi-

139 590 372 39 tanes contrarios acudieron á

140 621 371 36 su General, á tomar las or-

139 651 374 38 denes necesarias. Era ya

140 681 373 40 bien entrado el dia, y él dor-

139 711 367 40 mia él sueño de la muerte,

141 741 365 41 del qual nadie dispierta, si-

140 776 367 37 no es de milagro. Llamaron

140 802 367 41 à Vagao su Camarero, para

141 832 367 39 que entrase dentro, y él lo

139 861 369 38 reusó al principio, no que-

139 896 368 30 riendo impedir los placeres

143 924 364 35 de su Señor ; pero como se

140 949 366 42 iba haciendo tarde, él entro,

141 980 365 41 é hizo ruido, no como que lo

141 1010 365 35 queria hacer, sino por acaso;

143 1042 362 37 y viendo que nadie se movia,

141 1069 367 35 se acercó á la cama, pensan-

141 1102 367 34 do que todavia estaba con

147 1126 361 45 Judith. Al cabo, habiendo-

140 1160 368 57 le dicho, que el enemigo

529 22 368 38 estaba puesto en batalla, cor-

533 49 362 40 rió con mucho tiento la cor-

531 78 364 43 rina, y vió el cuerpo de su

535 110 359 38 Señor sin cabeza, que esta-

535 140 290 40 ba nadando en sangre.

572 169 322 39 Quedó tan fuera de si,

527 201 366 34 que hizo luego al punto pe-

528 230 367 39 dazos sus vestiduras en señal

530 258 360 42 de dolor, y sentimiento , y

530 294 364 35 fue corriendo á la camara de

529 319 364 41 Judith, para darla mil muer-

529 354 364 31 tes si la encontrase : pero no

530 379 363 42 hallandola , comenzó á dar

531 411 361 42 horribles gritos, y dixo, como

530 444 361 38 aquella Estrangera habia lle-

531 469 361 44 nado la casa de Nabucodono-

531 499 360 42 sor de confusiones, y que ha-

533 534 359 34 bia muerto á su General Holo-

534 562 358 38 fernes, que no era mas que un

530 593 362 37 tronco sin cabeza, cubierto

530 621 362 41 de su sangre. Fueron todos

530 656 362 36 corriendo á verlo, y queda-

530 683 361 35 ron atonitos con el terror.

527 708 364 41 Divulgóse por todo el Ejerci-

528 742 363 39 to el estrago, y todo era una

527 770 364 42 desesperacion, todo lagrimas

526 798 369 41 y ahullidos. Al mismo tiem-

523 832 368 33 po se descubrió la cabeza de

523 861 368 35 Holofornes colgada de las

525 889 366 40 murallas de Bethulia, y todas

526 919 363 37 las Tropas del Ejercito de los

523 949 366 40 Asyrios temblaban con un te-

524 987 365 35 mor panico, y como castiga-

524 1009 362 41 das con un azote del Cielo,

523 1044 363 37 comenzaron á desbaratarse, y

525 1070 363 40 á tumultuarse , huyendo,

525 1099 364 41 procurando cada uno librar

529 1130 259 42 su vida con la fuga.

567 1158 321 74 Al verlos los Israelitas

834 1194 57 44 die-
