1074 1384
98 46 794 37 que la ha levanado! Burlóse, pues, del almogavar el genovés y no se

95 68 800 45 habia estinguido aun en sus labios la risa del desprecio, cuando la

98 108 797 37 azcona, la sencilla azcona del soldado catalan, habia ya dado cuenta

99 141 795 40 de su vida. Promovióse al instante un alboroto indescriptible en la

98 174 793 42 taberna, y en número crecido se arrojaron sobre el almogavar los

101 212 786 37 compañeros del difunto. Pero el que solo llevaba una red en la ca¬

100 238 782 44 beza y una piel al hombro, contuvo é hizo retroceder á sus adver¬

101 274 789 45 sarios. Del figon se estendió á la ciudad la lucha : se agregaron otros

100 307 792 43 almogávares al primero, y algrito de Desperta ferro, hubieran dado

99 342 791 44 un mal rato á los genoveses, á no interponerse la voz de mando del

100 374 780 46 gefe de aquellos valerosos é indómitos soldados. El gefe se llama¬

98 410 204 51 ba Rojer de Flor.

475 576 42 44 II.

128 716 767 45 Rojer de Flor habia nacido en Brindis y era hijo de un entusiasta

101 748 793 48 partidario de Coradino, de aquel que fué la víctima de Cárlos de

100 785 789 44 Anjou de Francia. Jóven impetuoso, aventurero de natural, de atlé¬

95 821 797 42 ticas formas, de fácil palabra, de arrogante figura, era el capitan

96 854 794 43 que nos ocupa al llegar á la edad adulta. Entonces se hizo templario.

96 890 795 40 Pero si se adecuaban á su modo de pensar las costumbres de aquellos

98 922 794 42 sacerdotes guerreros en la parte militar, no le cuadraban así mismo

95 954 793 48 la subordinacion á que se veia obligado y las reprensiones que por

100 989 789 44 su modo de proceder tenia que hacerle el abad. Así fué que un dia,

96 1029 794 38 de fraile se convirtió en corsario. El mar presenció los primeros

99 1055 488 44 victoriosos pasos de su carrera marítima.

129 1093 762 43 Terrible para con sus enemigos, era bueno y humano con los

96 1129 773 41 vencidos. Pocas veces ha existido un pirata mas galan, ni mas es-

99 1157 793 50 pléndido. Largas jornadas de gloria contaba ya su vida cuando ofreció

96 1193 796 42 sus servicios al Rey Federico de Sicilia, el cual en aquella época iba

96 1231 796 41 á comenzar una cruda guerra contra su hermano el rey Jaime de

99 1260 790 58 Aragon. Rojer de Flor acreditó otra vez su fama de gran capitan,
