1860 2629
184.0 333.0 399.0 83.0 Papelero no lo escojo,

151.0 398.0 432.0 59.0 porque si le salgo infiel

149.0 427.0 500.0 65.0 me pondrá con las mazadas

151.0 477.0 460.0 55.0 el cuerpo como un papel.

190.0 521.0 461.0 50.0 Con cohetero no me caso,

153.0 556.0 566.0 66.0 porque es fácil que se inquiete;

153.0 598.0 426.0 61.0 y el día menos pensado

149.0 637.0 517.0 68.0 me pongn al culo un cohete.

195.0 683.0 403.0 57.0 Un boterillo soplando,

157.0 725.0 430.0 52.0 me sopla cierto consejo,

153.0 755.0 494.0 68.0 pero por más que me sople

153.0 804.0 399.0 61.0 no soplará mi pellejo.

197.0 841.0 375.0 55.0 Un pisonero me pisa

151.0 874.0 469.0 65.0 siempre que voy al pisón

157.0 915.0 472.0 66.0 pero por más que me pise

157.0 961.0 406.0 62.0 no pisa mi habitación.

199.0 1001.0 437.0 63.0 Me pide un alpargatero,

157.0 1042.0 439.0 59.0 pero con él no me calzo,

160.0 1066.0 544.0 79.0 porque quien calza alpargatas

160.0 1123.0 524.0 64.0 claro está que anda descalzo.

201.0 1165.0 446.0 50.0 Un ingeniero se ingenia

160.0 1194.0 506.0 70.0 por disfrutar de mi ingenio,

162.0 1242.0 513.0 65.0 pero por más que se ingenie

162.0 1288.0 482.0 59.0 nunca será de mi ingenio.

201.0 1327.0 424.0 48.0 Sillero no me acomoda,

162.0 1360.0 498.0 64.0 porque sogún lo que siento

164.0 1406.0 406.0 53.0 el día que más trabaja

164.0 1439.0 568.0 74.0 más tiempo se halla de asiento.

208.0 1487.0 423.0 57.0 Un cordonero me sigue

164.0 1529.0 463.0 57.0 por todas las procesiones,

168.0 1568.0 419.0 53.0 más no siendo militara

168.0 1590.0 490.0 83.0 ¿para que quiero cordones?

210.0 1638.0 478.0 70.0 Un impresor me imprimió

173.0 1686.0 379.0 55.0 letras en mi corazón,

173.0 1717.0 544.0 70.0 ¿qué importa que las imprima

171.0 1768.0 489.0 61.0 si no me hacen impresión?

214.0 1803.0 417.0 65.0 A mi casa un cardador,

175.0 1849.0 430.0 65.0 se llegó cierta mañana,

947.0 319.0 500.0 92.0 le dije: por bien que cardes

951.0 392.0 426.0 50.0 no me cardarás la lana.

1000.0 420.0 403.0 64.0 Un herrador pretendió

954.0 468.0 502.0 59.0 herrarme con gran ternura,

951.0 512.0 435.0 59.0 pero por dar en el clavo

954.0 549.0 484.0 55.0 dió en medio la herradura.

997.0 591.0 413.0 50.0 Un esquilador de fama

951.0 635.0 380.0 48.0 á mi casa un día fué

956.0 672.0 465.0 57.0 con ánimo de esquilarme,

954.0 707.0 359.0 64.0 y le dije: esquílate.

997.0 727.0 509.0 85.0 Un bordador me hace señas,

954.0 786.0 416.0 66.0 y le respondo con risa:

956.0 832.0 449.0 55.0 no esperes bordar jamás

956.0 876.0 395.0 59.0 el forro de mi camisa.

989.0 902.0 449.0 68.0 Zurrador me huele mal;

958.0 955.0 447.0 61.0 porque si á la pata llana

958.0 994.0 384.0 55.0 no camino, será fácil

958.0 1036.0 450.0 48.0 que me zurre la badana.

997.0 1073.0 433.0 50.0 Gaitero es oficio alegre,

960.0 1117.0 476.0 52.0 más no lo quiero tampoco,

960.0 1152.0 562.0 59.0 que mientras él anda en fiestas

962.0 1196.0 470.0 61.0 la mujer se sopla el moco.

1000.0 1237.0 412.0 57.0 Otro número de oficios

965.0 1277.0 467.0 50.0 me dejo aún en el tintero,

962.0 1314.0 441.0 61.0 por no borrar más papel

962.0 1345.0 511.0 68.0 con personas que no quiero.

1000.0 1384.0 568.0 70.0 ¿Pues con quién podré casarme

962.0 1434.0 463.0 55.0 que á gusto pueda vivir?

967.0 1474.0 463.0 66.0 ya lo tengo bien pensado

965.0 1520.0 329.0 61.0 y lo voy á referir.

1002.0 1544.0 445.0 77.0 Que no nací para monja

969.0 1601.0 368.0 53.0 al principio confesé;

969.0 1634.0 388.0 63.0 pero ya desengañada

969.0 1678.0 502.0 59.0 monja á la fuerza he de ser.

1013.0 1713.0 471.0 65.0 En un convento tranquila

976.0 1763.0 375.0 55.0 podré mi vida pasar,

973.0 1800.0 415.0 53.0 orando continuamente

976.0 1840.0 421.0 72.0 y luego de Dios gozar.

908.0 1919.0 94.0 92.0 FIN

254.0 2206.0 1441.0 144.0 Barcelona: Imps. De Cristina Segura Vda. de A. Llorens. Palma de Santa Catalina, núm. 6
