995 1444
235 25 50 34 24

375 25 406 36 Historia de San Lorenzo Martyr.

189 54 764 49 mes delitos y crueldades, y ahora por una eterni-

186 97 767 50 dad estará pagando con su malvado padre sus mal-

184 139 321 47 dades en el infierno.

215 183 735 48 En esto vienen á parar semejantes Tyranos,

182 227 773 47 en muertes desastradas y breves : y por esso dice

182 268 772 49 el Eclesiastico : Que la vida de todo Poderoso es breve.

186 313 769 48 Habla de estos Tyranos : porque verdaderamente

182 356 775 48 tiene contra sì miuchos contrarios; pues la sufocan

182 400 775 49 los cuidados, la oprimen los vicios, la persiguen

182 442 772 50 los traydores, la inquietan los ofendidos, y la pre-

181 483 774 52 cipita su mal obrar. No quiere Dios que dure mu-

180 529 775 47 cho lo que ordinariamente es sobervio y violento:

182 570 773 48 y como la vida de estos es, sobre altiva, violenti-

180 614 772 51 sima, falta luego; y particularmente si son crueles,

186 658 770 47 y derramadores de sangre humana. Y assi dixo

180 700 774 51 bien Thales Milesio, que rarissimas veces se vé un

183 748 771 49 Tyrano viejo; pues se vieron tiempos, que en cien

184 787 654 53 años fueron muertos treinta Emperadores.

410 930 331 2 FIN

509 1009 304 1 Reimprimase

570 1079 171 3 Guemes

182 1084 774 91 Se hallarà esta, y otras diferentes

217 1174 693 68 en Murcia en la Imprenta, y Li-

255 1248 640 69 breria de Francisco Benedito,

373 1316 395 71 vive en la Plateria.
