1753 2480
186.0 291.0 481.0 62.0 La Ramona, mi vecina,

142.0 332.0 525.0 64.0 se ha casado con un chico,

144.0 380.0 589.0 70.0 que además de ser muy corto,

144.0 425.0 515.0 58.0 es el pobre muy bo-rrico;

146.0 460.0 571.0 77.0 y está el hombre disgustado

148.0 510.0 511.0 74.0 porque dice que Ramona,

146.0 566.0 517.0 62.0 aunque tiene buena pasta

144.0 609.0 476.0 64.0 le ha salido dormi-lona.

192.0 675.0 572.0 83.0 Don Quiterio se ha enfadado

144.0 735.0 490.0 60.0 con su chica Baldomera,

148.0 783.0 569.0 70.0 porque hablaba con el novio

148.0 834.0 437.0 56.0 asomada á la ga-tera;

148.0 876.0 480.0 60.0 y se enfada con motivo,

150.0 913.0 511.0 70.0 porque dice don Quiterío,

150.0 961.0 542.0 62.0 que el hablar por la gatera

150.0 1012.0 424.0 64.0 le resulta gatu- perio.

1002.0 289.0 521.0 68.0 Yo no sé qué le ha pasado

952.0 330.0 408.0 64.0 á la chica de Mateo,

952.0 386.0 526.0 56.0 que antes era gordinflona,

955.0 423.0 568.0 66.0 y ahora está como un fi-deo.

955.0 479.0 504.0 45.0 Es la causa, según dicen,

957.0 514.0 583.0 64.0 que hace poco más de un año,

955.0 566.0 394.0 54.0 era novia de Perico

957.0 607.0 543.0 62.0 y ha tenido un desen-gaño.

996.0 671.0 562.0 77.0 Cuando ya iba á desposarse

957.0 733.0 477.0 64.0 Sinforoso con la Juana,

957.0 785.0 446.0 58.0 han roto las relaciones

955.0 828.0 514.0 56.0 de la noche á la ma-ñana.

957.0 868.0 539.0 66.0 El no piensa ya en la boda

957.0 919.0 597.0 58.0 y no habrá quien le convenza,

963.0 963.0 498.0 62.0 porque dice que la Juana

959.0 1002.0 504.0 72.0 ha perdido la ver-güenza.

994.0 1118.0 575.0 132.0 “EL ARCA DE NOE„

194.0 1281.0 481.0 54.0 Los autores de mis dias

150.0 1330.0 563.0 56.0 y los que educaron mi niñez

152.0 1374.0 346.0 58.0 me pronosticaron

155.0 1401.0 479.0 70.0 que iba á sufrir mucho

155.0 1463.0 508.0 62.0 por mi exagerada timidez

152.0 1502.0 532.0 60.0 la verdad es que me asusto

152.0 1554.0 629.0 68.0 de una cucaracha y de un raton

152.0 1591.0 383.0 66.0 y al ir á acostarme

152.0 1630.0 513.0 62.0 miro á ver si hay alguien

152.0 1682.0 561.0 60.0 entre las pagitas dal gergon

152.0 1725.0 660.0 62.0 si diera el caso de que me mirase

155.0 1777.0 655.0 62.0 ó de que me hablase alguna mujer

155.0 1812.0 324.0 60.0 tengo la certeza

155.0 1860.0 376.0 55.0 que sin remediarlo

157.0 1905.0 285.0 60.0 podría jurarlo

152.0 1950.0 397.0 62.0 que echaba á correr

157.0 1998.0 403.0 60.0 ay, ay, ay, que bien

152.0 2043.0 356.0 56.0 me encuentro así

155.0 2066.0 624.0 89.0 Pepa, que, luego te lo esplicaré.

202.0 2145.0 507.0 84.0 Yo tambien de pequeñita

155.0 2223.0 500.0 60.0 era un modelito de rubor

159.0 2267.0 440.0 51.0 tanto que á mi padre

157.0 2294.0 521.0 97.0 esta será esposa del Señor

952.0 1281.0 474.0 52.0 antes todo me asustaba

957.0 1316.0 597.0 70.0 y la diferencia de hayer á hoy

955.0 1364.0 421.0 59.0 es que si ahora viera

952.0 1417.0 428.0 48.0 darle á usted un palo

957.0 1450.0 574.0 85.0 me quedaba tal y como estoy

957.0 1506.0 347.0 54.0 hace pocos meses

955.0 1539.0 440.0 70.0 si halguien me seguia

957.0 1591.0 339.0 56.0 lloraba y corria

955.0 1630.0 376.0 66.0 como un chiquitin

959.0 1680.0 370.0 64.0 y ahora me sucede

957.0 1725.0 339.0 56.0 todo lo contrario

957.0 1767.0 335.0 57.0 señor Secretario

963.0 1816.0 455.0 66.0 Vaya un par de monos

959.0 1864.0 359.0 58.0 vaya unos tipitos

961.0 1905.0 376.0 56.0 y cuantos mimitos

959.0 1940.0 405.0 68.0 que se hacen los dos

961.0 1996.0 434.0 54.0 vaya un par de niños

957.0 2031.0 407.0 62.0 más desvergonzados

959.0 2077.0 386.0 64.0 y más desahogados

961.0 2128.0 386.0 58.0 que son los gachós.

1006.0 2163.0 116.0 69.0 ¡Pon!

1004.0 2236.0 484.0 93.0 Como soy tan comedido

963.0 2296.0 432.0 86.0 al ver á Pepita decídí
