940 1422
208 24 345 46 de San Lorenzo Martyr.

693 13 45 60 17

3 63 769 52 Respondiò el Santo con grande seguridad, y animo

2 108 769 48 invencible: Tus tormentos se han de acabar, y yo

15 151 755 45 en nombre de mi Señor Jesu-Christo no los temo:

2 194 769 47 haz lo que quisieres, y no te canses. Enojòse sobre

11 235 759 50 manera el Tyrano, y mandò de nuevo azotar al san-

9 282 757 47 to Diacono fuertemente con plomadas, para que

1 322 762 45 moliesen sus carnes.Hizo oracion San Lorenzo à Dios,

3 362 760 52 pidiendole, que fuese servido de recibir su alma; y

0 407 767 51 oyò una voz del Cielo, que le decia: Mucho te fal-

2 455 195 45 ta que padecer.

34 492 733 51 Esta voz oyeron los que estaban presentes, y el

5 537 761 47 mismo Juez, mas endurecido por eso diò voces, di-

9 581 756 43 ciendo : Varones Romanos, no veis como los demo-

0 624 767 48 nios favorecen á este sacrilego, que ni teme à los Dio-

3 665 761 48 ses, ni à vuestros Principes, ni à tan crueles, y es-

13 708 753 45 quisitos tormentos ? Y embraveciendose mas el Tyra-

8 749 761 49 no, ciego con el furor, mandò de nuevo que lo

15 793 752 45 estendiessen en el tormento que llamaban Catasta,

7 836 763 48 y estirassen, y descoyuntasen sus miembros, como

3 881 768 46 tambien el que luego despedazasen sus carnes con

9 919 758 50 peynes de hierro, y otros diabolicos instrumentos.

7 962 756 49 El Santo y constante Martyr, con rostro alegre da-

3 1007 761 48 ba gracias al Señor, y con corazon amoroso, y

11 1047 760 48 confiando le decia : ,,Bendito seais, Señor y Padre

22 1089 750 52 ,,de mi Señor Jesu-Christo, que usais de tanta mi-

20 1136 750 46 ,,sericordia con quien tan poco lo merece. Dadme,

22 1176 752 48 ,,Señor, por vuestra infinita bondad vuestra santa

15 1222 759 47 ,,gracia, para que todos los circunstantes conozcan

17 1264 756 48 ,,que no desamparais á vueſtros siervos, antes los fa-

17 1302 730 64 ,,voreceis, y consolais en el tiempo de la tribulacion.

408 1344 31 49 C

674 1354 73 45 Aca-
