1134 1569
511 53 112 54 —26—

163 107 807 42 mente debe salir por alguna parte este rio que se resbala por entre es-

164 141 808 39 tas peñas. Si yo construyo una balsa y me abandono á la corriente del

165 171 807 34 agua, llegaré á otras tierras tal vez mejores que esta, ó sino acabaré con

165 199 805 40 la empresa mi vida: si esto me sucede, nada mas habré hecho que cam-

164 229 806 40 biar el género de muerte que aquí de seguro me aguarda; y si afortuna-

164 261 807 38 damente logro salir de esta tierra fatal, podré llegar tal vez á donde el Cie-

163 293 808 38 lo me tenga reservadas tales prosperidades, que me indemnicen de mi

163 320 807 36 naufragio. Halagado con esta idea, cojí gruesos maderos y formé una bal-

163 349 807 42 sa. Concluida ya, la cargué con muchos fardos de rubies, ámbar y dife-

163 380 807 41 rentes piedras preciosas. Tomé dos pequeños remos, equilibré perfecta-

163 411 806 41 mente la carga de la balsa, y me abandoné á la corriente del rio, ponien-

161 441 287 37 do mi esperanza en Dios.

206 473 763 34 Pronto me hallé dentro de la cueva, sin ver ni el mas pequeño resqui-

161 501 809 39 cio de luz; seguia corriendo sobre las aguas, y no podia saber adonde

162 530 807 36 me encaminaba. Por la duracion del tiempo conocí que llevaba corrien-

161 560 807 41 do algunos dias, y en algunos parages era la bóveda tan baja, que mu-

161 591 807 40 chas veces estuve á punto de dejar la cabeza en las rocas; pero me tendí

161 621 807 41 cuanto pude sobre la balsa y logré salvar aquel peligro. Las provisiones

161 657 806 32 que me restaban al emprender mi marcha, se concluyeron, y la primera

163 681 804 38 vez que tuve necesidad de alimento, sin saber yo por qué, se apoderó de

160 709 805 38 mí un sueño suave, quedándome profundamente dormido. lgnoro cuánto

161 741 804 39 tiempo estuve durmiendo; solo se que al despertar me hallé con el ma-

161 770 805 39 yor asombro en una deliciosa campiña que bañaba un caudaloso rio. A la

159 799 806 42 orilla estaba mi balsa atada, y á mí me rodeaban muchos negros. Al des-

161 830 804 41 pertar me hablaron; pero yo no pude comprender su lenguaje. Arrebata-

161 862 803 39 do de gozo al verme en aquel sitio, me levanté prontamente y alzando las

160 894 803 31 manos al Cielo esclamé, recitando estos versos arábigos: Si á la omni-

159 920 804 39 potencia invocas, acudirá en tu auxilio. Si en Dios pones tu corazon al dor-

160 950 734 35 mirte, cuando despiertes habrá cambiado tu suerte de mala en buena.

204 980 759 39 Uno de aquellos negros entendia el árabe y cuando me oyó hablar me

160 1009 802 40 dijo: «Hermano, nosotros somos habitantes de esta campiña. Hoy habia-

161 1041 801 38 mos venido como otros muchos dias á regar nuestros plantíos con las aguas

161 1070 801 40 de ese rio que sale del monte inmediato, y advertimos que venia sobre la

160 1100 802 41 corriente un bulto: uno de nosotros se arrojó al rio, y nadando consi-

160 1129 802 40 guió agarrar la balsa y traerla á la orilla: la hemos atado y aguardábamos

161 1159 800 40 á que os despertáseis. Decidnos de dónde venís; pues ignoramos en qué

161 1189 799 41 sitio principia este rio.» Le dije que me diese de comer, porque no podia

161 1219 799 38 tenerme de necesidad, y despues contestaria á sus preguntas. Hízolo así

161 1249 798 39 como yo lo pedia, y despues que comí con gran apetito diferentes manja-

161 1279 797 37 res que me presentaron, les referí exactamente cuanto me habia ocur-

159 1306 798 45 rido, escuchándome primero el intérprete y luego diciéndolo él á los de-

160 1338 796 39 mas, quienes quedaron sumamente sorprendidos, y convinieron en que

160 1367 780 46 tan estraordinaria historia merecia ser contad por mí mismo á su rey.
