1860 2629
366 1557 1107 175 GUZMAN EL BUENO.

241 1737 1338 96 Relacion histórica del trágico fin de su hijo don Pedro, asesinado por los

451 1811 897 88 moros al pié de los muros de Tarifa con el puñal

649 1875 511 94 que su mismo padre les tiró.

245 2033 511 70 De una hazaña sin ejemplo

197 2092 509 70 voy á contaros la historia,

197 2142 441 55 que casi nadie creyera

199 2193 448 56 si no fuera tan notoria.

247 2239 430 61 Allá por el siglo trece

199 2287 487 65 los moros y los cristianos

201 2331 380 74 ya pacíficos vivian,

199 2381 463 96 ya llegaban á las manos.

987 2037 478 74 A la España subyugaron

940 2090 452 65 los árabes por traicion,

936 2136 522 67 mas costóles mucha sangre

938 2193 406 59 su larga dominacion.

982 2232 498 70 Entre mil que resistieron,

932 2287 517 72 citaré á Guzman el Bueno,

934 2337 441 59 á quien no logró abatir

940 2381 426 88 todo el poder agareno.
