1860 2629
405.0 188.0 44.0 55.0 4

322.0 245.0 513.0 57.0 Con llanto quíero apagar

267.0 286.0 643.0 66.0 el llanto que arde en mi pecho;

276.0 339.0 559.0 61.0 pero es mi llanto muy poco

276.0 385.0 496.0 81.0 para apagar tanto fuego.

318.0 468.0 511.0 84.0 Es el dulce de tus lábios

274.0 534.0 357.0 64.0 de naturaleza tal,

274.0 576.0 583.0 68.0 que por mucho que se coma

276.0 617.0 515.0 84.0 nunca llega á empalagar.

320.0 712.0 454.0 74.0 A la fuente, morenita

274.0 779.0 515.0 62.0 te vás á llorar tus penas;

278.0 825.0 559.0 64.0 por eso en sus claras aguas

276.0 874.0 579.0 76.0 se están encontrando perlas.

322.0 961.0 504.0 73.0 A una flor un beso diste

287.0 1020.0 502.0 64.0 y al punto la flor murió:

278.0 1071.0 612.0 59.0 dáme á mí un beso, bien mio,

278.0 1119.0 548.0 61.0 aunque tambien muera yó.

326.0 1200.0 621.0 79.0 Es cual piedra echada á un rio

282.0 1259.0 507.0 64.0 el querer que puse en tí:

285.0 1305.0 572.0 77.0 que llega al fondo, se clava,

289.0 1360.0 454.0 94.0 y ya no vuelve á salir.

1028.0 225.0 641.0 75.0 Cuando se hunda el firmamento,

982.0 284.0 498.0 62.0 cuando se seque la mar,

980.0 322.0 691.0 78.0 cuando el sol no alumbre al mundo

987.0 383.0 493.0 83.0 podrá mi pecho olvidar.

1035.0 460.0 566.0 87.0 ¡Cuando el sol nos abandona

987.0 521.0 535.0 70.0 qué negra queda la tíerra!

991.0 565.0 458.0 74.0 ¡Cuando nos falta la fé

989.0 613.0 570.0 90.0 qué negra el alma se queda!

1033.0 705.0 447.0 72.0 El Asia dicen que fué

987.0 771.0 519.0 57.0 del género humano cuna;

991.0 825.0 441.0 51.0 en tus ojos, morenita,

989.0 865.0 500.0 77.0 tiene la mitad su tumba.

1035.0 948.0 515.0 81.0 Al dar un beso á mi niña

989.0 1020.0 552.0 60.0 cuando me fui de su aldea,

989.0 1069.0 473.0 52.0 se puso como la grana,

989.0 1112.0 467.0 71.0 me puse como la cera.

1037.0 1191.0 465.0 75.0 ¿Encima de tu ventana

991.0 1242.0 570.0 79.0 por qué un letrero no pones

993.0 1307.0 559.0 62.0 que diga á todo el que pase

993.0 1349.0 494.0 88.0 cárcel de los Corazones?

309.0 2320.0 1384.0 94.0 CARMONA:—Imp. de D. José M.ª Moreno, Madre de Dios núm. 1.
