1060 1573
312 101 396 73 HISTORIA MARAVILLOSA

487 176 44 36 DE

108 231 792 87 LA HIJA DEL REY DE HUNGRÍA.

337 398 322 38 CAPÍTULO PRIMERO.

104 468 787 46 De cómo el rey de Hungría, Clotaldo, quedó viudo y su hija la prin-

195 507 598 40 cesa Adalmira fué la mujer más hermosa del reino.

101 582 787 25 Es Hungría uno de los reinos más antiguos del Norte, conoci-

98 596 789 41 do más generalmente por el país de los Magiares. En este reino vi-

99 630 788 38 vió hace muchos años un príncipe llamado Clotaldo, que desde su

96 660 789 44 juventud fué famoso por sus liviandades que le valieron la maldi-

95 692 789 42 ción de su padre. Muerto éste, subió al trono Clotaldo, y se casó

95 727 787 39 con una hermosa circasiana que habia conocido en una de sus ex-

92 758 787 38 cursiones de caza. Pasada la luna de miel, el rey Clotaldo prosi-

93 791 787 40 guió con mas afán que antes sus cacerías y diversiones y dió la

92 823 787 38 más mala vida que imaginarse puede á la reina su mujer. Para ali-

91 857 787 38 vio de penas, Clotaldo se entregó por completo á las pasiones li-

90 891 786 37 vianas, y en poco tiempo todos los arrendadores y colonos de las

89 922 786 39 cercanías tenían motivos de agravio con el rey, pues Clotaldo, sin

87 953 786 37 mirar respetos de ninguna clase, penetraba en las cabañas y en los

87 989 784 39 caseríos y de grado ó por fuerza conseguía sus malvados propósitos.

122 1020 748 40 Los súbditos de Clotaldo hubieran querido castigar las dema-

86 1053 784 41 sías del rey, pero el temor ahogaba sus agravios y el reino todo

84 1086 785 36 sufría resignado las atrocidades de aquel depravado monarca. La

82 1118 786 40 reina, que era muy virtuosa, se vió despreciada, y al ver el clamo-

81 1152 782 40 reo de sus vasallos por los atropellos de su marido se acongojaba,

83 1181 781 42 y todo el día se lo pasaba llorando en su palacio. Clotaldo llegó á

78 1215 785 39 irritarse de los gimoteos de la hermosa circasiana, su mujer, y la

78 1247 785 38 encerró en un castillo almenado. Allí vivió proscrita la infeliz se-

79 1281 783 42 ñora y le echaban los alimentos por una ventana muy alta, y de

76 1312 783 40 resultas de la humedad y la demacración contrajo una enfermedad

77 1345 783 46 muy grave. La reina, que estaba en cinta cuando Clotaldo mandó

76 1377 781 56 que la encerrasen, dió á luz en la prisión, entre unas pajas y sin
