912 1325
153 0 6 34 6

127 48 347 16 habitan? En qué poder con-

125 55 352 41 fia su insolencia ? Que confe-

125 85 352 39 deracion mantienen? De dón-

124 117 347 36 de esperan auxilio contra el

126 146 337 37 poder de mis armas ? Si to-

123 175 340 34 dos los del Oriente se sujetan

126 206 337 33 á Nabuco, cómo desprecia-

123 239 349 35 ron estos la magestad de su

124 267 347 37 nombre? Salieron á recibir-

122 297 349 34 nos tantas estrañas Nacio-

122 328 349 39 nes, y han de rendirse alti-

124 358 348 38 vos estos á nuestro valor?

123 390 346 39 Sepa yo qué gente es esta.

124 421 348 37 Entonces Achior, Principe

125 450 348 38 de los Amonitas, se levantó

129 481 344 40 y le hizo una larga relacion

127 510 347 39 del origen, y qualidades de

128 540 348 39 los Judios, diciendole en

124 573 242 37 breve lo siguiente.

155 602 318 38 Sabrás, Señor, como esta

123 630 350 39 Nacion desciende de los Cal-

123 661 350 39 deos, y se separó de ellos

123 691 348 40 por causa de la Religion,

122 721 349 39 menospreciando á todor los

123 750 345 39 Dioses Gentiles, y no cre-

124 781 344 39 yendo sino en un Dios, Au-

123 811 345 37 tor del Cielo, y de la tierra.

124 842 344 37 Estos pasaron á Egypto por

123 872 344 37 una grande hambre, y alli se

123 901 344 39 multiplicaron tanto, que co-

124 931 343 36 menzaron á dar recelos á los

125 962 341 38 Egypcios, que continuamen-

125 992 341 37 re les maltrataban. Pero su

126 1022 340 38 Dios vengó sus agravios con

127 1051 339 41 horribles plagas del Cielo,

128 1082 341 39 que destruyeron á todo Egyp-

128 1115 341 37 to, de manera, que sus ene-

128 1143 341 41 migos se vieron obligados á

129 1171 340 49 dejarles ir libres donde qui-

493 46 335 15 siesen. Pero el Rey Faraon,

493 53 337 39 habiendo tomado la resolucion

493 84 336 40 de persegirlos, y acabarlos,

484 116 347 35 fue sepultado con toda su

490 145 338 36 armada en el mar Bermejo,

484 180 6 31 por donde este Pueblo habia

475 210 16 36 pasado á pie en junto. Des-

488 236 344 35 de alli caminaron por los de-

487 265 343 37 siertos esteriles de la Ara-

487 295 346 36 bia, en que Dios los susten-

487 326 346 38 ró milagrosamente, dando-

487 357 346 36 les manjares del Cielo, y man-

486 385 346 38 dando á las peñas, que abrie-

486 416 345 37 sen maniantales, y fuentes.

490 446 340 37 Y has de advertir, Señor, que

485 483 6 31 quando estos Hebreos están

489 507 341 37 bien con su Dios, son inven-

487 539 343 39 cibles, lo qual visiblemente se

486 572 3 33 ha conocido por las victorias

487 597 343 40 que han obtenido de los Febu-

487 629 342 38 seos, Phereceos, Amorreos,

487 659 343 38 y otros Pueblos, que ellos

487 688 343 39 habian consumido, apoderan-

482 719 349 39 dose de sus tierras, y esta-

486 749 342 37 dos. Pero si acaso sucedia,

486 780 344 39 que estuviesen manchados

486 810 344 36 con alguna iniquidad, no

482 844 4 31 habia cosa mas cobarde, por-

487 870 341 38 que entonces estaban desam-

487 899 341 39 parados del Cielo, y descai-

487 931 340 34 dos del todo. Y por tanto no

482 960 343 38 os aconrejo, que os aventureis

481 989 346 38 con ellos antes de saber el

481 1018 344 39 estado en que se hallan al

481 1048 343 41 presente con su Dios, Porque

485 1078 338 39 si se hallan bien unidos con él,

486 1108 338 39 y le adoran, y reverencian

485 1138 338 39 como deben, siempre queda-

486 1169 183 42 rán vencedores.

774 1193 51 60 Los
