1753 2480
362 97 659 69 vaio: Pastrano! vamos jareando!

536 159 365 68 « Van mis zagales

536 214 515 69 « Mientras que yo reniego

538 275 395 63 « Sobre el Pescante

410 329 851 71 Morota! Morota!! Morota!!! Soó! cabayo

365 400 893 69 que te enreas! ay! que mosca y que genio

366 454 425 72 que tiene ese cabayo.

542 518 355 55 « Vamos señores,

541 569 440 64 « Que viene clareando

541 629 431 66 « Al coche! al coche!

552 695 451 62 Vente conmigo zalero,

547 752 521 65 Que no es larga la jornáa,

554 817 398 56 Y verás el posaero,

541 870 458 68 En llegando ala posáa.

420 964 843 63 Rá á á á á á á firme! firme! Pastora! Pas-

372 1023 900 73 tora: que te en reas en esos tirantes; Ya te

374 1082 898 79 lo dije Juanío; que se los habias puesto mal

376 1158 259 83 esta mañana.

554 1205 414 70 Arranca la Eligencia

560 1268 284 61 Va por el aire

378 1304 896 88 No hay ladrones, señorita ensauche uste las

378 1381 896 68 entretelas de este pechito: uy garbosa! y crea-

385 1442 892 85 me uste a mi que aquello son cuatro amigos

560 1507 322 67 « Vá por el aire

560 1562 462 73 No me empujes Pepiya

559 1628 323 62 Haste que pare.

387 1676 891 77 A Dios cabayeros! Sagráa! reáa Vandolera,

385 1744 211 77 esa torda!

566 1802 405 66 Que á escape vamos

574 1853 459 70 Y en el camino es fácil

569 1913 376 73 Dar un mal paso »

570 1975 459 71 Señorita, á uste le digo

576 2037 431 62 Se va uste á mareá....

580 2091 501 74 Venga uste aqui conmigo

580 2156 470 70 Y esa angustia se le irá.

450 2258 838 85 Pulia! Beata! Beata!! Pastrano! que la
