1860 2629
504.0 1454.0 908.0 116.0 EL NUEVO CURRO MARINERO

631.0 1542.0 641.0 66.0 CON SU CURRA MARINERA.

824.0 1594.0 270.0 81.0 (1.ª parte.)

304.0 1638.0 250.0 162.0 (ÉL A ELLA.)

548.0 1958.0 500.0 90.0 y en tu boca una cancion.

282.0 2011.0 531.0 76.0 Yo me embarco con mi curra,

239.0 2048.0 434.0 72.0 y me largo al alta mar ;

236.0 2094.0 505.0 79.0 que á mi niña no la espanta

230.0 2131.0 689.0 88.0 de mi barco el zozobrar. Suelta el etc.

278.0 2184.0 535.0 87.0 Uy ! que sal , la de mi curra !

234.0 2236.0 441.0 59.0 ven, airosa, junto á mí,

230.0 2276.0 478.0 68.0 que yo bogo con mas brio

228.0 2320.0 695.0 81.0 cuando estoy viéndote á tí. Suelta el etc.

980.0 1984.0 522.0 117.0 Con un buen puro en la boca

940.0 2063.0 426.0 75.0 y á mi lado mi currilla,

938.0 2114.0 485.0 68.0 yo me miro rey del mundo,

932.0 2142.0 730.0 97.0 y es mi trono mi barquilla. Suelta el etc.

980.0 2197.0 485.0 79.0 Yo ni al rico ni al pudiente

930.0 2236.0 502.0 79.0 tengo envidia por san Blas,

932.0 2291.0 550.0 72.0 tengo un puro, barco y curra,

932.0 2335.0 713.0 92.0 no ambiciono nada mas. Suelta el etc.

910.0 1654.0 98.0 70.0 CORO.

594.0 1678.0 493.0 98.0 Suelta el remo, mi currilla,

557.0 1737.0 394.0 83.0 y la vela y el timon,

550.0 1770.0 796.0 103.0 a.. a.. a.. ay, a.. a.. a.. ay, a.. a.. a.. ay,

550.0 1829.0 570.0 79.0 mas me gusta , por san Telmo,

550.0 1870.0 456.0 75.0 mientras remo con teson,

548.0 1923.0 469.0 66.0 en tu mano una guitarra
