1110 1580
461 95 109 47 —13—

125 147 780 32 sufría en silencio todas estas injurias y rogaba á Dios muy contrita-

125 172 776 38 mente la sacase con bien de su embarazo para marcharse de aque-

126 202 774 42 lla casa y volviese á renacer allí la paz que sólo su presencia aleja-

126 233 772 44 ba, pero el conde juró y perjuró que se había de casar con ella,

127 266 773 40 pues le importaba mucho más estar conforme con su conciencia

127 298 773 40 que con los miramientos del mundo, y así lo preparó todo para la

128 329 772 42 boda que se llevó á efecto en la capilla del castillo sin más acompa-

130 364 771 38 ñamiento que el sacerdote que los bendijo y un viejo criado que

129 394 772 44 por haber visto nacer al conde su señor le tenía mucha ley y le

132 428 415 40 quería como si fuera su propio hijo.

146 458 757 43 De allí a dos meses, Adalmira dió á luz un robusto y hermoso

135 492 768 40 rapazuelo, que sacó la mirada penetrante y noble de su padre y la

134 524 768 42 hermosura y rubicundez de su madre, que vino á estrechar más y

134 559 770 37 más los tiernos lazos en que se hallaban unidos Adalmira y el con-

135 587 770 40 de. Muy de menos echaba Adalmira sus manos, pues como madre

136 619 770 37 cariñosa y amante quería arreglar por sí misma á su niño, y á cada

136 651 770 41 instante se veía atascada por la falta de tan útiles como necesarios

136 683 767 42 remos. La vieja condesa parecia haber dado treguas á sus enojos, y

137 714 769 42 ya no molestaba á sus hijos con las injurias y denuestos de cos-

136 746 771 36 tumbre, pero ni siquiera una vez sola tomó en sus brazos á su tierno

138 779 770 38 nietecito ni estampó en su inocente boca un amoroso beso. El conde

137 810 772 41 se recreaba la vista en la hermosura de su hijo, y Adalmira, en medio

138 843 770 33 de sus aflicciones por no merecer la estimación de su suegra, era

138 873 770 39 feliz y vivía contenta olvidada de las grandezas del mundo, y sin

138 904 769 40 preocuparse de otra cosa que de su marido el conde y de su hijo.

139 936 771 37 En esto llegó un dia en que el rey de Francia Luis IX, organizó la

137 967 773 39 octava Cruzada contra los infieles de la Cristiandad, y como el con-

138 998 773 40 de de Provenza se habia acreditado como bravo, á pesar de su poca

137 1031 771 39 edad, en la Cruzada sétima organizada también por el mismo rey,

138 1062 774 38 le mandó cartas reales llamándole á la santa empresa y nombrán-

137 1093 774 42 dole capitán de una de las más aguerridas mesnadas de ballesteros.

139 1126 772 37 El conde recibió con mucho pesar estas órdenes, porque amantísi-

137 1156 776 43 mo de la tranquilidad del hogar creyó haber encontrado la verda-

139 1190 775 41 dera felicidad al lado de su familia, pero como buen patriota y cris-

138 1221 776 43 tiano no pudo negarse á la orden del rey y se dispuso para empren-

137 1255 778 37 der la marcha y á unirse á los nobles caballeros que de todos los

139 1285 776 41 pueblos de la cristiandad acudian á alistarse en las filas para diri-

138 1316 777 42 girse á Tierra Santa y libertar aquellos lugares del dominio de los

139 1353 100 39 infieles.

178 1372 737 75 Mucho afigió á Adalmira la nueva de la marcha de su esposo a
