2148 3034
1094 134 173 83 — 9 —

509 237 1333 73 querer espirar; y habiéndole preguntado al soldan cuál era el de-

505 247 1336 113 lito que habia cometido, nos dijo que sólo el haber dado una bo-

504 303 1337 108 fetada á un peregrino español que pasaba en romería por aquella

499 345 1340 111 ciudad. El infante, condolido del moro, le suplicó encarecida-

499 397 1332 108 mente le perdonase; mas el soldan le contestó no lo podia hacer,

497 450 1339 99 en atencion á que si le indultaba, era dar pábulo ó motivo para

494 498 1342 102 que otros ultrajaran á los peregrinos, en términos que no habria

494 542 1338 103 quien pasase por su reino ; y de consiguiente debia de permane-

490 595 1341 99 cer en aquel estado hasta morir de hambre, sin el menor socorro

492 638 1332 117 por parte de persona alguna, so pena de sufrir el mismo castigo

488 689 557 71 el que intentase libertarle.

556 729 1268 110 Siendo ya tiempo de seguir nuestro viaje, pedimos licencia

482 778 1340 111 al soldan para ello ; y despues de habérnosla concedido, junta-

485 829 1337 106 mente con muchas joyas y piedras preciosas que regaló al in-

480 881 1340 111 fante, encargó á sus emires nos acompañaran hasta salir de sus

478 930 1341 104 dominios, á fin de evitar se nos impidiese el paso. Con ellos ca-

478 974 1337 111 minamos unas ochenta leguas, que era lo que nos restaba de

475 1029 1340 98 aquella provincia: y despidiéndonos de su compañía, llegamos á

473 1070 1341 108 la ciudad de Perona. Visitamos al monarca, quien enterado de

472 1122 1338 105 quiénes éramos y la direccion que llevábamos, nos preguntó con

472 1164 1338 111 toda severidad dijésemos si entre nosotros iba alguna persona

468 1216 1339 103 real ó señor poderoso, á lo que contestó García Ramirez que todos

468 1264 1336 106 éramos pobres peregrinos, y pasábamos á ver al Preste Juan. Nada

463 1318 1341 99 conforme con lo que se le dijo, mandó se nos pusiese en la cárcel

461 1363 1341 108 con separacion unos de otros :  todos los dias se nos interrogaba

461 1412 1341 110 sobre lo mismo; pero viendo que estábamos siempre contestes á

461 1458 1337 102 una misma cosa, despues de cuarenta dias de prision, mandó se

460 1510 1337 99 nos pusiera en libertad, pero con la condicion de que cada uno

456 1555 1339 115 habíamos de pagar veinte escudos de oro y salir al momento de

451 1604 265 68 su territorio.

524 1651 1269 110 Despues de haber satisfecho la cantidad impuesta, salimos

448 1697 1342 106 de aquella ciudad para la de Sobranza, cuyo soberano, sospe-

446 1747 1342 103 chando mal de nosotros, ordenó nos retirásemos luego al punto

446 1796 1342 105 de su presencia, y que si despues del tercero dia permanecíamos

445 1843 1340 112 dentro de sus Estados, en el sitio donde nos hallaran sufriríamos

445 1896 1332 98 una muerte afrentosa; y que por el desacato de habernos inter-

440 1946 1343 113 nado en ellos sin el debido permiso, pagásemos cincuenta escu-

438 1988 523 85 dos de oro por cada uno.

507 2036 1271 108 Notificada que nos fué esta sentencia, no pudimos ménos de

433 2085 1342 112 darla cumplimiento en todas sus partes, con tanta celeridad, que

429 2138 1346 108 en pocos dias atravesamos un desierto que tenia más de doscien-

429 2181 1346 114 tas leguas, sin encontrar poblacion ni casa alguna, hasta la ciu-

426 2231 1342 118 dad de Asian, cuyos habitantes nos recibieron con toda urbani-

426 2282 1061 121 dad y agrado, haciéndonos pagar un corto tributo.

456 2344 354 96 D. Pedro de Portugal.

1561 2388 25 54 2
