1127 1570
524 127 117 46 — 12—

484 248 198 45 TERCER VIAJE.

607 463 372 43 Poco tiempo habia pasado

609 493 369 40 entregado á los deleites de la vida,

608 524 372 42 y ya en ellos habia perdido el re-

607 555 374 37 cuerdo de los riesgos corridos en

607 584 374 39 mis dos viajes. Estaba todavia en

605 614 375 40 la flor de mi edad, y el ardor de

607 644 373 41 la sangre me impulsaba á nuevos

601 676 379 36 peligros á mas estrañas aventu-

182 705 797 35 ras. Desde Bagdad me dirijí otra vez á Balsora con ricas mercancias, y

183 734 796 42 embarcándome con otros mercaderes, nada particular nos ocurrió enlos

183 765 164 39 primeros dias.

226 792 753 37 Uno en que nos hallábamos en alta mar, fuimos sorprendidos por

181 824 797 38 una terrible borrasca, y perdimos nuestro rumbo. Por algunos dias fui-

181 853 798 42 mos el juguete de las olas, y al fin salvándonos prodigiosamente, nos en-

181 886 798 39 contramos arrojados en una isla que ya el capitan conocia muy bien, y nos

182 916 797 38 dijo: «Esta isla, como todas sus inmediatas, están habitadas por unos

182 947 796 37 hombres muy velludos, que sin duda nos acometerán; pero es preciso

183 976 795 35 que nosotros no les resistamos, pues aunque son enanos, es su número

183 1007 796 34 mas escesivo que el de las langostas, y en el momento que hiciésemos

182 1036 796 40 daño á uno de ellos caerian como una bandada sobre nosotros y nos sa-

183 1063 138 37 crificarian.»

226 1092 754 40 Estas palabras sobrecogieron á todos los pasageros, y creció nuestro

182 1127 797 38 temor cuando vimos aparecer una multitud de salvages asquerosos, que

182 1155 797 39 apenas tendrian tres pies de altura. Nuestro buque se hallaba anclado no

184 1185 795 38 muy lejos de la isla, y nosotros desde él, vimos echarse á nado aquellos

184 1215 794 37 hombrecillos, que al acercarse nos hablaban un lenguage que no enten-

184 1245 795 38 diamos. Agarrándose á las jarcias, treparon sobre su cubierta con estraor-

183 1274 795 38 dinaria velocidad. Nosotros les dejamos hacer llenos de terror sin atre-

184 1303 793 38 vernos á ponerles la menor resistencia. Soltando ellos las velas, dirigie-

184 1332 790 40 ron el rumbo hácia otra isla distante de la suya. Cuando llegamos allá,

184 1366 792 39 nos hicieron desembarcar á todos, y al momento ellos se volvieron con

184 1392 391 40 el buque hácia donde habian salido.

229 1420 746 50 Encontrándanos en la isla solos y sin buque, nos internamos en ella,
