1669 2367
280 250 1217 61 ahora que soy como el Padre de Faraon superintendente de su casa

278 299 1209 63 y príncipe de Egipto. Id, pues, presto y traedme á mi amado padre,

272 347 1219 57 dadle las nuevas de mi vida y de mi dignidad. Contadle toda la glo¬

274 384 1219 61 ria y grandeza de que vosotros mismos sois testigos, y decidleque

280 431 1215 60 le aguardo, y que es la voluntad de Dios que venga á descansar á la

274 473 1215 67 tierra de Gesen, donde tendrá todo lo que pueda desear para sus

272 518 457 59 hiios y para sus ganados.

335 564 1164 57 Al oir tales palabras los hermanos de José se le arrojaron todos

276 605 1221 57 al cuello y él les fué abrazando uno á uno, vertiendo abundantes

280 648 1213 60 lágrimas de regocijo y de ternura. Pidiéronle perdon y el virtuoso

278 694 678 61 hebreo los volvió á abrazar de nuevo.

337 741 1158 57 Este suceso pronto llegó á oidos de Faraon, quien lo celebró mu¬

280 785 1213 55 chísimo y al punto envió á llamar á José. Este le contó cuanto le ha¬

284 822 1217 63 bia pasado y de tal relacion asombrado le mandó que hiciese venir á

278 875 1223 52 su padre á Egipto con sus hermanos y le dió muchos carros y cabal-

288 923 954 55 gaduras para que trajesen cuanto en su tierra tenian.

339 956 1152 61 Llenos de gozo marcharon los hermanos de José, cargados con

278 1004 1221 57 los regalos que este les habia hecho, y en cuanto llegaron á su casa

291 1045 1204 59 dieron cuenta á su anciano padre de cuanto les habia sucedido. Jacob

291 1088 1206 63 les esperaba impaciente con el deseo de volver á ver á su querido

288 1134 1217 61 Benjamin y al preso Simeon junto con todos los demás. Dijéronle

286 1177 1213 57 como José estaba vivo aun, que le habian visto, hablado y comido

290 1230 1219 54 con él, y que era la segunda persona del reino de Egipto, teniendo

288 1268 501 59 á su cargo todo el gobierno.

337 1303 1172 65 Parecíale un sueño al buen anciano cuanto sus hijos le decian;

286 1355 1223 61 hizo que volvieran á referirle con todos los pormenores cuanío habian

297 1400 1204 63 visto y cuanto les habia acontecido. La vista de los presentes que le

291 1443 1210 62 hacian su hijo y Faraon acabó de certificarle cuanto sus hijos le de¬

291 1487 1220 63 cian, y lleno de gozo dijo, que ya no le quedaba más que desear, si su

284 1538 1132 53 amado hijo José estaba vivo, y que queria verle antes de morir.

351 1581 1154 66 Con todo el gozo que puede imagmarse estuvieron haciendo los

319 1625 990 79 preparativos del viaje el que tuvo lugar á los pocos dias.

856 193 53 55 14

757 1751 288 73 CAPITUI.O IX.

299 1838 1216 75 Llega Jacob á Egipto y su hijo va á recibirle y le presenta á Faraon; este le

355 1899 1106 59 dá para él y sus descendientes la tierra de Gesen. Muerte de Jacob.

372 1996 1149 71 A los pocos dias de haber salido de su tierra llegó Jacob á Egipto

297 2051 1222 59 con toda su familia, ganados, etc. En cuanto llegó á noticia de José

303 2090 1225 63 la llegada de su padre fué corriendo á recibirle, y arrojándose á sus

295 2142 1231 71 brazos, no sabian disasirse ni el uno ni el otro, mezclando juntos las
