1860 2629
763.0 271.0 142.0 62.0 — 8 —

39.0 330.0 610.0 51.0 Sald. Deu li pag senyó Rectó.

41.0 370.0 619.0 65.0 Rectó. Miserere mei, Deus meus

173.0 416.0 515.0 55.0 aquet nus tan fort desfeu.

39.0 460.0 779.0 76.0 (Dona cops de bastó á las espatllas den

89.0 517.0 193.0 54.0 Saldoni.)

39.0 552.0 636.0 72.0 Sald. ¿Que diables qué es aixó?

39.0 606.0 708.0 62.0 Rectó. No 't moguis de aquí vestrús

179.0 650.0 597.0 66.0 que 's comensa á desfé el nus.

41.0 698.0 779.0 95.0 (Se torna á agonollá y agafa la má de la

96.0 753.0 235.0 66.0 Margarida.

46.0 784.0 660.0 85.0 Sald. ¿Quánt será desfet del tot?

48.0 852.0 710.0 70.0 Rectó. Tan prompte com sigas mort.

50.0 904.0 601.0 66.0 Sald. Tinga de mí compassió,

184.0 939.0 412.0 62.0 no m' acabi de matá.

50.0 970.0 623.0 81.0 Rectó. No, que no vols treballá.

48.0 1034.0 572.0 67.0 Sald. Sí, juro se bon minyó.

190.0 1064.0 584.0 81.0 Aquí tens arrepentit (á Marg.)

188.0 1123.0 421.0 62.0 Margarideta estimada

184.0 1152.0 509.0 74.0 demanante una abrassada

182.0 1207.0 403.0 68.0 á Saldoni ton marit.

57.0 1264.0 763.0 74.0 La Margarida al sentir á Saldoni se gi-

100.0 1312.0 722.0 79.0 ra y se abrassa ab éll, y los dos plo-

98.0 1364.0 252.0 103.0 rant dihuen:

228.0 1408.0 458.0 90.0 Oh dia de eterna ditxa,

184.0 1461.0 351.0 101.0 dia de benedicció

980.0 326.0 529.0 55.0 puig Saldoni has tornat bó

991.0 365.0 498.0 62.0 y cambiat com una mitja.

844.0 411.0 667.0 53.0 Avia. Gracias vos dono Deu meu

984.0 460.0 564.0 57.0 puig mos prechs habeu ohit,

989.0 503.0 511.0 57.0 y al Saldoni heu convertit

980.0 545.0 355.0 59.0 á Cristiá de Jueu.

859.0 587.0 729.0 72.0 (Lo Rectó donantlos la benedicció diu.)

829.0 639.0 616.0 92.0 Rectó. Feu felís durant sa vida

987.0 692.0 467.0 57.0 al desgraciat matrimoni

987.0 736.0 443.0 59.0 del tarambana Saldoni

991.0 773.0 491.0 79.0 y la ximpleta Margarida;

989.0 819.0 502.0 79.0 (A Saldoni y Margarida.)

987.0 876.0 543.0 70.0 axequeuvos que us perdono

989.0 917.0 489.0 79.0 lo que me habiau de dar,

987.0 963.0 372.0 66.0 aneusen á passejar

989.0 990.0 631.0 98.0 que 'l que 'm debeu vos condono.

855.0 1038.0 465.0 83.0 Sald. A sa generositat

991.0 1088.0 432.0 70.0 quedo jo molt agrahit

993.0 1139.0 485.0 68.0 prometent ser bon marit:

995.0 1189.0 463.0 70.0 y tot lo que hagi passat

989.0 1233.0 364.0 55.0 desitjo sia olvidat:

995.0 1264.0 489.0 76.0 pero que tinguin present

989.0 1325.0 526.0 53.0 desde ara en avant la gent

991.0 1360.0 590.0 66.0 que aquell que 's vulgui casar

991.0 1415.0 452.0 52.0 habans ho deu meditar

989.0 1454.0 447.0 90.0 ab tot son enteniment.

778.0 1934.0 149.0 134.0 FÍ
