930 1314
86.0 88.0 25.0 63.0 40

448.0 116.0 25.0 51.0 IV.

115.0 158.0 216.0 38.0 Asi cantó la hechicera

119.0 191.0 207.0 30.0 Y el poeta la escuchó

117.0 215.0 222.0 31.0 Con reverente silencio;

115.0 240.0 237.0 27.0 Que el sonido de su voz

117.0 261.0 245.0 36.0 Penetraba en lo profundo

120.0 289.0 217.0 47.0 De su opreso corazón.

113.0 315.0 257.0 35.0 . . . . . . . . .

118.0 337.0 248.0 46.0 . . . . . . . . .

518.0 155.0 233.0 37.0 Ya su pecho suspirando

517.0 186.0 226.0 35.0 Libro de la lucha atroz

518.0 212.0 250.0 29.0 Que entre dudas y deseos

517.0 236.0 242.0 33.0 Por tanto tiempo ocultó,

520.0 262.0 246.0 32.0 A templar tornó su lira,

515.0 287.0 202.0 30.0 Y con sosegada voz,

513.0 306.0 275.0 34.0 Aunque un tanto conmovída

512.0 331.0 249.0 53.0 De este modo se espresó:

389.0 377.0 123.0 58.0 (CANCION.)

81.0 428.0 361.0 47.0 —« Felix mil veces yo mi bella hermana

115.0 458.0 264.0 32.0 «Que al pié de tu ventana

73.0 479.0 292.0 34.0 «Podré ya tu hellesa celebrar!

70.0 506.0 335.0 37.0 «Y de la noche en silenciosa hora,

117.0 532.0 255.0 31.0 «Hasta el salir la aurora,

73.0 552.0 311.0 49.0 «En tu loor mis cantos eutonar!

463.0 423.0 336.0 51.0 «Angel encantador! yo te bendigo

522.0 457.0 243.0 32.0 «Porque de un fiel amigo

473.0 480.0 295.0 36.0 « Las súplicas acojes con amor:

471.0 501.0 370.0 42.0 « Que siendo á mis cantares con ternura

521.0 532.0 222.0 31.0 «Escudo tu hermosura

469.0 550.0 356.0 54.0 « Nadie osarà ultrajar á tu Cantor! »

116.0 655.0 253.0 34.0 . . . . . . . . .

117.0 679.0 255.0 30.0 . . . . . . . . . . . .

119.0 700.0 244.0 31.0 Ya se notaba en Oriente

119.0 728.0 237.0 30.0 Del dia el primer albor,

118.0 753.0 271.0 33.0 Cuando á la espalda su lira

118.0 775.0 202.0 32.0 Retirábase el cantor

118.0 805.0 268.0 42.0 Rotratado en su semblante

506.0 639.0 222.0 49.0 El placer del corazon.

509.0 700.0 281.0 34.0 . . . . . . . . . . . .

504.0 716.0 249.0 42.0 Feliz noche! tu recuerdo

508.0 752.0 228.0 28.0 En mi mente se grabó,

509.0 768.0 295.0 37.0 Porque yo adoraba à ELISA...

510.0 797.0 250.0 34.0 Y era yo aquel Trovador !

705.0 816.0 139.0 49.0 —J. A. C.—

531.0 967.0 210.0 55.0 Es propiedad.

121.0 1067.0 655.0 64.0 Los números de esta coleccion se hellan de venta en la misma imprenta.

98.0 1212.0 498.0 48.0 Barcelona, Imprenta de A. Bosch, calle den Coch, n. 1 piso 1.
