1753 2480
173.0 200.0 37.0 64.0 2

208.0 217.0 426.0 68.0 cada dia el cramallót.

266.0 285.0 474.0 60.0 La pica mol de curiosa

212.0 316.0 391.0 78.0 y renta ls' orindlets

212.0 376.0 602.0 68.0 perque diu que ls' ſa mes nets

214.0 434.0 555.0 62.0 que no pas jo..! la merdosal!

169.0 471.0 475.0 76.0 F. Y la teca que tal va?

167.0 522.0 635.0 79.0 M. De aixo no men puch quexá

210.0 589.0 575.0 57.0 pero may la tinch contenta,

210.0 634.0 416.0 60.0 tot lo dia se lamenta

206.0 673.0 579.0 81.0 de que los viures van cars;

165.0 721.0 515.0 74.0 F. ¿ Pero volen aná fars?

167.0 777.0 583.0 82.0 M. Volen que no hi falti res,

210.0 832.0 662.0 79.0 mes jo dich que ab pochs dinés

202.0 892.0 515.0 64.0 no s' poden fer requisits,

210.0 944.0 554.0 60.0 y á las horas tot son crits :

165.0 987.0 539.0 73.0 F. Encara tu estás prou be

210.0 1039.0 406.0 70.0 pero jo si que no se

202.0 1087.0 529.0 64.0 com diantres estich bona:

204.0 1142.0 507.0 62.0 la mastressa es una dona

206.0 1200.0 577.0 68.0 que procura umplir la tripa,

206.0 1248.0 488.0 70.0 y cuan ella está ben tipa

206.0 1295.0 546.0 73.0 pensa que tothom ho está,

202.0 1343.0 453.0 72.0 y fins me tanca lo pa.

254.0 1392.0 436.0 73.0 Ahí va ser convidada

198.0 1448.0 413.0 66.0 en serta casa á diná,

202.0 1506.0 476.0 58.0 y cuan li vaig preguntá

202.0 1547.0 403.0 73.0 que fariam á la nit,

196.0 1597.0 506.0 64.0 me respongué tot seguit,

198.0 1651.0 523.0 70.0 nosaltres ja habem sopát.

150.0 1690.0 581.0 83.0 M. Perque se habia afartát;

186.0 1752.0 609.0 72.0 ¿ y be; y tú com vas quedá!

159.0 1795.0 521.0 89.0 F. Per esta nit sens sopá;

198.0 1857.0 504.0 73.0 y com lo pa era tancát,

192.0 1909.0 483.0 66.0 mes remey no vaig tení

194.0 1959.0 453.0 66.0 que anarmen á dormí

194.0 2019.0 515.0 55.0 ab la panxa destrempada;

192.0 2064.0 483.0 66.0 pero si una altre vegada

192.0 2112.0 605.0 68.0 me trobo en un semblant cas;

194.0 2167.0 575.0 62.0 prench lo farsell y men vas;

192.0 2217.0 521.0 58.0 mira si s' pot veurer mes

194.0 2265.0 585.0 70.0 que de un ou ne sopem tres,

190.0 2310.0 576.0 66.0 la mestressa, jo y la noya :

190.0 2370.0 527.0 89.0 lo amo fingeix la tramoya

946.0 231.0 598.0 66.0 de que passa ab poch menjá,

948.0 270.0 449.0 75.0 pero á la fonda sen vá

946.0 322.0 492.0 72.0 á afartarse com un bou,

950.0 374.0 561.0 70.0 y á voltas se agaſa ab lo ou.

911.0 421.0 689.0 83.0 M. Que vols quet diga, Francisca,

948.0 475.0 532.0 68.0 jo dupto que aixo t' reisca :

961.0 529.0 502.0 70.0 ¿perque no sisas un poch

950.0 580.0 494.0 73.0 per no jugar sense joch

946.0 630.0 563.0 66.0 creume á mí que t' nirá be,

950.0 686.0 447.0 74.0 procura per tú primé;

948.0 729.0 573.0 72.0 procura á umplir los budells

950.0 781.0 594.0 76.0 y si n' sobra, alló es per ells.

903.0 830.0 544.0 73.0 F. Aixi ho faré en endeván

952.0 882.0 377.0 72.0 y vagin al botabán

946.0 942.0 509.0 58.0 uns amos com ells avaros

946.0 992.0 527.0 66.0 tan raquitichs y tan raros.

903.0 1033.0 614.0 72.0 M. Pero dexem axo en banda;

946.0 1085.0 561.0 76.0 ¿que sabs de la Calamanda ?

909.0 1134.0 581.0 81.0 F. Ay pobreta ! está malalta,

940.0 1196.0 577.0 64.0 sino es morta poch sen falta:

942.0 1242.0 598.0 76.0 lo noy gran den nas de axeta

940.0 1293.0 525.0 71.0 me la plantada en porreta

940.0 1349.0 573.0 70.0 perque ha sabut que un señó

942.0 1395.0 374.0 62.0 li anaba al rededó.

895.0 1438.0 547.0 76.0 M. ¡Pobra xicota la plaño!

938.0 1504.0 509.0 68.0 y el señó, sino me engaño

934.0 1547.0 267.0 67.0 es casát y....

897.0 1595.0 291.0 76.0 F. Si be ho es

936.0 1647.0 457.0 72.0 pero es home de calés,

938.0 1702.0 426.0 67.0 y com la seba señora

934.0 1750.0 575.0 72.0 no n'sab res, ell á tota hora

944.0 1804.0 463.0 64.0 va detrás de la miñona

938.0 1851.0 544.0 77.0 dientli que es mol bufona;

936.0 1903.0 403.0 64.0 li regala mil ſutesas

938.0 1950.0 542.0 79.0 y li fa deu mil promessas;

936.0 2017.0 422.0 60.0 pero jo no se perque

932.0 2056.0 639.0 68.0 puig que ell no n' ha de fer ré.

899.0 2108.0 682.0 76.0 M. ¿ Y ella, dius que no está bona?

921.0 2161.0 579.0 73.0 á mi n' sembla que grassona

934.0 2211.0 519.0 72.0 la vaig veurer lo altre dia

930.0 2269.0 424.0 68.0 y cuasibe no creuria

1153.0 2308.0 430.0 74.0 (riense ab malicia)

926.0 2362.0 574.0 101.0 que estés tan mala con dius.
