1118 1584
479 121 106 38 —27—

134 161 793 29 la casa. Mientras tanto el perro no hacía más que oler al muchacho

133 184 795 45 y lamerle las manos, y saltaba mucho alrededor del viejo criado

133 219 795 42 como si quisiese decirle algo de mucha importancia. El niño corres-

135 249 792 45 pondía afectuoso á las caricias del perro, y todos juntos se dirigie-

134 285 793 45 ron al convento, donde les facilitaron el agua que necesitaban, des-

135 318 484 41 pues de lo cual, se volvieron de regreso.

177 348 750 43 Viendo que el perro no venía, pues se había quedado en el con-

137 383 791 41 vento, volvieron en su busca, temerosos de que el conde les riñese,

137 417 793 38 pues sabían en la mucha estima que le tenía, y se lo encontraron en

137 446 789 41 la falda de una monja que no hacía más que acariciarle y llorar, y

139 480 789 39 reparando en ella el viejo criado quedó suspenso de admiración,

138 512 791 40 pues se parecía muchísimo á Adalmira su señora, de la cual solo

139 544 788 42 se diferenciaba en que la condesa no tenía manos, y aquella monja,

140 579 786 35 que tanto se le parecía, tenía por manos una verdadera maravilla.

140 608 789 42 Pareciéndole al buen servidor que su señor había de recibir gran

140 642 789 40 placer en conversar con uquella religiosa, por el gran parecido que

139 673 787 38 tenía con Adalmira, fué corriendo á participarle la noticia, y aun

141 704 788 38 cuando el conde no quería salir del barco, tantas instancias le hizo

145 738 782 40 y de tal modo le pintó el parecido, que movido por la curiosidad

143 770 443 40 saltó á tierra y se dirigió al convento.

183 801 743 41 Mudo de admiración quedó el conde á la vista de la religiosa,

143 835 787 43 cuyo parecido con Adalmira era tan grande, que él hubiera jurado

144 868 786 36 ser la misma, pero la circunstancia de que tenía tan hermosas ma-

144 901 786 39 nos le persuadió de que era otra. A esto, Adalmira, avergonzada de

147 931 784 38 ser objeto de curiosidad de aquellos marinos, miró hácia ellos é hi-

144 964 787 40 zo ademán de retirarse; pero en el mismo instante conoció al conde

147 1003 784 37 y dió un grito y cayó desmayada en los brazos de su esposo, que

147 1029 783 41 acudió corriendo en su socorro. Vuelta en sí empezó á abrazar al

147 1061 783 42 conde y dijo que era Adalmira, y se reconocieron, todo lo cual sir-

150 1094 779 36 vió de gran regocijo á toda la comunidad y á la tripulación, y el

150 1127 780 36 muchachillo que les había guiado al convento no era otro que el

149 1158 781 41 propio hijo del conde, príncipe heredero de Hungría, por cuyo ma-

148 1192 784 37 ravilloso lance todos quedaron contentos y alegres con aquel tan

151 1222 781 39 feliz encuentro, y dieron gracias á Dios por haber permitido que en

151 1255 781 39 tan buena hora hubiesen arribado á la playa. Pasados los primeros

151 1288 781 42 momentos de efusión y alegría, Adalmira mandó que se quedasen

151 1319 781 39 todos en las habitaciones exteriores del convento, hasta que se de-

152 1349 781 48 terminase lo que había de resolverse, todo lo cual fué cumplido al

152 1381 607 53 pié de la letra por el conde y sus buenos servidores.
