1942 2612
87 1349 1543 168 La Renegada de Valladolid

180 1473 1357 115 Dáse cuenta de la santa penitencia que hizo en la

209 1534 1306 115 montaña, y como convirtió á dos hijos que tenia

237 1595 1254 107 en Turquía sin conocer estos á su madre, hasta

520 1662 675 107 que se hallaron en Roma.

607 1810 522 85 SEGUNDA PARTE

202 1882 555 68 Dios, Padre, Rey sempiterno,

167 1924 577 63 sea quien siempre me ampare.

176 1963 490 61 Dios hijo me dé gobierno,

178 1998 475 61 y el Santo Espíritu eterno

176 2035 451 56 ponga luz donde faltare.

176 2046 601 80 Tiempo es ya que nos quitemos.

176 2102 498 65 del vicio malo y pendiente,

178 2135 557 67 pues con vicios nos perdemos

182 2176 488 61 y nuevo ejemplo tenemos,

185 2213 442 57 de una mujer penitente.

182 2248 390 57 En Valladolid nacida

180 2278 455 66 fué esta bienaventurada

185 2318 450 65 y por enmendar su vida

189 2352 444 88 es de Jesucristo amada.

925 1858 474 59 Vereis que por la riqueza

927 1902 422 57 y vicios negó al Señor,

929 1939 407 52 y con cuanta fortaleza

929 1969 466 57 tornó á buscar su pastor.

931 2006 397 55 Vereis á la que vestia

929 2037 416 65 sedas de finos colores,

931 2076 427 61 y en rica cama dormia

933 2115 397 52 de suavísimos olores,

938 2144 468 63 como recuerda del sueño

940 2185 431 52 y procura en nueva luz

940 2213 477 68 buscar su perfecto Dueño

940 2246 505 67 que murió por ella en cruz.

947 2287 544 57 Vereis como el mundo olvida,

944 2324 512 94 hijos, marido y hacienda,
