1032 1415
495 7 131 27 — 16 —

155 37 789 40 hecho, obligando á permanecer á los últimos en las afueras de la ciu-

156 70 793 42 dad y por estaradendándoseles muchas pagas atrasadas. Rojer promete

154 102 794 45 atender á sus necesidades y como llegue en aquel momento Miguel le

155 136 790 45 hace presente la dificil situacion que está atravesando el ejército;

153 172 795 43 Miguel dá palabra de satisfacer las pagas y procurar que entren en la

154 211 794 34 ciudad. Alejo que, como paje de lanza de Rojer, habita en el mismo

154 238 793 48 palacio, se encuentra con María y ciego de amor cree recobrar la

152 273 793 41 felicidad perdida en brazos de su amante sabe por boca de esta que es

149 306 799 46 ella la princesa de Bulgaria y la esposa de Rojer. Alejo, aunque con

149 345 796 38 el corazon lastimado, se consuela algun tanto porqué es el esposo de

153 376 794 43 María el mismo gefe catalan al cual el quiere mucho porqué le salvó

152 410 790 43 la vida, y promete continuar queriéndole como siempre y velar por

148 441 800 49 su existencia. Irene les sorprende en esa conservacion y, como está

147 479 800 44 enamorada de Rojer, trata de vengarse de sus celos en la persona de

150 512 795 43 María, y á ese fin y habiendo sorprendido una conservacion de

149 544 787 47 Miguel y sus secuaces en la que se trataba de dar muerte al César

147 578 474 43 se retira para llevar á cabo su proyecto.

179 615 764 46 Rojer y Circon que se encuentran en palacio y en presencia del semi-

147 647 793 47 emperador y de María se traban de palabras y Circon promete á Rojer

147 682 790 45 no olvidar el muy justo y profundo odio que le guarda. En esto Rou-

147 714 793 43 dor que ha averiguado quien era el catalan que habia salvado la vida

146 748 795 43 á Maria y sabe que es Alejo, llega en aquel momento y lo presenta á

147 782 795 46 Rojer de Flor el cual le ofrece no olvidar jamás su accion, y como

147 819 794 45 desee esplicar á su esposa el origen del odio que el gefe de los alanos

147 851 788 41 le tiene, dice á Alejo que vigile á fin de que nadie les interrumpa.

147 885 791 47 Cuenta entonces como el amó á una hija de Circon, siendo mancebo,

147 924 789 38 y como se casó con ella despues de haberla robado de la casa paterna.

150 949 784 43 Teniendo despues que abandonarla, descubrió al hallarse solo la in¬

147 991 794 38 feliz Margarita que el ermitaño que les habia unido ante Dios era un

145 1019 789 42 criminal que con aquel disfraz evitaba la justicia humana. Creyén¬

146 1054 791 41 dose burlada por el que de buena fé se habia hecho su esposo, se

147 1088 793 46 presentó, abatida por el dolor, á su padre, pero este la echó de la

142 1121 795 45 tribu, y ella fuera de si se arrojó al mar en donde murió ahogada.

146 1159 794 40 Dice, que él no la olvidaba y que al regresar de la guerra donde le

145 1194 790 40 llamó su destino corrió en busca de su amante y la encontró muerta.

145 1227 785 40 Alejo que todo lo ha oido acude y se echa en brazos del César di¬

145 1259 793 55 ciendo que el era el hermano de Margarita; y que habia andado seis
