920 1446
130 20 37 47 18

365 21 235 46 Historia verdadera

89 57 803 53 lo que él avia comenzado. Mataron á Lysias, y fue-

89 108 807 44 ron con sus manos sangrientas á dar contra la persona

88 146 808 50 del pobre Eupator, sin hacer reparo, ni en la inocen-

89 191 807 45 cia de su vida, ni en lo tierno de su edad, ni en el ca-

87 233 810 49 racter que tenia. En fin, Demetrio se viò luego al pun-

87 275 809 52 to Rey por consentimiento general de todos los Estados

89 321 175 48 del Reyno.

130 362 769 50 Apenas fue puesto en el trono, quando por desdicha

89 408 806 45 se viò enredado en la guerra contra los Macabeos. Al-

88 449 807 48 cimo, que era un Judio desleal, y traydor á su Nacion,

89 492 808 51 picado de la ambicion del Pontificado, y rabioso en su-

88 537 811 49 mo grado de los grandes progressos de Judas, fue à ha-

87 578 809 53 blar à este Principe, que era muy facil de creer, y le pu-

88 625 811 45 so en mal con su contrario, diciendole horribles calum-

86 667 813 49 nias, y procurando empeñar todos los Reyes de Syria

89 710 810 50 para su ruina. Este forjador de guerras, y batallas alcan-

85 752 812 48 zò todo lo que quiso con sus detestables artificios, è hi-

86 795 811 51 zo venir los Exercitos á la ruina, y desolacion de su Pa-

85 840 813 43 tria. Judas Macabeo con esta mudanza bolviò à encen-

85 882 814 51 der su antiguo vigor, y reuniò todas sus fuerzas para

85 927 812 49 oponerse á los Generales del Rey Demetrio ; de suerte,

86 972 812 47 que al primer abance derrotò algunas Tropas del enemi-

89 1013 810 50 go, de lo que se irritò terriblemente este Monarca, no pu-

85 1058 814 44 diendo sufrir, que sus armas fuessen desacreditadas al

84 1098 815 50 principio de su Reynado. Por esta causa hizo poner en

82 1143 811 49 campaña Exercito sobre Exercito, con tantas fuerzas,

85 1186 548 48 que no avia mas medio de resistirlas.

124 1225 770 52 Con todo esso el gran corazon del Macabeo no se po-

84 1273 811 57 dia rendir, y bogaba contra el viento, y marea, hacien-

832 1315 41 50 do
