1860 2629
179.0 258.0 489.0 75.0 llena de amor y ternura

177.0 315.0 430.0 64.0 que me hacía sonreir.

177.0 361.0 470.0 68.0 Mi pecho siempre latir

177.0 418.0 450.0 70.0 y latiendo se adormía,

179.0 466.0 474.0 83.0 y aquella tierna alegría

177.0 527.0 467.0 73.0 que sentía, suspirando

177.0 576.0 500.0 68.0 estaba otra vez soñando...

206.0 637.0 469.0 68.0 soñando en tí, vida mía.

223.0 690.0 513.0 70.0 Después sin poderte ver,

182.0 740.0 561.0 79.0 con una ausencia tan larga,

177.0 790.0 472.0 70.0 pasaba la vida amarga

184.0 847.0 445.0 64.0 con mucho de padecer.

186.0 896.0 472.0 78.0 Me faltaba aquel placer

182.0 957.0 528.0 77.0 que me daba tu presencia...

182.0 1005.0 653.0 81.0 ¡¡ Dios mío !! tan cruel ausencia

179.0 1058.0 564.0 74.0 me dais con mi tierno amor...

186.0 1119.0 513.0 75.0 Tened vos piedad, Señor,

179.0 1180.0 531.0 70.0 revocad vuestra sentencia.

232.0 1224.0 404.0 75.0 Tuve días de llorar,

182.0 1279.0 493.0 74.0 de gemir noches enteras,

182.0 1336.0 497.0 90.0 dulces horas placenteras

182.0 1402.0 397.0 48.0 no las podía gozar.

179.0 1441.0 612.0 81.0 Siempre así, siempre penar...

179.0 1496.0 452.0 74.0 el martirio no cesaba,

182.0 1564.0 443.0 48.0 mi corazón suspiraba

179.0 1599.0 514.0 74.0 con lágrimas de ventura,

223.0 1660.0 395.0 70.0 tu belleza tan pura

186.0 1713.0 509.0 72.0 nunca de mí se apartaba.

223.0 1763.0 595.0 70.0 Siempre has sido mi ilusión,

184.0 1816.0 469.0 81.0 mi pasión encantadora,

184.0 1873.0 517.0 74.0 mi corazón siempre llora...

182.0 1927.0 469.0 79.0 ¡ llorar ! pobre corazón.

188.0 1984.0 498.0 73.0 Y en tan ardiente pasión

186.0 2035.0 478.0 76.0 yo no sé por qué deliro :

184.0 2098.0 474.0 57.0 al cielo estrellado miro

179.0 2142.0 448.0 75.0 cuando platea la luna,

179.0 2208.0 415.0 63.0 y mi pálida fortuna

179.0 2254.0 509.0 68.0 se exhala con un suspiro.

228.0 2309.0 555.0 76.0 ¿ No te acuerdas, dulce flor

182.0 2363.0 554.0 138.0 de aquel tiempo ya pasado,

923.0 258.0 566.0 68.0 que cuando estaba a tu lado

925.0 304.0 491.0 75.0 moría siempre de amor ?

925.0 368.0 428.0 57.0 Entonaba el ruiseñor

925.0 411.0 496.0 66.0 los cantos del nuevo día,

929.0 466.0 455.0 72.0 y en tan dulce melodía

929.0 519.0 360.0 76.0 reías alegremente,

927.0 565.0 489.0 74.0 después tocaba tu frente

932.0 635.0 403.0 68.0 y tú besabas la mía.

967.0 685.0 498.0 73.0 Por fin, gracias al Señor

938.0 738.0 511.0 72.0 le doy por hallarme bien :

943.0 799.0 478.0 61.0 y espeo que a tí también

936.0 847.0 415.0 73.0 estará firme tu amor,

929.0 902.0 387.0 68.0 este afán abrasador

934.0 957.0 586.0 63.0 que abre el pecho en pedazos

934.0 1007.0 465.0 73.0 se calmará en los lazos

929.0 1060.0 529.0 77.0 que nos unirá con cadena,

938.0 1110.0 483.0 79.0 y espero, querida Elena,

929.0 1169.0 555.0 84.0 que me tenderás los brazos.

980.0 1402.0 629.0 65.0 Al silencio de la noche oscura

934.0 1456.0 693.0 64.0 niña hermosa despiera un instante,

932.0 1502.0 566.0 71.0 oirás exclamar a tu amante

934.0 1553.0 546.0 72.0 sin cesar del pecho el latir.

938.0 1608.0 691.0 74.0 Ten piedad del volcán que me

1467.0 1665.0 160.0 72.0 [abrasa,

930.0 1719.0 699.0 68.0 dale hermosa un momento de

1469.0 1776.0 160.0 66.0 [calma ;

934.0 1818.0 588.0 81.0 te lo pido con toda mi alma...

929.0 1881.0 595.0 66.0 no me dejes tan triste morir.

971.0 1941.0 663.0 63.0 Si en la flor de tu edad placentera

929.0 1989.0 700.0 72.0 no me da tu hermosura un consuelo,

927.0 2046.0 709.0 70.0 dime, pues, donde tengo mi cielo

932.0 2096.0 695.0 72.0 que me alumbra con tal resplandor.

934.0 2157.0 697.0 62.0 Ay hermosa, mi cielo es tu imagen

936.0 2201.0 647.0 77.0 y tu rostro la luz más hermosa,

934.0 2258.0 592.0 75.0 aquí guardo la hora dichosa

930.0 2317.0 662.0 73.0 que me des tus caricias de amor.

798.0 2438.0 136.0 92.0 FIN
