1753 2480
229.0 41.0 475.0 58.0 Voldria que en abundant

173.0 82.0 554.0 79.0 tingueseu los talls y el trago

175.0 126.0 513.0 78.0 y que ningu y fes lo vago,

169.0 183.0 387.0 65.0 la ocasió aprofitant,

167.0 221.0 575.0 86.0 que brindis y hagues en gran

167.0 287.0 554.0 60.0 y que si algu han surt ferit

163.0 324.0 486.0 74.0 que vagia correns al llit,

161.0 380.0 407.0 64.0 segú de que dormirá

159.0 427.0 459.0 69.0 sens quel puga despertá

159.0 467.0 500.0 84.0 cap pusa , ni cap mosquit.

208.0 531.0 408.0 78.0 Pero si no potsé aixó

155.0 578.0 597.0 97.0 hi ha de habé algu que no tinga,

155.0 636.0 549.0 89.0 li diré que ab mi sem vinga ,

155.0 694.0 434.0 64.0 que no li faltará... no :

155.0 733.0 413.0 75.0 la taula aquí planto jo

152.0 783.0 528.0 85.0 tan pel rich com pel pobret,

152.0 837.0 412.0 68.0 y garbellan un xiquet

155.0 884.0 551.0 85.0 veure al que mareix cada hu,

155.0 936.0 487.0 68.0 y li daré... ¡ oh ! ¡ bensegú !

150.0 985.0 451.0 81.0 la Castanya ó Panallet.

192.0 1045.0 459.0 75.0 Al Señor Don Fanfarron

146.0 1103.0 486.0 75.0 que perque te algun picat

148.0 1157.0 420.0 60.0 va sempre tan estufat

144.0 1206.0 490.0 65.0 que ni pot pasá pel Born,

144.0 1250.0 455.0 60.0 y que tots los altres son

142.0 1295.0 461.0 85.0 per ell de baixa calanya.

140.0 1345.0 190.0 76.0 Castanya.

181.0 1409.0 414.0 83.0 A Don Ricardo famós

126.0 1471.0 403.0 70.0 modelo de humilitat

128.0 1527.0 504.0 64.0 que ni el bou vol estufat,

126.0 1566.0 446.0 72.0 ni tenir un rey al cos ,

128.0 1622.0 457.0 66.0 que afaboreix bondadós

126.0 1669.0 483.0 71.0 cuan convé algun pobret

128.0 1711.0 177.0 66.0 Panallet.

171.0 1771.0 432.0 76.0 A Don Sedes sapiencia

121.0 1829.0 420.0 68.0 que parla sempre llatí

119.0 1872.0 451.0 66.0 que ni vol la boca obrí

121.0 1919.0 621.0 81.0 perque el poch parlar es ciencia,

119.0 1979.0 569.0 58.0 que tracta ab tota indecencia

117.0 2021.0 482.0 84.0 al que'l piñol li reganya.

119.0 2077.0 193.0 62.0 Castanya.

163.0 2110.0 556.0 105.0 Pero al Senyo Don Prudenci

117.0 2190.0 478.0 73.0 que encara que lletrat es,

117.0 2238.0 476.0 105.0 no se aferra en sos parés

878.0 49.0 480.0 64.0 el es que algu lo convenci,

868.0 97.0 436.0 64.0 sols únicament se pensi

866.0 138.0 496.0 81.0 á posar la cuestió en net ,

874.0 190.0 165.0 76.0 Panallet.

917.0 258.0 463.0 68.0 A tots los semi-lletrats,

864.0 305.0 543.0 77.0 autors de obras romancistas ,

862.0 353.0 394.0 66.0 redactors periodistas

862.0 407.0 516.0 64.0 que son tots un desgraciats ,

864.0 446.0 405.0 74.0 halagan las voluntats

857.0 496.0 604.0 86.0 del pillo quels compra ò guanya,

855.0 545.0 193.0 75.0 Castanya.

899.0 611.0 517.0 81.0 Pero si en avant ni ha cap,

853.0 667.0 505.0 77.0 que fins hara no ni hagut ,

853.0 719.0 494.0 66.0 que tinga un poc de virtut,

847.0 772.0 498.0 71.0 que emplehi be lo que sap,

849.0 812.0 455.0 78.0 que no vulga ser un tap

837.0 861.0 624.0 77.0 parlan sempra , franch cla y net.

847.0 907.0 174.0 93.0 Panallet.

886.0 975.0 505.0 72.0 A mi senyo Don Simplici ,

820.0 1020.0 484.0 81.0 asistent de Doña Urraca

835.0 1074.0 448.0 70.0 que li grata la butxaca,

835.0 1120.0 616.0 66.0 y el te á punt de haná al hospici

820.0 1178.0 618.0 82.0 mentras que ella ab gran desfici

818.0 1217.0 519.0 74.0 amaga tot cuan li aranya.

837.0 1273.0 186.0 62.0 Castanya.

878.0 1337.0 399.0 72.0 Pero á Don Simeon

826.0 1392.0 585.0 71.0 que de Urracas no bol bromas

824.0 1440.0 558.0 79.0 per no quedarse sens plomas ,

816.0 1485.0 473.0 73.0 con lo Gallo de Moron ,

820.0 1547.0 486.0 60.0 y que quietet sap fer son ,

820.0 1589.0 523.0 80.0 cuant canta algun gallaret.

826.0 1628.0 176.0 74.0 Panallet.

866.0 1692.0 463.0 79.0 A Don Cornelio lo espós

820.0 1746.0 441.0 72.0 de Madama Egipciaca ,

826.0 1802.0 534.0 70.0 quel sap afarmá á la estaca

820.0 1839.0 500.0 68.0 com si fos un Cá ó un Os ,

810.0 1891.0 544.0 72.0 cuant ella vol aná en corts ,

814.0 1934.0 540.0 101.0 ó de guerrilla en campanya.

808.0 1984.0 196.0 84.0 Castanya.

859.0 2041.0 435.0 89.0 Pero á Don Pantaleon

812.0 2103.0 469.0 79.0 marit de Donya Cotorra

814.0 2159.0 488.0 73.0 queno vol que la senyora

814.0 2211.0 407.0 66.0 se li posia el pantalon

812.0 2265.0 469.0 101.0 y que sap ab gran tesson
