1040 1440
141 23 20 45 4

120 73 382 31 Criador á ostentar su Divino

120 99 383 43 Poder ; brillando al mismo

120 136 382 45 tiempo su Omnipotencia, y

123 174 390 43 Sabiduria en la vasta y ma-

122 211 392 42 ravillosa maquina de los Cie-

120 251 200 41 los y la tierra.

158 283 344 44 Formados los Cielos, y la

120 322 383 43 tierra en este primer dia,

123 358 379 39 hallabase esta sin culto, y or-

122 396 381 44 nato alguno; y predominan-

120 432 382 44 do aun las tinieblas aquel

123 468 384 41 abysmo, Dios con sola su pa-

120 504 387 44 labra produxo la luz; la qual

122 540 385 40 sirvió de separar de sí toda

119 576 389 43 aquella obscuridad de som-

119 615 389 41 bras que hasta entonces afea-

120 650 386 43 ban el mundo. Desde aquel

121 688 385 40 instante empezaron los dias,

122 724 384 42 y las noches, llamando á la

119 762 390 42 luz dia, y á las tinieblas no-

119 797 390 43 che. Hay entre los Padres

119 833 390 45 una disputa sobre si esta luz

118 869 390 44 del primer dia fue la misma

118 907 390 42 que la que al quarto dia crió

119 943 389 43 Dios para adornar el Sol; y

119 980 389 43 los mas asienten que sí ; pues

116 1018 392 43 entonces, segun el parecer de

117 1052 391 39 San Basilio, no hizo mas el

116 1090 392 42 Divino Poder, que fabricar

117 1126 391 42 un Vehiculo, ó Carroza en

115 1161 393 45 aquel Cuerpo Solar, donde

115 1198 393 43 se congregase toda aquella

113 1235 395 51 luz criada del primer dia, y

530 69 390 39 tuviese su debido solio aque-

528 100 393 43 lla esclarecida Princesa. Es-

526 137 396 45 ta luz, en el quarto dia que la

524 174 398 44 agregó alSol, estaba tan uni-

525 212 397 43 da en sí misma, que alumbra-

530 248 392 43 ba al mundo, sin division de

528 284 394 43 Esferas, sin diferencia de As-

527 321 396 44 tros, y sin variedad de Pla-

527 358 393 41 netas ; mas en el quarto dia se

527 395 393 43 vió esta misma luz incorpo-

527 432 395 42 rada en el Sol, y repartida

529 468 318 41 por los Astros Celestes.

561 503 356 45 Llegado el segundo dia,

529 540 391 40 hizo Dios el Firmamento, á

529 576 393 43 quien llamó Cielo. Por el

529 614 391 42 Firmamento entienden mu-

527 649 394 44 chos padres, y Expositores

527 687 390 41 todo aquel intervalo de ay-

527 724 393 41 re en que se juntan las nu-

536 761 383 41 bes. A este dió el cargo de

536 796 382 42 dividir las aguas superiores

536 831 382 45 de las inferiores. Hecha es-

526 868 391 44 ta separacion, pasó el ter-

526 905 392 43 cer dia á reducir las aguas

526 943 391 43 inferiores á un solo lugar, á

526 978 390 43 quien llamó Mar. De él for-

526 1016 390 44 mó rios, que saliesen, y en-

526 1052 390 40 trasen en él, para que estos

526 1089 389 41 con sus idas, y venidas rega-

526 1125 389 42 sen, y fertilizasen la tierra.

526 1160 388 44 Esenta ya la tierra de las a-

526 1196 386 44 guas, mandó el Divino Cria-

526 1233 386 52 dor, que empezasen á produ-

856 1274 59 37 cir-
