928 1460
92 31 41 23 10

332 31 235 21 Historia verdadera

51 48 815 53 de amistad trabar con èl conversacion, y con ella apode-

53 96 816 49 rarse de èl, pareciendole ser éste el mas breve medio pa-

53 139 818 49 ra acabar la guerra. Pero Judas puso buena orden en la

52 181 817 52 seguridad de su persona, con lo que divirtiò el mal in-

52 227 816 47 tento que se trazaba contra èl. El acuerdo, que se pensa-

53 267 818 49 ba era fingido, tuvo buen surtimiento los dos Cabos se

55 312 815 43 vieron; y aviendose prometido la fè, Nicanor entrò en Je-

54 353 816 46 rusalèn, y diò bastantes muestras de buen corazon al Ma-

55 395 812 51 cabeo, ò bien fuesse por la admiracion de sus virtudes, y

55 442 817 43 atractivos de su conversacion, ò porque usaba de todas sus

57 485 355 46 caricias para engañarlo.

97 523 775 52 No obstante, fueron tan manifiestos los agassajos, que

56 569 817 49 dieron que pensar al Rey por relacion de algunas malas

57 610 818 51 lenguas, que le hicieron sospechosa la familiaridad de

59 655 813 49 Judas, y Nicanor. Por esta causa le fue forzoso ir de pres-

58 697 816 50 to á la Corte, para justificarse, y quedò bien; pero con un

59 741 816 49 expresso mandato, que embiasse preso al Macabeo à la

60 785 812 48 Ciudad de Antioquia, si queria que le creyesse sus escu-

60 828 812 46 sas. Bolviò, pues, á Judea, continuando siempre sus

58 868 814 50 trazas: pero Judas advertido, no se confiò de èl, y dexò á

60 911 812 47 Jerusalèn por retirarse á Samaria. Nicanor notificò a los

58 956 814 46 Sacerdotes, que se lo entregassen muerto, ò vivo ; y en

59 998 812 49 caso de no hacerlo, amenazaba, que profanaria el Tem-

60 1043 810 43 plo, y lo dedicaria á sus falsos Dioses. Los Sacerdotes le

60 1083 810 50 juraron que estaba fuera de su poder; y assi, viendo que

60 1125 807 47 Judas avia dexado la Ciudad, se retirò con intento de bus-

60 1170 687 46 carle por todas partes, y llevarle preso al Rey.

105 1210 760 47 Judas tuvo à mengua no salirle al encuentro. Dispuso

60 1252 805 53 todo su Exercito con devociones extraordinarias, y fer-

61 1297 806 54 vorosas exhortaciones, para emprender uno de los mas

803 1339 45 39 im-
