1860 2629
177.0 197.0 450.0 57.0 por eso mismo sabrás,

188.0 240.0 485.0 60.0 que casi no te toca nada,

195.0 284.0 555.0 64.0 —Yo quiero la misma parte,

179.0 328.0 547.0 66.0 ya por buenas ó por malas,

182.0 370.0 476.0 68.0 yo guardo mis energías

179.0 411.0 540.0 68.0 para vosotros, cara á cara,

182.0 466.0 429.0 57.0 y no como criminals

177.0 501.0 575.0 68.0 que asesinais por la espalda,

177.0 554.0 520.0 59.0 con ancianos y chiquillos

175.0 591.0 493.0 64.0 sin defensa y sin armas;

175.0 641.0 507.0 64.0 os demostraré quien soy,

175.0 676.0 472.0 73.0 ladrones de mala saña.

179.0 725.0 439.0 68.0 y sacando una navaja

177.0 771.0 496.0 65.0 contra ellos se abalanza,

177.0 821.0 509.0 59.0 más pronto lo sujetaban,

177.0 865.0 502.0 63.0 pues le quitaron el arma

177.0 911.0 467.0 57.0 y de casa lo arrojaban.

177.0 955.0 441.0 63.0 Aprovecha lo ocasión,

175.0 994.0 504.0 68.0 á dar parte se marchaba

173.0 1042.0 410.0 55.0 de todo lo ejecutado

171.0 1084.0 596.0 63.0 por aquellas fieras malvadas.

219.0 1134.0 561.0 62.0 Más los cuatro en compañía

171.0 1178.0 502.0 57.0 á la montaña se echaban

173.0 1224.0 495.0 53.0 pero con tan poca suerte

173.0 1264.0 388.0 59.0 á ellos les cobijaba

175.0 1303.0 533.0 68.0 que al cruzar la carretera

168.0 1356.0 680.0 68.0 con los guardIas se encontraban;

168.0 1404.0 564.0 57.0 tratan de huír y no pueden,

168.0 1441.0 593.0 64.0 pues dos parejas de guardias

168.0 1487.0 665.0 72.0 les hechan el «¡alto, quien vive!»

175.0 1533.0 485.0 66.0 y los maúsers á la cara,

173.0 1581.0 495.0 70.0 dos que trataron de huir

164.0 1616.0 439.0 79.0 reciben una descarga

166.0 1671.0 546.0 66.0 que han entregado la vida

171.0 1713.0 519.0 65.0 sín decir ¡Jesús me valga!

168.0 1757.0 509.0 72.0 Prendieron los otros dos,

168.0 1803.0 470.0 67.0 á la cárcel los llevaban

164.0 1835.0 586.0 92.0 y en compañía de Frasquito

1004.0 197.0 500.0 52.0 el crimen lo declaraban

1006.0 240.0 535.0 57.0 dando parte al señor Juez

1011.0 289.0 579.0 57.0 y al Teniente de la Guardia;

1008.0 333.0 487.0 50.0 reconocen los cadáveres

1015.0 381.0 546.0 57.0 que están dentro de la casa,

1006.0 416.0 511.0 57.0 y opinan que por el robo

1006.0 460.0 500.0 57.0 fué asia gente asesinnda;

1015.0 506.0 520.0 63.0 sin detenerse un momento

1008.0 556.0 430.0 55.0 á los reos se llevaban

1017.0 600.0 456.0 61.0 al pueblo de Logrosán;

1004.0 633.0 524.0 61.0 el Teniente de la Guardia

1008.0 683.0 522.0 68.0 metió á todos en la cárcel,

1004.0 733.0 502.0 57.0 declaración les tomaban.

1055.0 773.0 462.0 70.0 Y todos han declarado

1008.0 817.0 448.0 68.0 sin equivocarse nada;

1008.0 856.0 487.0 68.0 los conducen á la cárcel

1008.0 909.0 490.0 59.0 de Cáceres que se llama,

1008.0 959.0 457.0 59.0 que esta es la capital.

1004.0 992.0 511.0 68.0 Con presteza y díligencia

1004.0 1045.0 485.0 61.0 se les termina la causa,

1006.0 1093.0 520.0 57.0 y en un suplicio afrentoso

1004.0 1130.0 537.0 68.0 los dos pagaron sus faltas,

1006.0 1174.0 553.0 63.0 y á Frasquito con seis años

1002.0 1218.0 458.0 61.0 su participación paga.

1046.0 1266.0 542.0 59.0 Padres los qne tenéis hijos

995.0 1305.0 566.0 64.0 mirad á cuantas desgracias

997.0 1360.0 413.0 57.0 acarrean la avaricla

997.0 1393.0 490.0 70.0 del dinero y otras galas.

1046.0 1441.0 495.0 72.0 Darles buena educación,

1002.0 1500.0 522.0 55.0 no abandonarlos en nada,

997.0 1537.0 558.0 64.0 que los malos pensamientos

997.0 1588.0 571.0 55.0 se arraigan en sus entrañas.

1041.0 1629.0 544.0 57.0 Dios en la gloria los tenga,

1002.0 1678.0 572.0 59.0 Dios nos libre y nos defienda

995.0 1715.0 527.0 59.0 de pensar acciones malas,

997.0 1763.0 544.0 59.0 y dospués de buena muerte

995.0 1809.0 599.0 105.0 nos premie en la gloria santa.

844.0 1925.0 230.0 147.0 FIN

449.0 2138.0 1024.0 105.0 IMPRENTA GARCÍA

491.0 2219.0 943.0 83.0 LA MÁS ECONÓMICA

495.0 2278.0 961.0 101.0 ILANS, 4, (esquina Gignáts) BARCELONA
