1753 2480
144.0 195.0 459.0 76.0 por sus estudios y leyes,

143.0 253.0 455.0 62.0 porque crian gusarapos,

148.0 298.0 494.0 64.0 anguilas, ranas y sapos,

143.0 344.0 437.0 56.0 el aqua para los bueyes.

194 369 471 79 A los hombres castigarlos

144.0 431.0 419.0 60.0 con tajadas de tocino,

144.0 472.0 534.0 76.0 grandes vasos de buen vino,

858.0 188.0 525.0 72.0 y muchachas de quince años:

853.0 239.0 425.0 61.0 esto decia un ermitaño

853.0 279.0 458.0 70.0 que le llamaban Solludo,

851.0 329.0 502.0 66.0 era un hombre muy agudo,

854.0 374.0 499.0 64.0 como es claro, ya lo veis,

853 423 573 64 que el agua place á los bueyes

855.0 467.0 455.0 68.0 que tienen el cuerno duro.

601 522 471 56 El humo que al aire vuela,

555.0 559.0 446.0 61.0 el crédito de una muger,

551 599 439 72 el aqua que se derrama,

548.0 653.0 369.0 78.0 no se puede recoger.

190 700 465 62 Muchas niñas recatadas,

148 741 424 73 doncellas y virtuosas,

148 775 546 84 por lenguas muy maliciosas

155 839 487 60 suelen verse deshonradas,

150 880 519 64 ellas propias son culpadas;

150 927 519 60 si algun hombre las anhela

159 977 506 64 y las propone el quererlas,

159 1023 430 53 colocarlas en su trono,

152 1035 629 93 sabiendo que el hombre es horno,

157 1113 471 62 el humo que al aire vuela.

197.0 1153.0 548.0 70.0 Sabiendo que el humo es aire

159 1204 397 62 y llega á desvanecer,

159 1248 403 62 es lo propio la muger

161 1291 494 64 cuando cae de su donaire;

166.0 1337.0 472.0 58.0 no pudiendo darle nadie

159 1378 535 64 la honra que llegó á perder,

161.0 1430.0 486.0 63.0 pues es claro de entender

161.0 1478.0 547.0 56.0 que el humo se des vancce,

168.0 1515.0 562.0 73.0 y es de aquesta misma especie

162.0 1562.0 437.0 80.0 el crédito de una muger.

912.0 693.0 511.0 68.0 Viendo el agua que la tierra

864.0 735.0 436.0 66.0 ella propia se concluye

864.0 782.0 432.0 59.0 la deshace y disminuye

870.0 828.0 494.0 63.0 sin que dé señales de ella;

862.0 874.0 518.0 64.0 es lo propio en la doncella,

862 923 427 60 ó muger de linda fama,

864.0 963.0 459.0 67.0 siendo acreditada dama,

864.0 1012.0 456.0 62.0 su honra llegó á perder,

864 1056 432 64 y así vuelve á conocer

865.0 1104.0 427.0 61.0 el agua que se derrama.

909 1116 587 97 Las plumas de un ave al viento

865.0 1193.0 362.0 63.0 tirándolas á volar,

865.0 1237.0 514.0 67.0 sin que una llegue á faltar

866.0 1284.0 527.0 67.0 dame de ellas cumplimiento;

868.0 1335.0 430.0 55.0 asi por este argumento

866.0 1380.0 407.0 55.0 es claro de conocer,

865.0 1426.0 532.0 59.0 que es cierto y no puede ser

876.0 1467.0 442.0 62.0 ver las plumas recojidas;

869.0 1511.0 477.0 67.0 tampoco la honra perdida

868.0 1559.0 353.0 69.0 no se puede recoger.

602.0 1606.0 430.0 59.0 Qué bonito es el dinero,

570.0 1649.0 445.0 62.0 qué blanco tiene el color,

570.0 1696.0 413.0 67.0 con él se goza lo ageno

569.0 1744.0 377.0 70.0 y se prueba lo mejor.

212.0 1789.0 501.0 69.0 Qué lucido y qué plantado

169 1841 455 56 es aquel que tiene plata,

171 1886 453 64 y aunque sea un patarata

165.0 1927.0 422.0 63.0 de todos es estimado;

165.0 1977.0 466.0 57.0 de las damas es honrado

166.0 2017.0 434.0 66.0 con agasajo y esmero,

170.0 2065.0 408.0 62.0 y con gracioso salero

162 2110 514 65 en servirle se hallan cortas,

173 2157 463 59 y por estas y otras cosas,

162 2197 412 68 qué bonito es el dinero.

205 2245 546 75 De que un rico vá á una casa

166.0 2292.0 354.0 68.0 á visitas de señoras,

870.0 1786.0 457.0 62.0 al instante triunfadoras,

872.0 1835.0 445.0 52.0 en nada le ponen tasa;

873.0 1876.0 510.0 58.0 de esta suerte se dan traza

873.0 1926.0 512.0 53.0 hasta que enredan su amor,

879.0 1971.0 434.0 54.0 y ellas al mismo tenor,

872.0 2012.0 401.0 58.0 hablándole cariñosas

872.0 2059.0 453.0 58.0 suelen decirle amorosas:

870.0 2103.0 448.0 58.0 què blanco tiene el color.

920.0 2145.0 532.0 69.0 Triunfa el hombre con el oro

872.0 2197.0 405.0 58.0 de todos sus apetitos,

876.0 2241.0 489.0 65.0 y aunque tenga mil delitos

873.0 2291.0 400.0 66.0 nada le es de desdoro;
