2148 3034
832.0 280.0 516.0 109.0 PARTE PRIMERA

432.0 364.0 1336.0 108.0 Manifièstase en ella quién era Antonia, cómo se puso en amores con un majo

662.0 444.0 873.0 104.0 nombrado Pene, y las circunstancias de ambos.

473.0 508.0 468.0 88.0 En una ciudad heroica

427.0 566.0 504.0 76.0 de la espléndida Galicia,

427.0 621.0 504.0 69.0 rica, fuerte y pintoresca,

430.0 664.0 602.0 76.0 que es de extranjeros envidia,

430.0 712.0 518.0 66.0 y que el Atlántico arrulla

430.0 763.0 468.0 61.0 con sus olas nacarinas,

425.0 791.0 571.0 73.0 había, no ha mucho tiompo,

432.0 844.0 440.0 66.0 una infame mancebía,

427.0 895.0 496.0 63.0 de la que era torpe gala

430.0 940.0 412.0 58.0 una moza tan altiva,

427.0 975.0 557.0 76.0 que allí, como dondequiera,

427.0 1026.0 423.0 61.0 era de primera linea.

430.0 1066.0 523.0 69.0 Alta, esbelta y agraciada,

422.0 1112.0 478.0 58.0 ojos negros, la tez fina,

425.0 1147.0 645.0 81.0 Antonia—que este es su nombre,

427.0 1195.0 448.0 64.0 fogosa y provocativa,

425.0 1246.0 478.0 56.0 tenía á sus compañeras

425.0 1276.0 584.0 79.0 de vergüenza y de desdichas

422.0 1329.0 496.0 66.0 dominadas por su genio,

427.0 1377.0 476.0 61.0 y, por su valor, sumisa.

422.0 1410.0 516.0 66.0 Su voz era la más fuerte;

422.0 1456.0 559.0 73.0 su opinión, la más seguida;

419.0 1506.0 479.0 59.0 su parecer, consultado;

419.0 1552.0 451.0 56.0 su voluntad, decisiva.

425.0 1590.0 455.0 68.0 Ni la dueña de la casa

419.0 1635.0 469.0 58.0 á sus gustos se oponía,

419.0 1673.0 504.0 76.0 pues, aparte el beneficio

419.0 1726.0 542.0 61.0 de su explotación indigna,

417.0 1769.0 460.0 66.0 á Antonia consideraba

419.0 1817.0 426.0 64.0 como temible pupila,

419.0 1853.0 567.0 68.0 fácil en cuanto al escándalo,

422.0 1901.0 506.0 63.0 pendenciera y vengativa.

422.0 1946.0 476.0 66.0 Por esto, de todas ellas

417.0 1997.0 410.0 56.0 era ésta su favorita,

417.0 2035.0 501.0 58.0 tratándola con marcadas

412.0 2078.0 486.0 76.0 deferencias expresivas.

452.0 2138.0 615.0 97.0 Quiso el azar que á tal templo

409.0 2202.0 516.0 70.0 de placer y de ignominia

412.0 2257.0 534.0 58.0 fuera de broma una noche

412.0 2295.0 569.0 68.0 cierto hombre de mala vida,

417.0 2341.0 460.0 88.0 rico, joven, temerario,

1115.0 538.0 524.0 68.0 mas perverso en demasía,

1118.0 589.0 491.0 60.0 en cuyas maldades tuvo

1115.0 624.0 473.0 61.0 la atención España fija

1113.0 667.0 609.0 76.0 y que dió que hacer bastante

1115.0 712.0 476.0 69.0 á las gentes de justicia.

1118.0 763.0 445.0 63.0 El tal tiraba el dinero

1115.0 806.0 514.0 66.0 en francachelas y orgías,

1115.0 852.0 443.0 58.0 y su fama de rumboso

1120.0 884.0 532.0 74.0 le acompañaba adonde iba,

1120.0 940.0 557.0 66.0 pues siempre que el Señorito

1113.0 993.0 410.0 53.0 iba de broma bebia,

1118.0 1031.0 642.0 71.0 y en su embriaguez, derrochaba

1115.0 1074.0 486.0 58.0 de una manera inaudita.

1113.0 1117.0 607.0 66.0 Tal parroquiano, á las gentes

1110.0 1157.0 542.0 64.0 que viven de cosa indigna

1115.0 1200.0 456.0 66.0 halagaba por extremo;

1113.0 1238.0 602.0 76.0 mas nunca estaban tranquilas

1115.0 1289.0 458.0 61.0 yemiendo los arrebatos

1110.0 1332.0 514.0 66.0 que siempre sobrevenian.

1115.0 1372.0 448.0 69.0 Por apodo le llamaban

1110.0 1413.0 501.0 71.0 Señorito, aunque maldita

1113.0 1463.0 544.0 64.0 la cosa que de ello hubiera

1108.0 1509.0 508.0 68.0 en su porte. Sólo explica

1108.0 1552.0 417.0 66.0 apodo tal, la fortuna

1105.0 1585.0 501.0 76.0 que heredó de su familia

1105.0 1643.0 499.0 63.0 y el ser ésta bien mirada

1100.0 1686.0 511.0 96.0 en la ciudad por su vida.

1151.0 1777.0 468.0 99.0 Pepe—puesto que José

1105.0 1865.0 499.0 54.0 era su nombre de pila,—

1103.0 1898.0 645.0 81.0 cuando hubo entrado en la casa

1105.0 1941.0 521.0 69.0 vió en el las miradas fijas

1105.0 1992.0 547.0 61.0 de aquellas torpes mujeres

1108.0 2032.0 544.0 79.0 que vendiendo sus caricias

1105.0 2085.0 405.0 61.0 prostituyen el amor

1108.0 2126.0 516.0 58.0 haciendo de él mercancía.

1105.0 2164.0 585.0 68.0 No á todas les fué simpático;

1110.0 2219.0 590.0 59.0 porque aun dentro de la sima

1098.0 2250.0 652.0 78.0 del vicio, se hallan conciencias

1108.0 2298.0 539.0 68.0 que á fraternizar no atinan

1095.0 2346.0 529.0 106.0 con esas perversas gentes
