1860 2629
269.0 359.0 544.0 74.0 Siu aguardar más razones

239.0 418.0 526.0 57.0 hacia adentro se entraba,

234.0 462.0 531.0 74.0 y arrimada junto al lecho

236.0 508.0 553.0 76.0 de aquesta suerte le habla:

285.0 563.0 519.0 70.0 —¿Conoceréis, señor mío,

236.0 604.0 485.0 77.0 á la que dísteis el agua

239.0 637.0 601.0 92.0 del bautismo allá en Trujillo,

239.0 703.0 469.0 72.0 y le pusistéis Rosaura?

276.0 751.0 474.0 77.0 Habéis de saber soy yo

239.0 801.0 476.0 70.0 la que nunca se criara,

234.0 845.0 584.0 81.0 pues fuí la mujer más frágil

239.0 900.0 647.0 81.0 que se ha visto en toda España.

276.0 948.0 423.0 64.0 Por fiarme del amor

243.0 1007.0 542.0 66.0 perdido mi honor se halla;

239.0 1049.0 541.0 63.0 mirad bien mi tierna edad

234.0 1101.0 575.0 71.0 que de quince años no pasa,

234.0 1150.0 557.0 68.0 no mireis el mal sarmiento

239.0 1194.0 508.0 76.0 sino el árbol donde baja,

234.0 1250.0 426.0 71.0 que si lo consideráis

234.0 1281.0 546.0 81.0 cierto tomaréis venganza.

274.0 1334.0 555.0 87.0 Dos viles me han seducido

232.0 1391.0 489.0 74.0 sacándome de mi casa,

234.0 1443.0 564.0 73.0 y han mancillado mi honor

236.0 1502.0 520.0 60.0 en Sierra Morena, basta.

274.0 1537.0 537.0 82.0 Oyendo esto D. Francisco

239.0 1588.0 462.0 70.0 de la cama se levanta,

239.0 1632.0 618.0 76.0 y al punto manda á un criado

243.0 1700.0 555.0 57.0 que un caballo le ensillara,

241.0 1741.0 513.0 70.0 y antes de partir dispuso

241.0 1785.0 539.0 77.0 el dejarla con su hermana

243.0 1851.0 509.0 59.0 recogida en un convento

245.0 1892.0 564.0 68.0 que de Santa Isabel llaman.

280.0 1934.0 448.0 64.0 Camina para Trujilio

241.0 1982.0 553.0 73.0 con un criado en compaña;

243.0 2033.0 551.0 74.0 pretende entrar en secreto

245.0 2092.0 494.0 65.0 porque no se sepa nada.

282.0 2129.0 544.0 88.0 Fuese á casa de D. Diego,

243.0 2182.0 397.0 74.0 afable le saludaba,

247.0 2232.0 516.0 70.0 y en seguida le pregunta

247.0 2282.0 494.0 77.0 por su querida Rosaura.

282.0 2320.0 531.0 92.0 Le respondió entristecido

923.0 359.0 533.0 55.0 don Diego estas palabras:

929.0 405.0 457.0 72.0 —Hará unos ocho días

927.0 460.0 540.0 63.0 que se ausentó de mi casa

927.0 501.0 503.0 75.0 sin poder hallar persona

929.0 554.0 503.0 66.0 que me diga donde para,

929.0 606.0 582.0 60.0 la que de mi casa era espejo

925.0 655.0 502.0 70.0 donde todos se miraban.

969.0 703.0 535.0 63.0 En seguida don Francisco

929.0 755.0 514.0 68.0 sacó del pecho una carta

932.0 797.0 423.0 77.0 y se la dió á D. Diego

932.0 850.0 528.0 72.0 que al instante la tomaba,

927.0 893.0 511.0 77.0 y mirando el sobrescrito

929.0 955.0 446.0 59.0 de puro gozo lloraba,

936.0 1001.0 474.0 61.0 porque conoció la letra

929.0 1040.0 468.0 75.0 de su querida Rosaura;

927.0 1093.0 511.0 74.0 pero dentro iba el pesar,

929.0 1141.0 551.0 74.0 que es cosa muy ordinaria

932.0 1198.0 574.0 68.0 no haber placer sin disgusto

929.0 1242.0 514.0 70.0 en aquesta vida humana.

932.0 1290.0 517.0 68.0 Abrióla, y viendo en ella

929.0 1338.0 525.0 70.0 los autores de la infamia,

932.0 1386.0 405.0 81.0 al señor Corregidor

932.0 1437.0 500.0 74.0 del caso cuenta le daba.

969.0 1487.0 557.0 70.0 Al instante los prendieron,

932.0 1537.0 476.0 73.0 y sustanciada la causa,

932.0 1583.0 502.0 73.0 el juoz con recta justicia

927.0 1643.0 509.0 59.0 á muerte los condenaba.

971.0 1686.0 491.0 68.0 Los meten en la capilla

934.0 1732.0 546.0 77.0 y llorando al cielo claman,

936.0 1792.0 450.0 68.0 pidiendo misericordia

936.0 1833.0 445.0 68.0 á la Virgen soberana.

969.0 1875.0 504.0 85.0 Los sacaron de la cárcel

945.0 1936.0 535.0 70.0 pregonando por las plazas

936.0 1984.0 588.0 75.0 diciendo:—Esta es la justicia

936.0 2033.0 557.0 74.0 que por las leyes se manda

936.0 2087.0 437.0 73.0 ejecutar con los reos

936.0 2118.0 557.0 90.0 por su delincuente infamia.

982.0 2182.0 498.0 72.0 Ya los suben al suplicio,

934.0 2236.0 458.0 64.0 el verdugo se prepara,

936.0 2289.0 551.0 68.0 y en una muerte afrentosa

934.0 2337.0 515.0 70.0 á Dios entregan su alma.

515.0 2420.0 864.0 81.0 MADRID. Imp. Universal, Cabestreros, 5
