1860 2629
173.0 289.0 375.0 96.0 uns vieja y agarró,

179.0 365.0 450.0 66.0 la bazinilla y se planta:

175.0 405.0 445.0 66.0 que truenos! que lluvía!

182.0 449.0 447.0 65.0 que juracan que desata!

177.0 497.0 382.0 68.0 pero yo á too callao

179.0 530.0 511.0 85.0 por que en mi no repara

173.0 589.0 355.0 61.0 Mas apenas acabó

173.0 615.0 445.0 81.0 fue erecha á la ventana

177.0 674.0 434.0 73.0 y pensando que era yo

175.0 712.0 410.0 72.0 algun berijon de lana

175.0 755.0 465.0 70.0 se me regolvió de popa

184.0 799.0 456.0 70.0 con las naguas levantaas

184.0 839.0 478.0 83.0 y en medio de los josicos

184.0 882.0 476.0 81.0 me p!antificó las nargas:

173.0 928.0 511.0 71.0 en fin se limpió y no mas

179.0 979.0 369.0 74.0 y decia la malvas

186.0 1016.0 439.0 79.0 esta lana á estao al sol

188.0 1058.0 483.0 83.0 que está caliente, su alma.

184.0 1110.0 500.0 68.0 se caliente en los infiernos

182.0 1147.0 502.0 84.0 pues me llenó de surrapa

188.0 1204.0 397.0 66.0 ojos, narizes y boca:

184.0 1233.0 596.0 85.0 cuando no eche yo alli el alma

182.0 1279.0 598.0 79.0 tripas, guajar y asaduras

179.0 1318.0 625.0 88.0 pienso que nunca he de echarla

193.0 1375.0 508.0 81.0 y llamando á un hijo suyo

188.0 1413.0 513.0 83.0 vino dando voces altas

186.0 1454.0 515.0 86.0 yo ije (para mi sallo)

195.0 1500.0 506.0 83.0 ya está corona la anza;

195.0 1555.0 449.0 68.0 empeze á rezar el Creo,

188.0 1601.0 456.0 72.0 no queo santo ni santa

190.0 1636.0 454.0 77.0 en toito el calandario

190.0 1684.0 557.0 70.0 á quien no mé encomendara

199.0 1732.0 452.0 66.0 mas apenas que me vió

193.0 1768.0 473.0 85.0 por las orejas me agarra,

197.0 1827.0 349.0 61.0 con tal coraje tiró

197.0 1857.0 515.0 77.0 que yo por la puerta falsa

195.0 1901.0 517.0 77.0 empeze á llorar, de suerte

201.0 1943.0 549.0 81.0 que las lagrimas que echaba

203.0 1998.0 547.0 89.0 eran mas gordas que peros

973.0 269.0 397.0 136.0 pa todos mis camaraas

971.0 324.0 500.0 87.0 Sin dua do ténió el Disblá

976.0 396.0 465.0 61.0 Luego fue y en una taza

969.0 420.0 502.0 79.0 trajo un betum y pintome

973.0 481.0 470.0 57.0 como á Demonio la cara,

969.0 523.0 428.0 70.0 en esto ya era de dia,

976.0 563.0 502.0 76.0 y los muchachos que pasan

978.0 611.0 552.0 72.0 pensando que yo era un judas

969.0 652.0 491.0 68.0 me apedrean y maltratan,

978.0 712.0 471.0 56.0 ¡que verguenza que pasé!

980.0 747.0 447.0 57.0 se juntó gente á desgaja.

980.0 775.0 493.0 70.0 Mas un maldito muchacho

978.0 830.0 456.0 61.0 se subió de mí se agarra

982.0 867.0 496.0 81.0 me ha quitado los calzones

969.0 915.0 428.0 75.0 de tanto como tiraba,

976.0 970.0 408.0 61.0 tal que me jiso pegar

982.0 996.0 450.0 79.0 una costada de espaldas

984.0 1047.0 375.0 74.0 que pense dejar allí

984.0 1084.0 500.0 83.0 toas mis costillas quebraas

978.0 1132.0 412.0 72.0 Sali corriendo tras el

980.0 1167.0 507.0 92.0 cual liebre que va acosaa

987.0 1222.0 458.0 72.0 un escuadron me seguia,

982.0 1259.0 520.0 86.0 yo en viento en popa volaba

978.0 1316.0 484.0 68.0 con el pañal por bandera

978.0 1349.0 504.0 83.0 ¡y en el gravaas mis armas.

987.0 1397.0 397.0 73.0 Mas tenia yo que ver

989.0 1430.0 563.0 90.0 que un buen jardin del Alcazar

976.0 1481.0 478.0 83.0 y mas que un titirimandi

987.0 1535.0 460.0 66.0 en donde se ven pintaas

982.0 1579.0 408.0 64.0 Napoles, Ingalaterra,

989.0 1608.0 484.0 83.0 la Gran Bretaña é trlanda

984.0 1656.0 487.0 81.0 la gran Corte de Madrid,

989.0 1713.0 467.0 68.0 Ias Carrozas y las Damas,

989.0 1752.0 423.0 66.0 jasta el Diablo se reia

993.0 1783.0 544.0 85.0 de ver tan horrible estampa

1002.0 1842.0 441.0 59.0 En fin la cruz á Sivilla

1000.0 1870.0 513.0 79.0 y á las malditas muchachas

1002.0 1910.0 660.0 90.0 pues de esta suerte me han puestao

1000.0 1962.0 513.0 103.0 voy cosriendo á buscas agua.

826.0 2122.0 235.0 99.0 FIN.

203.0 2219.0 1481.0 182.0 Con licencia: En Sevilla en la Imprenta de Aragon

763.0 2324.0 386.0 129.0 y Compañia.
