1134 1548
531 104 116 39 — 20—

193 142 791 37 habia oido el ruido, y me pareció que un bulto se alejaba. En efec-

191 169 793 40 to, seguí tras de aquella sombra y ella prosiguió huyendo. Conti-

191 199 793 38 nuando yo en su persecucion, llegué muy lejos y divisé todavia

191 230 792 39 mas allá una ráfaga de luz. Animado con tal descubrimiento apresu-

191 259 791 42 ré mi paso, y al fin pude ver claramente que habia entre dos pe-

191 289 791 37 ñas una hendidura por la cual bien cabia una persona. Me detuve un

191 318 790 38 momento sorprendido y dudando si me arriesgaria á llegar: por fin lo

191 349 791 37 hice asi, pasé por la abertura y me ví á la orilla del mar. Es dificil de

190 380 791 38 espresar el gozo que recibí entonces. Fácilmente comprendí que algun

189 409 791 35 animal marino acostumbraria entrar por la hendidura para comerse los

190 438 672 41 cadáveres, y aquello seria el bulto que yo habia perseguido.

232 468 748 41 Reconocí bien el terreno y encontré que las peñas en aquella parte

189 500 790 34 se elevaban á tal altura y eran tan escarpadas, que no podia ser el

188 527 791 36 bajar por ellas. Arrodillado alcé las manos y los ojos al cielo, dando gra-

187 557 792 41 cias al Criador por el beneficio que acababa de dispensarme, y dirijién-

188 588 791 39 dome otra vez á la cueva, recojí todas las alhajas, telas y prendas de

188 618 788 39 mayor valor que pude hallar en los ataudes, y conduciéndolo á la playa,

186 646 792 41 con las cnerdas que habian sido bajados los ataudes, até los muchos lios

188 678 719 40 que hice, para esperar ocasion favorable en que poder salir de allí.

232 710 747 37 Dos ó tres dias despues alcancé á ver un bajel que eruzaba no muy

187 737 792 38 distante. Dando voces y haciendo señas logré que me viesen los mari-

185 770 793 35 neros. Cuando se acercaron quisieron saber cómo era que me hallaba

186 798 793 40 en aquel sitio, y yo les dije que habia naufragado dos dias antes: logran-

186 829 792 36 do salvarme con las mercancías que llevaba. Los marineros no se cui-

185 857 794 39 daron de si era ó no posible lo que yo les decia y me recibieron con los

185 885 793 37 lios en su embarcacion. Siguieron su rumbo y abordamos en varios

184 920 794 38 puertos é islas, y entre otras tocamos á la llamada de Serendik, que es la

184 947 794 35 mas apartada de aquel archipiélago. En ella hay muchas minas de ricos

184 976 792 41 metales y piedras preciosas, así como abundancia de plantas medicinales,

184 1006 793 42 pero nos detuvimos poco en ella por que sus habitantes odían á los es-

184 1038 794 35 trangeros, y son tan sumamente bárbaros, que hasta comen carne huma-

184 1066 795 41 na. De allí pasamos á la isla de Kela, muy poblada y riquísima. En ella

186 1099 793 34 hice muy buen negocio con mis fardos, volví á embarcarme y tuve la

186 1126 792 36 dicha de verme otra vez en el puerto de Bagdad con innumerables riquezas.

228 1154 749 39 Hice muchas limosnas á los pobres, dí grandes cantidades á dife-

185 1188 792 39 rentes mezquitas, y nuevamente principié á gastar alegremente con mis

185 1216 186 38 antiguos amigos.

229 1241 748 44 Concluyó Simbad la historia de su cuarto viaje, mas interesante que

187 1277 787 37 las anteriores, y regalando á Nadir como en los otros dias cien zequies,

187 1306 789 37 le encargó mucho que no faltase al dia siguiente para que, acompañán-

186 1333 751 42 dole á la mesa con sus amigos, oyese la narracion del quinto viaje.

230 1365 745 41 Lo mismo que los otros dias comieron alegremente los convidados de

186 1390 595 52 Simbad, y despues tomó este la palabra diciendo así:
