1753 2480
72.0 175.0 453.0 68.0 y muy mal distribuir

74.0 225.0 492.0 80.0 nunca te podrás casar.

355.0 289.0 81.0 93.0 2.°

109.0 382.0 469.0 76.0 Si acaso poco ganais

62.0 440.0 547.0 72.0 gastais mucha vanidad,

64.0 493.0 516.0 54.0 si llegais á ser casadas

64.0 539.0 483.0 56.0 podeis pedir caridad.

107.0 576.0 577.0 79.0 Muy curras os presentais,

66.0 622.0 421.0 64.0 pero creo no direis

62.0 667.0 471.0 64.0 lo que debajo llevais:

59.0 715.0 495.0 64.0 os digo que no gasteis

59.0 764.0 461.0 56.0 si acaso poco ganais.

103.0 799.0 558.0 60.0 Escuchadme una verdad,

59.0 837.0 685.0 84.0 (que las verdades son hondas,)

59.0 888.0 488.0 58.0 te digo con brevedad;

59.0 925.0 631.0 73.0 las que sois mas trapisondas

59.0 983.0 536.0 68.0 gastais mucha vanidad.

105.0 1033.0 589.0 52.0 Tan compuestas y aseadas

59.0 1068.0 670.0 62.0 vuestro gusto siempre es este:

62.0 1109.0 541.0 62.0 ! Jesus que desgraciadas:

57.0 1159.0 647.0 64.0 Sois mas sucias que una peste

57.0 1206.0 519.0 56.0 si llegais á ser casadas.

101.0 1248.0 564.0 62.0 Pues de esta conformidad

57.0 1293.0 559.0 58.0 no lo sois todas tampoco;

57.0 1339.0 538.0 58.0 por trabajo á Dios rogad

64.0 1388.0 510.0 60.0 y si os faltára este poco

62.0 1432.0 475.0 72.0 podeis pedir caridad.

367.0 1506.0 67.0 77.0 3.°

97.0 1578.0 643.0 93.0 Sois la perdicion del hombre

51.0 1645.0 600.0 70.0 a esde nuestro padre Adan,

53.0 1692.0 583.0 70.0 engañais al mundo entero

51.0 1740.0 540.0 60.0 sin pensar en que dirán.

105.0 1777.0 583.0 78.0 Ya llevais por el renombre

55.0 1820.0 538.0 64.0 la perdicion de la tierra,

57.0 1870.0 556.0 64.0 y por esto no os asombre;

53.0 1915.0 587.0 60.0 con vuestra villana guerra

53.0 1959.0 639.0 72.0 sois la desgracia del hombre.

97.0 2004.0 492.0 68.0 Dice un antigüo refran

53.0 2054.0 490.0 91.0 que mujeres y ratones

839.0 181.0 643.0 71.0 perdiendo á los hombres van

841.0 231.0 521.0 62.0 y tambien los gorriones,

839.0 279.0 597.0 55.0 desde nuestro padre Adan.

886.0 320.0 571.0 66.0 Fingiendo vuestro salero

841.0 361.0 572.0 68.0 entre mentiras y engaños,

841.0 411.0 486.0 58.0 en el mundo venidero

843.0 458.0 508.0 58.0 en este y en otros años

841.0 491.0 585.0 71.0 engañais al mundo entero.

895.0 539.0 525.0 68.0 Vuestras verdades están

843.0 578.0 579.0 83.0 muy lejos del pensamiento

845.0 626.0 459.0 68.0 y como sois huracán

843.0 665.0 661.0 70.0 haceis mas daño que el viento

841.0 721.0 533.0 74.0 sin pensar en que dirán.

1147.0 808.0 68.0 70.0 4.°

884.0 874.0 575.0 89.0 La que es fea vá muy mal

841.0 930.0 570.0 70.0 la que es jóven es tronera

843.0 979.0 655.0 79.0 la que es guapa es holgazana,

843.0 1029.0 637.0 68.0 la que es vieja que se muera.

884.0 1074.0 581.0 81.0 Se ha vuelto amarga tu sal

841.0 1109.0 490.0 81.0 tu sandunga se perdió

841.0 1165.0 405.0 62.0 y como amigo leal

839.0 1206.0 453.0 69.0 muy claro te digo yo

835.0 1246.0 552.0 70.0 la que es fea vá muy mal

878.0 1291.0 531.0 77.0 Despues de ser calavera

833.0 1330.0 554.0 83.0 niña de pompa y de lujo,

833.0 1380.0 541.0 72.0 te canto de esta manera:

833.0 1430.0 518.0 68.0 con letra solfa y dibujo;

833.0 1471.0 576.0 79.0 la que es jóven es tronera.

878.0 1512.0 540.0 79.0 Si tu eres rosa temprana

833.0 1552.0 576.0 82.0 pues lo dices en voz alta,

833.0 1609.0 512.0 69.0 yo diré de buena gana,

837.0 1655.0 537.0 64.0 teneis una horrible falta;

839.0 1698.0 645.0 73.0 la que es guapa es holgazana.

880.0 1742.0 465.0 64.0 Si ya por una friolera

837.0 1789.0 579.0 71.0 quedamos los dos reñidos,

837.0 1839.0 595.0 66.0 salga el Sol por Antequera:

835.0 1874.0 512.0 68.0 y diré con mis sentidos

835.0 1930.0 640.0 72.0 la que es vieja que se muera.

1147.0 2006.0 66.0 66.0 5.°

872.0 2037.0 583.0 118.0 Fuera mujeres del mundo
