<?xml version="1.0" encoding="UTF-8"?>
<alto xmlns:xsi="http://www.w3.org/2001/XMLSchema-instance"
      xmlns="http://www.loc.gov/standards/alto/ns-v4#"
      xsi:schemaLocation="http://www.loc.gov/standards/alto/ns-v4# http://www.loc.gov/standards/alto/v4/alto-4-2.xsd">
  <Description>
    <MeasurementUnit>pixel</MeasurementUnit>
    <sourceImageInformation>
      <fileName>Varios_353_2.jpg</fileName>
      
    </sourceImageInformation>
  </Description>
  
  <Tags>
    <OtherTag ID="BT1082" LABEL="CustomZone:impresorNum" DESCRIPTION="block type CustomZone:impresorNum"/><OtherTag ID="BT1083" LABEL="CustomZone:numero_pliego" DESCRIPTION="block type CustomZone:numero_pliego"/><OtherTag ID="BT1084" LABEL="CustomZone:title" DESCRIPTION="block type CustomZone:title"/><OtherTag ID="BT1085" LABEL="GraphicZone:illustration" DESCRIPTION="block type GraphicZone:illustration"/><OtherTag ID="BT1086" LABEL="GraphicZone:ornamentation" DESCRIPTION="block type GraphicZone:ornamentation"/><OtherTag ID="BT1087" LABEL="MainZone" DESCRIPTION="block type MainZone"/><OtherTag ID="BT1088" LABEL="MainZone:columns" DESCRIPTION="block type MainZone:columns"/><OtherTag ID="BT1089" LABEL="MarginTextZone:colophon" DESCRIPTION="block type MarginTextZone:colophon"/><OtherTag ID="BT1090" LABEL="MarginTextZone:note" DESCRIPTION="block type MarginTextZone:note"/><OtherTag ID="BT1091" LABEL="MusicZone" DESCRIPTION="block type MusicZone"/><OtherTag ID="BT1092" LABEL="NumberingZone:page" DESCRIPTION="block type NumberingZone:page"/><OtherTag ID="BT1093" LABEL="QuireMarksZone:catchwords" DESCRIPTION="block type QuireMarksZone:catchwords"/><OtherTag ID="BT1094" LABEL="QuireMarksZone:signature" DESCRIPTION="block type QuireMarksZone:signature"/><OtherTag ID="BT1095" LABEL="RunningTitleZone" DESCRIPTION="block type RunningTitleZone"/>
    <OtherTag ID="LT402" LABEL="CustomLine:propriedad" DESCRIPTION="line type CustomLine:propriedad"/><OtherTag ID="LT403" LABEL="CustomLine:trailer" DESCRIPTION="line type CustomLine:trailer"/><OtherTag ID="LT404" LABEL="DefaultLine" DESCRIPTION="line type DefaultLine"/><OtherTag ID="LT405" LABEL="HeadingLine" DESCRIPTION="line type HeadingLine"/>
  </Tags>
  
  <Layout>
    <Page WIDTH="1753"
          HEIGHT="2480"
          PHYSICAL_IMG_NR="9"
          ID="eSc_dummypage_">
      <PrintSpace HPOS="0"
                  VPOS="0"
                  WIDTH="1753"
                  HEIGHT="2480">
        
        <TextBlock HPOS="248"
                   VPOS="51"
                   WIDTH="81"
                   HEIGHT="62"
                   ID="block_2"
                   TAGREFS="BT1092">
          <Shape><Polygon POINTS="329 51 329 113 248 113 248 51"/></Shape>
          
          
          <TextLine ID="line_0"
                    TAGREFS="LT404"
                    BASELINE="274 99 309 99" 
                    HPOS="272"
                    VPOS="53"
                    WIDTH="36"
                    HEIGHT="56">
            <Shape><Polygon POINTS="272 97 272 109 308 105 308 97 308 59 272 53 272 97"/></Shape>
	    <String CONTENT="2"
                    HPOS="272"
                    VPOS="53"
                    WIDTH="36"
                    HEIGHT="56"></String>
          </TextLine>

          
        </TextBlock>
        
        <TextBlock HPOS="122"
                   VPOS="124"
                   WIDTH="789"
                   HEIGHT="2301"
                   ID="block_1"
                   TAGREFS="BT1088">
          <Shape><Polygon POINTS="700 211 869 331 911 2425 122 2425 122 124 712 124"/></Shape>
          
          
          <TextLine ID="line_1"
                    TAGREFS="LT404"
                    BASELINE="155 157 450 147 682 148" 
                    HPOS="154"
                    VPOS="125"
                    WIDTH="528"
                    HEIGHT="49">
            <Shape><Polygon POINTS="678 125 664 125 650 125 636 125 622 125 609 125 595 125 581 125 567 125 554 125 540 125 526 125 512 125 498 125 485 125 471 125 457 125 443 125 429 125 416 125 402 125 388 125 374 125 361 125 347 125 333 125 319 125 305 125 292 125 278 125 264 125 250 125 237 125 223 125 209 125 195 125 181 125 168 125 154 125 155 157 155 169 242 174 243 174 245 174 246 174 253 169 259 166 264 169 274 174 275 174 277 174 278 174 297 169 315 165 344 169 372 173 373 173 374 173 383 169 395 162 478 162 497 169 503 170 504 170 505 170 507 170 511 169 526 162 542 169 544 169 545 169 547 169 680 168 682 148 679 125 678 125"/></Shape>
	    <String CONTENT="voy á encender los mechones,"
                    HPOS="154"
                    VPOS="125"
                    WIDTH="528"
                    HEIGHT="49"></String>
          </TextLine>

          
          
          <TextLine ID="line_2"
                    TAGREFS="LT404"
                    BASELINE="159 195 558 187" 
                    HPOS="158"
                    VPOS="152"
                    WIDTH="400"
                    HEIGHT="61">
            <Shape><Polygon POINTS="159 195 159 206 223 213 224 213 376 203 531 206 533 206 534 206 558 198 558 187 555 159 490 152 489 152 158 165 159 195"/></Shape>
	    <String CONTENT="y al asalto; ¡vamos! sí."
                    HPOS="158"
                    VPOS="152"
                    WIDTH="400"
                    HEIGHT="61"></String>
          </TextLine>

          
          
          <TextLine ID="line_3"
                    TAGREFS="LT404"
                    BASELINE="159 235 595 227" 
                    HPOS="158"
                    VPOS="192"
                    WIDTH="437"
                    HEIGHT="54">
            <Shape><Polygon POINTS="159 235 159 246 595 243 595 227 592 199 544 192 542 192 469 199 446 201 158 201 159 235"/></Shape>
	    <String CONTENT="Voy á buscar de contado"
                    HPOS="158"
                    VPOS="192"
                    WIDTH="437"
                    HEIGHT="54"></String>
          </TextLine>

          
          
          <TextLine ID="line_4"
                    TAGREFS="LT404"
                    BASELINE="157 274 589 267" 
                    HPOS="155"
                    VPOS="232"
                    WIDTH="434"
                    HEIGHT="57">
            <Shape><Polygon POINTS="157 274 157 289 588 282 589 267 587 238 500 232 498 232 155 243 157 274"/></Shape>
	    <String CONTENT="balas y alguna granada,"
                    HPOS="155"
                    VPOS="232"
                    WIDTH="434"
                    HEIGHT="57"></String>
          </TextLine>

          
          
          <TextLine ID="line_5"
                    TAGREFS="LT404"
                    BASELINE="157 312 622 304" 
                    HPOS="155"
                    VPOS="275"
                    WIDTH="467"
                    HEIGHT="57">
            <Shape><Polygon POINTS="157 312 157 325 228 332 230 332 390 322 603 325 605 325 606 325 622 316 622 304 618 275 155 278 157 312"/></Shape>
	    <String CONTENT="voy á convertirlo en nada"
                    HPOS="155"
                    VPOS="275"
                    WIDTH="467"
                    HEIGHT="57"></String>
          </TextLine>

          
          
          <TextLine ID="line_6"
                    TAGREFS="LT404"
                    BASELINE="157 355 682 342" 
                    HPOS="152"
                    VPOS="312"
                    WIDTH="528"
                    HEIGHT="64">
            <Shape><Polygon POINTS="155 353 155 376 680 361 680 341 673 312 152 320 155 353"/></Shape>
	    <String CONTENT="despues de haberlo tragado."
                    HPOS="152"
                    VPOS="312"
                    WIDTH="528"
                    HEIGHT="64"></String>
          </TextLine>

          
          
          <TextLine ID="eSc_line_aefc39fd"
                    TAGREFS="LT404"
                    BASELINE="751 341 857 338" 
                    HPOS="746"
                    VPOS="289"
                    WIDTH="109"
                    HEIGHT="72">
            <Shape><Polygon POINTS="750 341 750 361 855 349 855 336 851 295 746 289 750 341"/></Shape>
	    <String CONTENT="(Vase"
                    HPOS="746"
                    VPOS="289"
                    WIDTH="109"
                    HEIGHT="72"></String>
          </TextLine>

          
          
          <TextLine ID="eSc_line_834767ab"
                    TAGREFS="LT404"
                    BASELINE="687 382 847 378" 
                    HPOS="684"
                    VPOS="338"
                    WIDTH="161"
                    HEIGHT="69">
            <Shape><Polygon POINTS="686 380 686 407 845 396 845 376 839 338 684 349 686 380"/></Shape>
	    <String CONTENT="y vuelve.)"
                    HPOS="684"
                    VPOS="338"
                    WIDTH="161"
                    HEIGHT="69"></String>
          </TextLine>

          
          
          <TextLine ID="line_7"
                    TAGREFS="LT404"
                    BASELINE="155 396 657 383" 
                    HPOS="150"
                    VPOS="349"
                    WIDTH="505"
                    HEIGHT="64">
            <Shape><Polygon POINTS="152 394 152 413 655 398 655 382 649 349 150 361 152 394"/></Shape>
	    <String CONTENT="Aqui está esto, aquí estotro."
                    HPOS="150"
                    VPOS="349"
                    WIDTH="505"
                    HEIGHT="64"></String>
          </TextLine>

          
          
          <TextLine ID="line_8"
                    TAGREFS="LT404"
                    BASELINE="118 439 855 418" 
                    HPOS="117"
                    VPOS="387"
                    WIDTH="738"
                    HEIGHT="70">
            <Shape><Polygon POINTS="118 439 118 457 855 438 855 418 851 387 257 407 212 400 209 400 208 400 206 400 205 400 205 402 197 409 117 403 118 439"/></Shape>
	    <String CONTENT="(Desde este momento empezará á hacer como"
                    HPOS="117"
                    VPOS="387"
                    WIDTH="738"
                    HEIGHT="70"></String>
          </TextLine>

          
          
          <TextLine ID="line_9"
                    TAGREFS="LT404"
                    BASELINE="119 479 858 458" 
                    HPOS="119"
                    VPOS="425"
                    WIDTH="739"
                    HEIGHT="79">
            <Shape><Polygon POINTS="119 479 119 502 192 494 217 501 228 504 230 504 231 504 254 500 316 490 362 497 363 497 365 497 366 497 376 489 403 496 405 496 406 496 407 496 409 496 421 487 446 494 447 494 449 494 450 494 452 494 465 486 507 493 508 493 509 493 511 493 522 484 536 491 537 491 538 491 565 486 574 494 576 494 577 494 578 494 589 493 662 484 679 491 680 491 682 491 858 487 858 458 855 432 814 425 813 425 759 434 757 434 756 434 613 431 611 431 128 450 119 479"/></Shape>
	    <String CONTENT="si atacase un fuerte y al mismo tiempo los"
                    HPOS="119"
                    VPOS="425"
                    WIDTH="739"
                    HEIGHT="79"></String>
          </TextLine>

          
          
          <TextLine ID="line_10"
                    TAGREFS="LT404"
                    BASELINE="121 520 529 508" 
                    HPOS="119"
                    VPOS="475"
                    WIDTH="410"
                    HEIGHT="60">
            <Shape><Polygon POINTS="121 520 121 535 529 529 529 508 525 475 253 489 234 489 176 484 175 484 119 493 121 520"/></Shape>
	    <String CONTENT="versos se lo espresarán.)"
                    HPOS="119"
                    VPOS="475"
                    WIDTH="410"
                    HEIGHT="60"></String>
          </TextLine>

          
          
          <TextLine ID="line_11"
                    TAGREFS="LT404"
                    BASELINE="159 559 593 549" 
                    HPOS="158"
                    VPOS="513"
                    WIDTH="435"
                    HEIGHT="64">
            <Shape><Polygon POINTS="159 559 159 577 593 563 593 549 591 522 541 513 540 513 538 513 522 522 520 522 515 522 469 515 468 515 424 522 405 524 395 522 381 518 380 518 378 518 377 518 359 522 341 526 158 523 159 559"/></Shape>
	    <String CONTENT="Pues ya que no falta na,"
                    HPOS="158"
                    VPOS="513"
                    WIDTH="435"
                    HEIGHT="64"></String>
          </TextLine>

          
          
          <TextLine ID="line_12"
                    TAGREFS="LT404"
                    BASELINE="159 599 574 591" 
                    HPOS="158"
                    VPOS="555"
                    WIDTH="416"
                    HEIGHT="59">
            <Shape><Polygon POINTS="159 599 159 614 435 614 435 613 436 613 450 606 452 606 491 611 493 611 494 611 496 611 505 604 551 610 552 610 554 610 574 602 574 591 571 564 511 555 509 555 443 556 442 556 441 556 441 558 431 564 429 567 158 567 159 599"/></Shape>
	    <String CONTENT="empezaremos, allá va,"
                    HPOS="158"
                    VPOS="555"
                    WIDTH="416"
                    HEIGHT="59"></String>
          </TextLine>

          
          
          <TextLine ID="line_13"
                    TAGREFS="LT404"
                    BASELINE="162 639 592 631" 
                    HPOS="161"
                    VPOS="595"
                    WIDTH="431"
                    HEIGHT="62">
            <Shape><Polygon POINTS="162 639 162 655 373 657 374 657 376 657 395 650 401 648 406 650 427 654 428 654 503 647 519 646 527 646 574 653 576 653 577 653 592 644 592 631 589 603 519 595 518 595 516 595 487 603 449 596 447 596 446 596 445 596 445 597 436 604 387 597 385 597 384 597 383 597 373 606 372 606 370 606 321 599 319 599 161 608 162 639"/></Shape>
	    <String CONTENT="por el lado, por el otro,"
                    HPOS="161"
                    VPOS="595"
                    WIDTH="431"
                    HEIGHT="62"></String>
          </TextLine>

          
          
          <TextLine ID="line_14"
                    TAGREFS="LT404"
                    BASELINE="163 680 821 664" 
                    HPOS="162"
                    VPOS="625"
                    WIDTH="659"
                    HEIGHT="73">
            <Shape><Polygon POINTS="163 680 163 697 279 691 303 697 308 698 310 698 311 698 312 698 315 697 334 687 392 687 435 694 436 694 438 694 439 694 452 684 545 683 605 684 613 693 613 694 614 694 616 694 617 694 751 691 752 691 753 691 782 683 818 690 821 664 818 635 716 625 715 625 620 628 618 628 617 628 606 637 599 643 556 639 522 636 520 636 487 640 436 647 403 642 398 642 396 642 387 642 319 650 301 644 286 639 285 639 283 639 282 639 268 644 252 651 237 644 224 640 223 640 221 640 162 646 163 680"/></Shape>
	    <String CONTENT="hum tur... ur.....um..... así va bien,"
                    HPOS="162"
                    VPOS="625"
                    WIDTH="659"
                    HEIGHT="73"></String>
          </TextLine>

          
          
          <TextLine ID="line_15"
                    TAGREFS="LT404"
                    BASELINE="166 720 618 709" 
                    HPOS="165"
                    VPOS="679"
                    WIDTH="453"
                    HEIGHT="52">
            <Shape><Polygon POINTS="166 720 166 731 618 720 618 709 616 680 336 679 334 679 275 687 221 682 220 682 165 690 166 720"/></Shape>
	    <String CONTENT="cargar sobre el enemigo;"
                    HPOS="165"
                    VPOS="679"
                    WIDTH="453"
                    HEIGHT="52"></String>
          </TextLine>

          
          
          <TextLine ID="line_16"
                    TAGREFS="LT404"
                    BASELINE="168 759 694 746" 
                    HPOS="166"
                    VPOS="715"
                    WIDTH="528"
                    HEIGHT="63">
            <Shape><Polygon POINTS="168 759 168 770 186 778 187 778 188 778 227 770 228 770 230 770 254 778 256 778 257 778 322 770 341 767 358 770 395 775 396 775 449 768 475 766 494 768 511 771 512 771 514 771 520 768 533 763 693 767 694 746 690 715 166 726 168 759"/></Shape>
	    <String CONTENT="venga un escuadron conmigo"
                    HPOS="166"
                    VPOS="715"
                    WIDTH="528"
                    HEIGHT="63"></String>
          </TextLine>

          
          
          <TextLine ID="line_17"
                    TAGREFS="LT404"
                    BASELINE="175 799 643 788" 
                    HPOS="173"
                    VPOS="755"
                    WIDTH="470"
                    HEIGHT="63">
            <Shape><Polygon POINTS="175 799 175 811 221 818 223 818 224 818 239 811 242 810 261 811 343 815 344 815 409 808 436 806 441 808 450 812 452 812 453 812 454 812 456 812 463 807 468 806 642 806 643 788 640 760 525 755 523 755 522 755 520 755 508 761 376 759 374 759 289 767 232 761 231 761 173 770 175 799"/></Shape>
	    <String CONTENT="y el comandante tambien."
                    HPOS="173"
                    VPOS="755"
                    WIDTH="470"
                    HEIGHT="63"></String>
          </TextLine>

          
          
          <TextLine ID="line_18"
                    TAGREFS="LT404"
                    BASELINE="170 837 598 829" 
                    HPOS="169"
                    VPOS="793"
                    WIDTH="429"
                    HEIGHT="58">
            <Shape><Polygon POINTS="170 837 170 851 598 848 598 829 595 800 530 793 529 793 527 793 503 800 493 801 485 800 464 794 463 794 461 794 418 800 377 804 341 800 322 797 321 797 290 800 205 807 169 800 170 837"/></Shape>
	    <String CONTENT="Escuadrones, alto, alto,"
                    HPOS="169"
                    VPOS="793"
                    WIDTH="429"
                    HEIGHT="58"></String>
          </TextLine>

          
          
          <TextLine ID="line_19"
                    TAGREFS="LT404"
                    BASELINE="169 877 599 869" 
                    HPOS="168"
                    VPOS="839"
                    WIDTH="431"
                    HEIGHT="52">
            <Shape><Polygon POINTS="169 877 169 891 599 885 599 869 596 840 310 839 308 839 290 840 234 847 168 841 169 877"/></Shape>
	    <String CONTENT="el castillo es invencible"
                    HPOS="168"
                    VPOS="839"
                    WIDTH="431"
                    HEIGHT="52"></String>
          </TextLine>

          
          
          <TextLine ID="line_20"
                    TAGREFS="LT404"
                    BASELINE="175 918 588 910" 
                    HPOS="173"
                    VPOS="874"
                    WIDTH="415"
                    HEIGHT="64">
            <Shape><Polygon POINTS="175 918 175 938 588 925 588 910 585 881 518 874 516 874 515 874 514 874 501 881 316 879 315 879 314 879 312 879 301 885 261 880 260 880 173 888 175 918"/></Shape>
	    <String CONTENT="y tomarle es imposible"
                    HPOS="173"
                    VPOS="874"
                    WIDTH="415"
                    HEIGHT="64"></String>
          </TextLine>

          
          
          <TextLine ID="line_21"
                    TAGREFS="LT404"
                    BASELINE="175 958 576 950" 
                    HPOS="173"
                    VPOS="916"
                    WIDTH="403"
                    HEIGHT="60">
            <Shape><Polygon POINTS="175 958 175 974 366 976 367 976 432 967 442 965 449 965 501 972 503 972 576 961 576 950 573 924 507 916 505 916 465 923 387 918 385 918 384 918 383 918 370 927 339 920 337 920 238 928 205 923 203 923 202 923 173 931 175 958"/></Shape>
	    <String CONTENT="que no sea por asalto."
                    HPOS="173"
                    VPOS="916"
                    WIDTH="403"
                    HEIGHT="60"></String>
          </TextLine>

          
          
          <TextLine ID="line_22"
                    TAGREFS="LT404"
                    BASELINE="176 1003 660 987" 
                    HPOS="176"
                    VPOS="950"
                    WIDTH="484"
                    HEIGHT="72">
            <Shape><Polygon POINTS="554 952 552 952 551 952 540 954 511 963 493 956 491 956 490 956 489 956 487 956 486 956 486 957 485 957 479 964 445 957 435 956 434 956 432 956 431 956 428 957 414 967 352 968 270 963 246 961 245 961 243 961 242 961 242 963 241 963 231 971 205 965 203 965 202 965 201 965 192 972 176 965 176 1003 176 1022 441 1008 479 1009 565 1012 566 1012 567 1012 569 1012 578 1004 581 1004 611 1011 613 1011 660 1000 660 987 657 952 584 950 582 950 581 950 580 950 580 952 577 953 571 960 559 954 555 952 554 952"/></Shape>
	    <String CONTENT="¡A cargar, sí, luego, luego!"
                    HPOS="176"
                    VPOS="950"
                    WIDTH="484"
                    HEIGHT="72"></String>
          </TextLine>

          
          
          <TextLine ID="line_23"
                    TAGREFS="LT404"
                    BASELINE="279 1038 876 1022" 
                    HPOS="278"
                    VPOS="976"
                    WIDTH="598"
                    HEIGHT="82">
            <Shape><Polygon POINTS="279 1038 279 1058 425 1048 434 1055 435 1055 436 1055 438 1055 439 1055 441 1055 450 1048 497 1055 498 1055 500 1055 525 1047 593 1047 607 1055 611 1056 613 1056 614 1056 616 1056 621 1055 646 1045 669 1052 671 1052 672 1052 673 1052 675 1052 675 1051 679 1048 684 1054 687 1055 687 1056 689 1056 690 1056 691 1056 716 1054 775 1045 875 1051 876 1022 872 976 793 996 775 996 762 982 760 982 760 980 759 980 757 980 686 980 684 980 683 980 654 989 611 1000 580 993 578 993 577 993 576 993 574 993 563 1001 537 996 536 996 534 996 533 996 533 997 531 997 527 1004 480 1004 458 1000 438 996 436 996 278 1009 279 1038"/></Shape>
	    <String CONTENT="(Hace como que carga los cañones.)"
                    HPOS="278"
                    VPOS="976"
                    WIDTH="598"
                    HEIGHT="82"></String>
          </TextLine>

          
          
          <TextLine ID="line_24"
                    TAGREFS="LT404"
                    BASELINE="179 1080 654 1070" 
                    HPOS="177"
                    VPOS="1040"
                    WIDTH="477"
                    HEIGHT="56">
            <Shape><Polygon POINTS="179 1080 179 1091 312 1096 314 1096 401 1088 515 1092 516 1092 518 1092 519 1092 530 1085 584 1091 585 1091 587 1091 588 1091 596 1084 644 1089 646 1089 647 1089 649 1089 649 1088 654 1082 654 1070 650 1040 177 1041 179 1080"/></Shape>
	    <String CONTENT="Vengan pues las escaleras,"
                    HPOS="177"
                    VPOS="1040"
                    WIDTH="477"
                    HEIGHT="56"></String>
          </TextLine>

          
          
          <TextLine ID="line_25"
                    TAGREFS="LT404"
                    BASELINE="177 1118 705 1109" 
                    HPOS="176"
                    VPOS="1073"
                    WIDTH="529"
                    HEIGHT="65">
            <Shape><Polygon POINTS="177 1118 177 1138 325 1136 326 1136 336 1133 348 1128 378 1131 401 1133 402 1133 403 1133 405 1133 409 1131 414 1127 438 1129 464 1132 465 1132 467 1132 480 1128 490 1125 537 1125 679 1129 680 1129 682 1129 705 1120 705 1109 701 1073 176 1081 177 1118"/></Shape>
	    <String CONTENT="desplegar nuestras banderas;"
                    HPOS="176"
                    VPOS="1073"
                    WIDTH="529"
                    HEIGHT="65"></String>
          </TextLine>

          
          
          <TextLine ID="line_26"
                    TAGREFS="LT404"
                    BASELINE="177 1162 757 1147" 
                    HPOS="176"
                    VPOS="1110"
                    WIDTH="581"
                    HEIGHT="63">
            <Shape><Polygon POINTS="177 1162 177 1173 757 1166 757 1147 753 1110 176 1131 177 1162"/></Shape>
	    <String CONTENT="empezemos: ¡fuego!!! ¡fuego!!!!!"
                    HPOS="176"
                    VPOS="1110"
                    WIDTH="581"
                    HEIGHT="63"></String>
          </TextLine>

          
          
          <TextLine ID="line_27"
                    TAGREFS="LT404"
                    BASELINE="186 1202 733 1187" 
                    HPOS="184"
                    VPOS="1155"
                    WIDTH="549"
                    HEIGHT="68">
            <Shape><Polygon POINTS="186 1202 187 1223 210 1215 231 1222 232 1222 234 1222 235 1222 242 1222 290 1212 350 1216 369 1217 370 1217 372 1217 377 1215 392 1209 406 1213 413 1216 414 1216 416 1216 417 1216 424 1213 438 1208 483 1211 523 1213 525 1213 731 1200 733 1187 730 1160 593 1155 592 1155 591 1155 589 1155 580 1162 545 1157 544 1157 184 1172 186 1202"/></Shape>
	    <String CONTENT="y yo siempre al frente vuestro"
                    HPOS="184"
                    VPOS="1155"
                    WIDTH="549"
                    HEIGHT="68"></String>
          </TextLine>

          
          
          <TextLine ID="line_28"
                    TAGREFS="LT404"
                    BASELINE="180 1240 606 1231" 
                    HPOS="179"
                    VPOS="1200"
                    WIDTH="427"
                    HEIGHT="53">
            <Shape><Polygon POINTS="180 1240 180 1253 606 1251 606 1231 602 1200 179 1209 180 1240"/></Shape>
	    <String CONTENT="cual valiente campeon."
                    HPOS="179"
                    VPOS="1200"
                    WIDTH="427"
                    HEIGHT="53"></String>
          </TextLine>

          
          
          <TextLine ID="line_29"
                    TAGREFS="LT404"
                    BASELINE="183 1281 680 1268" 
                    HPOS="181"
                    VPOS="1237"
                    WIDTH="499"
                    HEIGHT="67">
            <Shape><Polygon POINTS="183 1281 183 1304 330 1304 330 1303 332 1303 350 1295 367 1288 388 1293 399 1296 401 1296 402 1296 403 1296 418 1292 438 1286 452 1290 471 1295 472 1295 474 1295 516 1286 526 1285 533 1286 558 1290 559 1290 560 1290 584 1284 589 1282 595 1282 651 1292 653 1292 654 1292 680 1278 680 1268 676 1237 181 1246 183 1281"/></Shape>
	    <String CONTENT="La música..... con este son"
                    HPOS="181"
                    VPOS="1237"
                    WIDTH="499"
                    HEIGHT="67"></String>
          </TextLine>

          
          
          <TextLine ID="line_30"
                    TAGREFS="LT404"
                    BASELINE="326 1317 884 1303" 
                    HPOS="325"
                    VPOS="1252"
                    WIDTH="559"
                    HEIGHT="92">
            <Shape><Polygon POINTS="326 1317 326 1335 350 1343 351 1343 352 1343 354 1343 376 1336 383 1332 545 1330 563 1336 587 1344 588 1344 589 1344 591 1344 611 1336 617 1335 620 1336 628 1343 629 1343 631 1343 632 1343 683 1337 718 1333 883 1337 884 1303 880 1252 773 1253 771 1253 770 1253 763 1259 752 1268 730 1262 729 1262 727 1262 726 1262 723 1262 657 1279 631 1273 629 1273 628 1273 627 1273 600 1281 591 1274 589 1274 588 1274 587 1274 548 1282 472 1279 446 1278 445 1278 443 1278 442 1278 442 1279 439 1281 435 1285 409 1284 347 1278 345 1278 344 1278 325 1286 326 1317"/></Shape>
	    <String CONTENT="(Remeda la música con la boca.)"
                    HPOS="325"
                    VPOS="1252"
                    WIDTH="559"
                    HEIGHT="92"></String>
          </TextLine>

          
          
          <TextLine ID="line_31"
                    TAGREFS="LT404"
                    BASELINE="184 1359 596 1352" 
                    HPOS="183"
                    VPOS="1317"
                    WIDTH="413"
                    HEIGHT="62">
            <Shape><Polygon POINTS="184 1359 184 1376 332 1379 333 1379 334 1379 359 1372 365 1370 370 1372 388 1377 390 1377 391 1377 392 1377 394 1377 403 1370 405 1370 406 1370 424 1377 425 1377 427 1377 531 1369 540 1375 541 1375 542 1375 544 1375 596 1365 596 1352 593 1326 511 1317 509 1317 508 1317 475 1326 410 1319 409 1319 407 1319 388 1328 374 1319 373 1319 372 1319 370 1319 369 1319 337 1329 325 1318 325 1317 323 1317 322 1317 270 1317 268 1317 205 1318 203 1318 202 1318 183 1328 184 1359"/></Shape>
	    <String CONTENT="el potaje será nuestro."
                    HPOS="183"
                    VPOS="1317"
                    WIDTH="413"
                    HEIGHT="62"></String>
          </TextLine>

          
          
          <TextLine ID="line_32"
                    TAGREFS="LT404"
                    BASELINE="187 1399 660 1391" 
                    HPOS="186"
                    VPOS="1357"
                    WIDTH="474"
                    HEIGHT="60">
            <Shape><Polygon POINTS="187 1399 187 1417 660 1403 660 1391 654 1357 624 1365 435 1362 343 1361 341 1361 340 1361 339 1361 334 1365 326 1370 186 1369 187 1399"/></Shape>
	    <String CONTENT="No mas fuego, ya no mas,"
                    HPOS="186"
                    VPOS="1357"
                    WIDTH="474"
                    HEIGHT="60"></String>
          </TextLine>

          
          
          <TextLine ID="line_33"
                    TAGREFS="LT404"
                    BASELINE="188 1442 686 1432" 
                    HPOS="187"
                    VPOS="1398"
                    WIDTH="499"
                    HEIGHT="62">
            <Shape><Polygon POINTS="188 1442 188 1450 254 1460 256 1460 370 1450 402 1449 424 1450 469 1456 471 1456 472 1456 474 1456 474 1454 475 1454 478 1450 482 1446 684 1450 686 1432 683 1403 549 1398 548 1398 547 1398 519 1405 518 1405 501 1399 500 1399 498 1399 497 1399 474 1406 469 1406 461 1406 413 1401 412 1401 410 1401 391 1406 387 1408 380 1408 348 1402 347 1402 345 1402 332 1408 327 1410 187 1410 188 1442"/></Shape>
	    <String CONTENT="arma en mano y asaltemos,"
                    HPOS="187"
                    VPOS="1398"
                    WIDTH="499"
                    HEIGHT="62"></String>
          </TextLine>

          
          
          <TextLine ID="line_34"
                    TAGREFS="LT404"
                    BASELINE="190 1481 658 1471" 
                    HPOS="188"
                    VPOS="1442"
                    WIDTH="470"
                    HEIGHT="57">
            <Shape><Polygon POINTS="190 1481 190 1499 457 1488 503 1488 639 1490 640 1490 642 1490 658 1482 658 1471 654 1442 188 1450 190 1481"/></Shape>
	    <String CONTENT="solo así vencer podremos;"
                    HPOS="188"
                    VPOS="1442"
                    WIDTH="470"
                    HEIGHT="57"></String>
          </TextLine>

          
          
          <TextLine ID="line_35"
                    TAGREFS="LT404"
                    BASELINE="187 1519 607 1509" 
                    HPOS="183"
                    VPOS="1479"
                    WIDTH="422"
                    HEIGHT="60">
            <Shape><Polygon POINTS="186 1519 186 1539 605 1527 605 1508 599 1479 183 1488 186 1519"/></Shape>
	    <String CONTENT="no se dé cuartel jamás."
                    HPOS="183"
                    VPOS="1479"
                    WIDTH="422"
                    HEIGHT="60"></String>
          </TextLine>

          
          
          <TextLine ID="eSc_line_90baabee"
                    TAGREFS="LT404"
                    BASELINE="630 1509 884 1503" 
                    HPOS="626"
                    VPOS="1432"
                    WIDTH="256"
                    HEIGHT="103">
            <Shape><Polygon POINTS="647 1471 626 1471 628 1508 628 1535 880 1521 882 1502 876 1432 721 1438 719 1438 717 1438 717 1440 704 1452 696 1461 651 1461 647 1471"/></Shape>
	    <String CONTENT="(Queda pegan-"
                    HPOS="626"
                    VPOS="1432"
                    WIDTH="256"
                    HEIGHT="103"></String>
          </TextLine>

          
          
          <TextLine ID="line_36"
                    TAGREFS="LT404"
                    BASELINE="150 1559 895 1543" 
                    HPOS="148"
                    VPOS="1507"
                    WIDTH="747"
                    HEIGHT="71">
            <Shape><Polygon POINTS="150 1559 150 1574 372 1578 373 1578 425 1570 458 1577 460 1577 520 1576 522 1576 523 1576 523 1574 525 1574 530 1567 531 1567 582 1574 584 1574 642 1565 646 1565 650 1565 686 1572 687 1572 689 1572 708 1563 709 1563 711 1563 727 1570 729 1570 730 1570 895 1559 895 1543 891 1507 821 1516 771 1510 762 1510 760 1510 759 1510 757 1510 756 1511 742 1518 603 1516 520 1515 519 1515 483 1521 450 1525 428 1522 407 1519 406 1519 332 1525 300 1527 297 1526 290 1521 289 1521 288 1521 286 1521 213 1529 201 1530 195 1530 163 1523 162 1523 161 1523 148 1529 150 1559"/></Shape>
	    <String CONTENT="do sablazos y tirando bolitas de papel que fi-"
                    HPOS="148"
                    VPOS="1507"
                    WIDTH="747"
                    HEIGHT="71"></String>
          </TextLine>

          
          
          <TextLine ID="line_37"
                    TAGREFS="LT404"
                    BASELINE="151 1603 890 1584" 
                    HPOS="150"
                    VPOS="1552"
                    WIDTH="740"
                    HEIGHT="75">
            <Shape><Polygon POINTS="151 1603 151 1625 202 1627 203 1627 205 1627 206 1627 209 1625 221 1617 239 1624 241 1624 242 1624 243 1624 245 1624 256 1616 294 1624 300 1624 301 1624 303 1624 304 1624 304 1623 305 1623 311 1614 348 1620 350 1620 413 1612 453 1620 465 1623 467 1623 496 1621 497 1621 498 1621 498 1620 500 1620 505 1613 523 1618 531 1621 533 1621 534 1621 536 1621 537 1621 540 1618 555 1609 588 1609 605 1617 607 1618 609 1618 610 1618 620 1617 672 1607 730 1616 738 1616 740 1616 888 1612 890 1584 887 1559 855 1552 854 1552 726 1561 698 1554 697 1554 695 1554 694 1554 658 1563 628 1555 627 1555 625 1555 624 1555 622 1555 622 1556 621 1556 614 1565 526 1558 525 1558 523 1558 522 1558 522 1559 520 1559 515 1567 442 1569 416 1561 414 1561 413 1561 412 1561 394 1570 318 1563 316 1563 245 1566 243 1566 242 1566 234 1574 203 1566 202 1566 201 1566 150 1577 151 1603"/></Shape>
	    <String CONTENT="guren balas. Luego asoma D. Tortuga por"
                    HPOS="150"
                    VPOS="1552"
                    WIDTH="740"
                    HEIGHT="75"></String>
          </TextLine>

          
          
          <TextLine ID="line_38"
                    TAGREFS="LT404"
                    BASELINE="152 1642 468 1634" 
                    HPOS="151"
                    VPOS="1605"
                    WIDTH="317"
                    HEIGHT="52">
            <Shape><Polygon POINTS="152 1642 152 1657 468 1646 468 1634 465 1607 256 1605 254 1605 253 1605 252 1605 243 1612 223 1606 221 1606 220 1606 151 1614 152 1642"/></Shape>
	    <String CONTENT="la ventana y dice:"
                    HPOS="151"
                    VPOS="1605"
                    WIDTH="317"
                    HEIGHT="52"></String>
          </TextLine>

          
          
          <TextLine ID="line_39"
                    TAGREFS="LT404"
                    BASELINE="152 1682 803 1668" 
                    HPOS="151"
                    VPOS="1627"
                    WIDTH="652"
                    HEIGHT="77">
            <Shape><Polygon POINTS="464 1634 458 1639 447 1646 435 1640 429 1638 428 1638 427 1638 425 1638 417 1640 396 1647 330 1645 285 1642 283 1642 282 1642 267 1646 253 1651 151 1651 152 1682 152 1696 234 1696 242 1698 254 1702 256 1702 257 1702 259 1702 260 1702 265 1698 271 1694 275 1698 277 1700 278 1700 279 1700 281 1700 311 1698 439 1690 469 1698 472 1700 474 1700 475 1700 476 1700 480 1700 525 1687 554 1700 565 1704 566 1704 567 1704 657 1702 658 1702 660 1702 660 1701 662 1700 678 1683 708 1700 711 1701 712 1701 713 1701 734 1700 749 1698 751 1698 752 1698 752 1697 760 1689 775 1700 777 1700 778 1700 780 1701 803 1701 803 1668 799 1627 694 1629 693 1629 691 1629 691 1631 678 1638 605 1634 554 1631 552 1631 551 1631 549 1631 542 1636 536 1640 505 1638 469 1634 468 1634 464 1634"/></Shape>
	    <String CONTENT="D. TORTUCA. Ya por fin aqui llegué"
                    HPOS="151"
                    VPOS="1627"
                    WIDTH="652"
                    HEIGHT="77"></String>
          </TextLine>

          
          
          <TextLine ID="line_40"
                    TAGREFS="LT404"
                    BASELINE="194 1723 560 1713" 
                    HPOS="192"
                    VPOS="1676"
                    WIDTH="368"
                    HEIGHT="64">
            <Shape><Polygon POINTS="194 1723 194 1740 560 1726 560 1713 559 1686 527 1676 526 1676 525 1676 523 1676 497 1686 494 1686 483 1686 412 1679 410 1679 409 1679 407 1679 398 1686 392 1689 363 1686 332 1682 330 1682 299 1686 248 1691 192 1686 194 1723"/></Shape>
	    <String CONTENT="aburrido y fatigado."
                    HPOS="192"
                    VPOS="1676"
                    WIDTH="368"
                    HEIGHT="64"></String>
          </TextLine>

          
          
          <TextLine ID="line_41"
                    TAGREFS="LT404"
                    BASELINE="194 1763 814 1748" 
                    HPOS="192"
                    VPOS="1708"
                    WIDTH="622"
                    HEIGHT="74">
            <Shape><Polygon POINTS="551 1715 545 1715 523 1719 474 1729 369 1724 367 1724 366 1724 341 1731 326 1724 314 1720 312 1720 311 1720 310 1720 297 1726 282 1733 192 1730 194 1763 194 1780 288 1775 292 1780 294 1781 294 1782 296 1782 297 1782 299 1782 300 1782 307 1780 316 1774 347 1778 358 1780 359 1780 373 1778 427 1771 483 1777 511 1780 512 1780 514 1780 515 1780 515 1778 518 1777 526 1769 587 1767 602 1775 603 1777 605 1777 606 1777 607 1777 701 1775 702 1775 704 1775 704 1774 718 1766 813 1773 814 1748 811 1711 762 1708 760 1708 759 1708 757 1708 753 1712 748 1716 730 1712 712 1709 711 1709 709 1709 697 1713 683 1718 625 1716 555 1713 554 1713 551 1713 551 1715"/></Shape>
	    <String CONTENT="Mas, ¡Jesús!.... ¿qué endemoniado"
                    HPOS="192"
                    VPOS="1708"
                    WIDTH="622"
                    HEIGHT="74"></String>
          </TextLine>

          
          
          <TextLine ID="line_42"
                    TAGREFS="LT404"
                    BASELINE="195 1802 620 1795" 
                    HPOS="194"
                    VPOS="1759"
                    WIDTH="426"
                    HEIGHT="67">
            <Shape><Polygon POINTS="195 1802 195 1814 238 1821 239 1821 294 1814 301 1813 304 1813 319 1825 321 1825 322 1825 323 1825 325 1825 363 1813 369 1811 468 1811 469 1811 491 1825 493 1825 494 1825 496 1826 534 1826 534 1825 602 1824 603 1824 605 1824 620 1811 620 1795 617 1767 533 1759 531 1759 530 1759 511 1767 509 1767 453 1760 452 1760 194 1770 195 1802"/></Shape>
	    <String CONTENT="será aquel? Escucharé."
                    HPOS="194"
                    VPOS="1759"
                    WIDTH="426"
                    HEIGHT="67"></String>
          </TextLine>

          
          
          <TextLine ID="line_43"
                    TAGREFS="LT404"
                    BASELINE="158 1843 476 1836" 
                    HPOS="157"
                    VPOS="1799"
                    WIDTH="319"
                    HEIGHT="69">
            <Shape><Polygon POINTS="418 1799 405 1799 402 1799 398 1802 388 1806 373 1802 369 1800 367 1800 366 1800 365 1800 361 1802 326 1810 282 1803 281 1803 279 1803 278 1803 278 1804 277 1804 271 1813 208 1813 197 1803 197 1802 195 1802 194 1802 157 1802 158 1843 158 1868 192 1868 192 1866 194 1866 197 1866 223 1854 237 1861 238 1861 239 1861 241 1861 264 1854 272 1861 272 1862 274 1862 275 1862 277 1862 278 1862 308 1853 336 1860 337 1860 339 1860 377 1854 383 1860 385 1861 385 1862 387 1862 388 1862 390 1862 391 1862 399 1858 413 1853 475 1855 476 1836 471 1802 447 1807 427 1802 418 1799 418 1799"/></Shape>
	    <String CONTENT="(Ve á D. Pánfilo.)"
                    HPOS="157"
                    VPOS="1799"
                    WIDTH="319"
                    HEIGHT="69"></String>
          </TextLine>

          
          
          <TextLine ID="line_44"
                    TAGREFS="LT404"
                    BASELINE="199 1883 627 1873" 
                    HPOS="198"
                    VPOS="1833"
                    WIDTH="429"
                    HEIGHT="68">
            <Shape><Polygon POINTS="199 1883 199 1901 383 1890 406 1893 441 1897 442 1897 496 1888 509 1887 523 1887 609 1893 610 1893 611 1893 613 1893 627 1884 627 1873 624 1846 589 1846 566 1833 565 1833 563 1833 485 1847 316 1842 315 1842 314 1842 312 1842 312 1843 301 1851 268 1843 267 1843 265 1843 264 1843 238 1853 226 1843 224 1843 223 1843 221 1843 220 1843 198 1853 199 1883"/></Shape>
	    <String CONTENT="Porque no haga ruido,"
                    HPOS="198"
                    VPOS="1833"
                    WIDTH="429"
                    HEIGHT="68"></String>
          </TextLine>

          
          
          <TextLine ID="line_45"
                    TAGREFS="LT404"
                    BASELINE="199 1922 676 1912" 
                    HPOS="198"
                    VPOS="1877"
                    WIDTH="478"
                    HEIGHT="64">
            <Shape><Polygon POINTS="199 1922 201 1941 226 1934 241 1941 242 1941 243 1941 245 1941 246 1941 250 1939 274 1934 316 1938 333 1939 334 1939 336 1939 337 1939 339 1938 347 1931 421 1935 447 1937 449 1937 450 1937 457 1935 478 1928 501 1934 511 1935 512 1935 514 1935 523 1933 541 1928 675 1928 676 1912 673 1887 582 1887 558 1877 556 1877 555 1877 554 1877 529 1887 486 1880 485 1880 483 1880 482 1880 471 1888 468 1890 458 1888 418 1880 417 1880 198 1890 199 1922"/></Shape>
	    <String CONTENT="me quitaré los zapatos....."
                    HPOS="198"
                    VPOS="1877"
                    WIDTH="478"
                    HEIGHT="64"></String>
          </TextLine>

          
          
          <TextLine ID="line_79"
                    TAGREFS="LT404"
                    BASELINE="161 1966 808 1949" 
                    HPOS="158"
                    VPOS="1908"
                    WIDTH="650"
                    HEIGHT="74">
            <Shape><Polygon POINTS="431 1917 429 1917 343 1922 341 1922 337 1923 318 1934 232 1926 231 1926 230 1926 190 1937 176 1924 176 1923 175 1923 173 1923 172 1923 158 1923 161 1966 161 1975 252 1982 253 1982 311 1974 322 1972 329 1974 361 1979 362 1979 429 1978 431 1978 443 1971 447 1970 454 1971 474 1977 475 1977 476 1977 478 1977 490 1971 496 1968 509 1971 534 1975 536 1975 588 1970 614 1967 621 1970 632 1972 633 1972 635 1972 636 1972 638 1972 642 1968 646 1966 650 1968 651 1970 651 1971 653 1971 654 1971 655 1971 808 1966 808 1949 807 1923 755 1908 753 1908 752 1908 622 1922 595 1916 593 1916 592 1916 591 1916 580 1923 573 1927 560 1923 538 1916 537 1916 536 1916 534 1916 533 1916 533 1917 526 1923 520 1928 482 1930 454 1923 432 1917 431 1917"/></Shape>
	    <String CONTENT="D. PÁN. Rindete, vil, ó te mato....."
                    HPOS="158"
                    VPOS="1908"
                    WIDTH="650"
                    HEIGHT="74"></String>
          </TextLine>

          
          
          <TextLine ID="line_80"
                    TAGREFS="LT404"
                    BASELINE="162 2007 906 1986" 
                    HPOS="161"
                    VPOS="1953"
                    WIDTH="745"
                    HEIGHT="81">
            <Shape><Polygon POINTS="162 2007 163 2034 230 2017 282 2022 283 2022 350 2014 369 2021 370 2021 372 2021 436 2011 450 2019 452 2019 453 2019 454 2019 456 2019 457 2019 471 2010 490 2017 491 2017 493 2017 545 2010 555 2017 556 2017 558 2017 559 2017 560 2017 592 2008 613 2017 620 2019 621 2019 622 2019 624 2019 633 2015 653 2007 664 2014 665 2014 667 2014 668 2014 669 2014 709 2003 741 2011 763 2017 764 2017 766 2017 899 2014 901 2014 902 2014 902 2012 904 2012 906 2008 906 1986 902 1953 413 1968 409 1968 369 1963 367 1963 297 1971 275 1966 274 1966 272 1966 271 1966 270 1966 259 1972 175 1968 173 1968 172 1968 170 1968 161 1974 162 2007"/></Shape>
	    <String CONTENT="(Amenazando con la navaja á la cazuela.)"
                    HPOS="161"
                    VPOS="1953"
                    WIDTH="745"
                    HEIGHT="81"></String>
          </TextLine>

          
          
          <TextLine ID="line_81"
                    TAGREFS="LT404"
                    BASELINE="206 2043 781 2029" 
                    HPOS="205"
                    VPOS="2001"
                    WIDTH="576"
                    HEIGHT="62">
            <Shape><Polygon POINTS="206 2043 206 2063 439 2051 482 2054 531 2057 533 2057 534 2057 551 2051 559 2048 571 2050 605 2055 606 2055 607 2055 609 2055 609 2054 610 2054 614 2048 616 2047 640 2047 748 2051 749 2051 751 2051 781 2041 781 2029 778 2001 435 2001 434 2001 205 2014 206 2043"/></Shape>
	    <String CONTENT="¿Te rindes? Pues ya he vencido."
                    HPOS="205"
                    VPOS="2001"
                    WIDTH="576"
                    HEIGHT="62"></String>
          </TextLine>

          
          
          <TextLine ID="line_82"
                    TAGREFS="LT404"
                    BASELINE="165 2083 813 2069" 
                    HPOS="163"
                    VPOS="2032"
                    WIDTH="650"
                    HEIGHT="78">
            <Shape><Polygon POINTS="165 2083 165 2105 195 2110 197 2110 198 2110 199 2110 199 2109 205 2105 213 2095 259 2095 285 2105 292 2106 293 2106 294 2106 296 2106 297 2106 297 2105 299 2103 308 2094 341 2103 343 2103 344 2103 345 2103 347 2103 348 2103 363 2092 442 2092 463 2102 468 2105 469 2105 471 2105 472 2105 474 2105 474 2103 476 2102 490 2090 536 2096 537 2096 538 2096 540 2096 555 2087 617 2087 646 2101 647 2101 649 2101 650 2101 813 2098 813 2069 808 2032 740 2044 698 2034 695 2034 694 2034 693 2034 691 2034 667 2046 621 2039 620 2039 618 2039 599 2047 566 2039 558 2037 556 2037 555 2037 549 2040 530 2048 467 2041 442 2040 441 2040 439 2040 431 2043 413 2051 392 2044 383 2041 381 2041 380 2041 361 2046 330 2054 285 2054 277 2048 272 2044 271 2044 270 2044 268 2044 245 2050 217 2055 163 2052 165 2083"/></Shape>
	    <String CONTENT="D. TOR. ¿Conque todo este afan era"
                    HPOS="163"
                    VPOS="2032"
                    WIDTH="650"
                    HEIGHT="78"></String>
          </TextLine>

          
          
          <TextLine ID="line_83"
                    TAGREFS="LT404"
                    BASELINE="208 2121 640 2112" 
                    HPOS="206"
                    VPOS="2080"
                    WIDTH="434"
                    HEIGHT="58">
            <Shape><Polygon POINTS="208 2121 208 2138 512 2136 640 2125 640 2112 636 2080 348 2090 314 2084 307 2083 305 2083 304 2083 303 2083 303 2084 294 2091 206 2085 208 2121"/></Shape>
	    <String CONTENT="para asaltar la comida?"
                    HPOS="206"
                    VPOS="2080"
                    WIDTH="434"
                    HEIGHT="58"></String>
          </TextLine>

          
          
          <TextLine ID="line_84"
                    TAGREFS="LT404"
                    BASELINE="209 2164 682 2154" 
                    HPOS="208"
                    VPOS="2117"
                    WIDTH="474"
                    HEIGHT="66">
            <Shape><Polygon POINTS="209 2164 209 2183 682 2172 682 2154 679 2127 617 2117 616 2117 614 2117 578 2127 551 2121 549 2121 410 2130 409 2130 407 2130 352 2123 351 2123 350 2123 322 2131 321 2131 286 2124 285 2124 283 2124 265 2132 261 2134 208 2134 209 2164"/></Shape>
	    <String CONTENT="no en balde, por mi vida,"
                    HPOS="208"
                    VPOS="2117"
                    WIDTH="474"
                    HEIGHT="66"></String>
          </TextLine>

          
          
          <TextLine ID="line_85"
                    TAGREFS="LT404"
                    BASELINE="210 2204 693 2194" 
                    HPOS="209"
                    VPOS="2161"
                    WIDTH="484"
                    HEIGHT="64">
            <Shape><Polygon POINTS="210 2204 210 2215 339 2225 340 2225 341 2225 362 2215 414 2222 416 2222 417 2222 418 2222 418 2220 420 2220 424 2214 519 2211 548 2220 549 2220 551 2220 632 2208 667 2216 668 2216 669 2216 671 2216 693 2205 693 2194 690 2167 555 2161 554 2161 552 2161 526 2168 434 2164 432 2164 431 2164 414 2171 413 2171 403 2171 308 2167 307 2167 209 2174 210 2204"/></Shape>
	    <String CONTENT="mis garras echar quisiera;"
                    HPOS="209"
                    VPOS="2161"
                    WIDTH="484"
                    HEIGHT="64"></String>
          </TextLine>

          
          
          <TextLine ID="line_86"
                    TAGREFS="LT404"
                    BASELINE="210 2243 726 2234" 
                    HPOS="209"
                    VPOS="2197"
                    WIDTH="517"
                    HEIGHT="66">
            <Shape><Polygon POINTS="394 2201 392 2201 391 2201 390 2201 388 2201 365 2216 294 2216 209 2205 210 2243 210 2263 304 2255 483 2255 708 2255 709 2255 711 2255 726 2247 726 2234 722 2197 507 2212 483 2204 482 2204 480 2204 432 2212 396 2201 394 2201"/></Shape>
	    <String CONTENT="mas..... esperemos, pardiez,"
                    HPOS="209"
                    VPOS="2197"
                    WIDTH="517"
                    HEIGHT="66"></String>
          </TextLine>

          
          
          <TextLine ID="line_87"
                    TAGREFS="LT404"
                    BASELINE="212 2284 806 2271" 
                    HPOS="210"
                    VPOS="2238"
                    WIDTH="596"
                    HEIGHT="65">
            <Shape><Polygon POINTS="212 2284 212 2303 343 2294 376 2298 395 2300 396 2300 398 2300 406 2298 418 2292 425 2296 429 2299 431 2299 432 2299 434 2299 435 2299 446 2296 458 2292 525 2294 644 2295 646 2295 682 2288 687 2287 693 2287 722 2294 723 2294 806 2282 806 2271 803 2245 680 2238 679 2238 606 2248 489 2243 487 2243 486 2243 485 2243 471 2251 461 2245 460 2245 458 2245 407 2252 279 2247 278 2247 210 2256 212 2284"/></Shape>
	    <String CONTENT="porque voy perdiendo el tino....."
                    HPOS="210"
                    VPOS="2238"
                    WIDTH="596"
                    HEIGHT="65"></String>
          </TextLine>

          
          
          <TextLine ID="line_88"
                    TAGREFS="LT404"
                    BASELINE="172 2325 912 2309" 
                    HPOS="170"
                    VPOS="2270"
                    WIDTH="742"
                    HEIGHT="80">
            <Shape><Polygon POINTS="172 2325 172 2349 224 2347 226 2347 227 2347 227 2346 235 2339 275 2347 277 2347 326 2340 336 2347 339 2350 340 2350 341 2350 343 2350 344 2350 345 2350 350 2347 367 2336 452 2342 453 2342 454 2342 485 2333 522 2342 523 2342 562 2333 580 2342 582 2343 584 2343 585 2343 587 2343 588 2343 589 2342 603 2333 625 2339 627 2339 628 2339 629 2339 665 2329 727 2329 737 2339 738 2339 738 2340 740 2340 741 2340 742 2340 848 2339 850 2339 855 2336 866 2331 872 2336 873 2338 875 2338 876 2338 877 2338 912 2335 912 2309 908 2270 753 2274 752 2274 751 2274 751 2276 742 2282 687 2276 686 2276 684 2276 658 2285 458 2282 457 2282 456 2282 435 2289 423 2281 421 2281 420 2281 418 2281 366 2291 322 2284 321 2284 319 2284 290 2294 253 2285 252 2285 199 2295 170 2287 172 2325"/></Shape>
	    <String CONTENT="D. PÁN. ¡Por vida!... no tengo vino, (Riendo.)"
                    HPOS="170"
                    VPOS="2270"
                    WIDTH="742"
                    HEIGHT="80"></String>
          </TextLine>

          
          
          <TextLine ID="line_89"
                    TAGREFS="LT404"
                    BASELINE="213 2367 759 2354" 
                    HPOS="212"
                    VPOS="2320"
                    WIDTH="547"
                    HEIGHT="73">
            <Shape><Polygon POINTS="213 2367 213 2383 275 2380 290 2383 325 2393 326 2393 327 2393 329 2393 330 2393 341 2383 351 2376 363 2382 365 2382 366 2382 436 2375 463 2383 464 2383 465 2383 467 2383 471 2383 540 2372 555 2383 556 2383 558 2383 559 2383 560 2383 562 2383 580 2371 614 2379 616 2379 617 2379 618 2379 643 2369 664 2383 665 2384 667 2384 668 2384 669 2384 759 2382 759 2354 756 2327 702 2320 701 2320 700 2320 698 2320 690 2327 653 2321 651 2321 650 2321 628 2328 602 2322 600 2322 212 2336 213 2367"/></Shape>
	    <String CONTENT="porque este es el del marqués."
                    HPOS="212"
                    VPOS="2320"
                    WIDTH="547"
                    HEIGHT="73"></String>
          </TextLine>

          
          
          <TextLine ID="line_90"
                    TAGREFS="LT404"
                    BASELINE="214 2405 664 2397" 
                    HPOS="213"
                    VPOS="2361"
                    WIDTH="451"
                    HEIGHT="80">
            <Shape><Polygon POINTS="214 2405 214 2426 307 2434 308 2434 344 2430 378 2424 387 2430 399 2440 401 2440 402 2440 434 2441 435 2441 436 2441 438 2441 452 2431 460 2426 468 2431 476 2438 478 2438 479 2438 512 2440 514 2440 515 2440 527 2433 545 2423 555 2434 559 2437 559 2438 560 2438 562 2438 563 2438 664 2435 664 2397 662 2368 643 2361 642 2361 640 2361 639 2361 620 2368 613 2371 607 2368 589 2361 588 2361 587 2361 585 2361 569 2369 563 2372 556 2369 537 2362 536 2362 534 2362 533 2362 531 2362 531 2364 525 2371 436 2375 416 2372 372 2365 370 2365 369 2365 344 2373 333 2376 307 2373 245 2368 243 2368 242 2368 213 2375 214 2405"/></Shape>
	    <String CONTENT="Pues, señor, cenar sin él"
                    HPOS="213"
                    VPOS="2361"
                    WIDTH="451"
                    HEIGHT="80"></String>
          </TextLine>

          
        </TextBlock>
        
        <TextBlock HPOS="884"
                   VPOS="65"
                   WIDTH="799"
                   HEIGHT="2340"
                   ID="block_0"
                   TAGREFS="BT1088">
          <Shape><Polygon POINTS="1672 65 1683 2405 937 2405 884 322 917 93"/></Shape>
          
          
          <TextLine ID="line_46"
                    TAGREFS="LT404"
                    BASELINE="923 137 1357 128" 
                    HPOS="921"
                    VPOS="70"
                    WIDTH="436"
                    HEIGHT="85">
            <Shape><Polygon POINTS="923 155 1051 147 1354 147 1357 128 1354 78 1332 70 1331 70 1329 70 1328 70 1309 79 1306 81 1119 84 1112 78 1109 75 1109 74 1108 74 1106 74 1105 74 1084 78 1063 81 1054 77 1046 74 1044 74 1043 74 1018 77 950 86 921 77 923 137 923 155"/></Shape>
	    <String CONTENT="fuera deshonrar la cena,"
                    HPOS="921"
                    VPOS="70"
                    WIDTH="436"
                    HEIGHT="85"></String>
          </TextLine>

          
          
          <TextLine ID="line_47"
                    TAGREFS="LT404"
                    BASELINE="930 176 1345 169" 
                    HPOS="928"
                    VPOS="141"
                    WIDTH="417"
                    HEIGHT="56">
            <Shape><Polygon POINTS="1342 141 1328 141 1314 141 1300 141 1287 141 1273 141 1259 141 1245 141 1232 141 1218 141 1204 141 1190 141 1176 141 1163 141 1149 141 1135 141 1121 141 1108 141 1094 141 1080 141 1066 141 1052 141 1039 141 1025 141 928 146 930 176 930 197 1017 188 1063 194 1074 194 1076 194 1077 194 1081 192 1102 187 1143 191 1164 192 1165 192 1343 184 1345 169 1342 141 1342 141"/></Shape>
	    <String CONTENT="voy á casa Cachumena,"
                    HPOS="928"
                    VPOS="141"
                    WIDTH="417"
                    HEIGHT="56"></String>
          </TextLine>

          
          
          <TextLine ID="line_48"
                    TAGREFS="LT404"
                    BASELINE="930 214 1350 208" 
                    HPOS="928"
                    VPOS="179"
                    WIDTH="422"
                    HEIGHT="53">
            <Shape><Polygon POINTS="930 214 930 232 1164 232 1164 231 1165 231 1186 224 1189 224 1193 224 1240 230 1241 230 1243 230 1273 223 1339 228 1340 228 1342 228 1343 228 1350 221 1350 208 1347 181 1012 179 1011 179 928 187 930 214"/></Shape>
	    <String CONTENT="que me dá de moscatel."
                    HPOS="928"
                    VPOS="179"
                    WIDTH="422"
                    HEIGHT="53"></String>
          </TextLine>

          
          
          <TextLine ID="line_49"
                    TAGREFS="LT404"
                    BASELINE="931 256 1459 243" 
                    HPOS="930"
                    VPOS="201"
                    WIDTH="529"
                    HEIGHT="82">
            <Shape><Polygon POINTS="1006 214 1004 214 1003 214 1001 214 997 219 988 225 930 221 931 256 933 283 961 268 1019 268 1033 276 1034 276 1036 276 1037 276 1039 276 1040 276 1040 275 1048 267 1073 279 1074 279 1076 279 1077 279 1095 271 1116 275 1117 275 1223 263 1263 272 1265 272 1266 272 1267 272 1269 272 1269 271 1276 265 1375 272 1376 272 1378 272 1379 272 1393 261 1458 271 1459 243 1455 201 1357 202 1356 202 1354 202 1354 203 1353 203 1336 219 1172 213 1171 213 1170 213 1168 213 1154 223 1130 213 1128 213 1127 213 1124 213 1069 224 1043 216 1041 216 1040 216 1039 216 1037 216 1036 216 1026 224 1014 217 1007 214 1006 214"/></Shape>
	    <String CONTENT="Te dejo aquí sitiada; (Vase.)"
                    HPOS="930"
                    VPOS="201"
                    WIDTH="529"
                    HEIGHT="82"></String>
          </TextLine>

          
          
          <TextLine ID="line_50"
                    TAGREFS="LT404"
                    BASELINE="930 294 1357 287" 
                    HPOS="928"
                    VPOS="256"
                    WIDTH="429"
                    HEIGHT="59">
            <Shape><Polygon POINTS="930 294 930 315 1357 301 1357 287 1354 261 1214 256 1212 256 1084 265 1070 265 1065 265 1018 259 1017 259 928 267 930 294"/></Shape>
	    <String CONTENT="cuidado con escapar....."
                    HPOS="928"
                    VPOS="256"
                    WIDTH="429"
                    HEIGHT="59"></String>
          </TextLine>

          
          
          <TextLine ID="line_51"
                    TAGREFS="LT404"
                    BASELINE="893 338 1538 321" 
                    HPOS="891"
                    VPOS="278"
                    WIDTH="647"
                    HEIGHT="92">
            <Shape><Polygon POINTS="1196 290 1194 290 1190 290 1189 292 1170 300 1135 294 1134 294 1132 294 1116 301 1095 294 1090 293 1084 293 1076 293 1070 296 1055 304 891 304 893 338 893 370 971 369 972 369 974 369 975 367 993 356 1021 363 1022 363 1023 363 1025 363 1026 363 1044 351 1061 363 1065 366 1066 366 1068 366 1069 366 1070 366 1081 362 1090 359 1105 360 1134 365 1135 365 1175 363 1176 363 1178 363 1189 356 1205 347 1222 355 1237 362 1238 362 1240 362 1241 362 1243 362 1255 352 1261 349 1269 352 1287 358 1288 358 1289 358 1291 358 1317 349 1340 343 1360 347 1369 349 1371 349 1372 349 1374 349 1380 347 1390 341 1407 345 1418 347 1419 347 1451 343 1467 340 1470 341 1481 351 1482 351 1484 351 1485 351 1487 351 1488 351 1506 340 1509 338 1536 338 1538 321 1533 278 1398 281 1397 281 1393 283 1369 296 1219 298 1198 290 1196 290"/></Shape>
	    <String CONTENT="D. TOR. Por tonto, me han de pelar"
                    HPOS="891"
                    VPOS="278"
                    WIDTH="647"
                    HEIGHT="92"></String>
          </TextLine>

          
          
          <TextLine ID="line_91"
                    TAGREFS="LT404"
                    BASELINE="1321 366 1628 358" 
                    HPOS="1320"
                    VPOS="318"
                    WIDTH="308"
                    HEIGHT="88">
            <Shape><Polygon POINTS="1332 327 1331 327 1329 327 1320 334 1321 366 1321 389 1405 384 1422 394 1441 406 1442 406 1444 406 1445 406 1525 405 1526 405 1540 398 1576 380 1606 400 1608 402 1609 402 1611 402 1612 402 1628 400 1628 358 1624 318 1495 332 1462 329 1430 326 1429 326 1427 326 1426 326 1426 327 1420 332 1418 334 1400 333 1334 327 1332 327"/></Shape>
	    <String CONTENT="(Sale á la escena.)"
                    HPOS="1320"
                    VPOS="318"
                    WIDTH="308"
                    HEIGHT="88"></String>
          </TextLine>

          
          
          <TextLine ID="line_52"
                    TAGREFS="LT404"
                    BASELINE="935 418 1440 406" 
                    HPOS="934"
                    VPOS="359"
                    WIDTH="506"
                    HEIGHT="77">
            <Shape><Polygon POINTS="935 418 935 436 1440 424 1440 406 1437 373 1389 366 1387 366 1386 366 1385 366 1376 373 1346 367 1345 367 1343 367 1317 374 1265 359 1263 359 1215 359 1214 359 1145 374 1055 365 1054 365 983 380 963 373 961 373 960 373 959 373 934 383 935 418"/></Shape>
	    <String CONTENT="si al venir encuentras nada,"
                    HPOS="934"
                    VPOS="359"
                    WIDTH="506"
                    HEIGHT="77"></String>
          </TextLine>

          
          
          <TextLine ID="line_53"
                    TAGREFS="LT404"
                    BASELINE="937 457 1447 445" 
                    HPOS="937"
                    VPOS="411"
                    WIDTH="510"
                    HEIGHT="61">
            <Shape><Polygon POINTS="937 457 937 472 1447 457 1447 445 1444 417 1332 411 1331 411 1329 411 1328 411 1317 418 1226 414 1225 414 1223 414 1207 421 1167 416 1165 416 1164 416 1163 416 1152 422 1150 422 1143 422 1010 420 1008 420 945 427 937 457"/></Shape>
	    <String CONTENT="soy feliz, no hay que dudar."
                    HPOS="937"
                    VPOS="411"
                    WIDTH="510"
                    HEIGHT="61"></String>
          </TextLine>

          
          
          <TextLine ID="line_54"
                    TAGREFS="LT404"
                    BASELINE="939 496 1467 484" 
                    HPOS="938"
                    VPOS="454"
                    WIDTH="529"
                    HEIGHT="61">
            <Shape><Polygon POINTS="939 496 939 515 1467 500 1467 484 1463 454 983 465 966 460 964 460 963 460 961 460 938 467 939 496"/></Shape>
	    <String CONTENT="¡Oh! despues de haber pasado"
                    HPOS="938"
                    VPOS="454"
                    WIDTH="529"
                    HEIGHT="61"></String>
          </TextLine>

          
          
          <TextLine ID="line_55"
                    TAGREFS="LT404"
                    BASELINE="939 538 1425 527" 
                    HPOS="938"
                    VPOS="490"
                    WIDTH="487"
                    HEIGHT="63">
            <Shape><Polygon POINTS="939 538 939 553 1425 548 1425 527 1422 498 1382 490 1380 490 1379 490 1353 498 1328 491 1327 491 1325 491 1240 501 1204 494 1203 494 1201 494 1200 494 1200 496 1193 501 1021 498 1019 498 974 507 960 500 959 500 957 500 956 500 938 507 939 538"/></Shape>
	    <String CONTENT="dos dias sin haber probado"
                    HPOS="938"
                    VPOS="490"
                    WIDTH="487"
                    HEIGHT="63"></String>
          </TextLine>

          
          
          <TextLine ID="line_56"
                    TAGREFS="LT404"
                    BASELINE="941 578 1345 571" 
                    HPOS="939"
                    VPOS="542"
                    WIDTH="406"
                    HEIGHT="53">
            <Shape><Polygon POINTS="941 578 941 589 1083 595 1084 595 1085 595 1087 595 1087 593 1094 588 1283 591 1284 591 1314 584 1323 591 1324 591 1325 591 1327 591 1328 591 1345 581 1345 571 1342 545 1021 542 1019 542 939 551 941 578"/></Shape>
	    <String CONTENT="algo que poder tragar,"
                    HPOS="939"
                    VPOS="542"
                    WIDTH="406"
                    HEIGHT="53"></String>
          </TextLine>

          
          
          <TextLine ID="line_57"
                    TAGREFS="LT404"
                    BASELINE="941 618 1397 610" 
                    HPOS="941"
                    VPOS="575"
                    WIDTH="456"
                    HEIGHT="62">
            <Shape><Polygon POINTS="1394 585 1356 575 1354 575 1313 584 1307 585 1302 584 1272 577 1270 577 1269 577 1179 578 1178 578 1176 578 1170 584 1164 589 1032 589 1022 584 1017 581 1015 581 1014 581 999 584 963 591 941 584 941 618 942 637 963 631 986 637 989 637 990 637 992 637 993 637 997 636 1028 629 1050 636 1052 636 1054 636 1055 636 1061 635 1092 628 1119 635 1121 635 1123 635 1124 636 1160 636 1160 635 1161 635 1163 635 1163 633 1164 633 1170 626 1183 633 1185 633 1186 633 1187 633 1189 633 1193 633 1218 626 1396 628 1397 610 1394 585"/></Shape>
	    <String CONTENT="encuentro, por vida mia,"
                    HPOS="941"
                    VPOS="575"
                    WIDTH="456"
                    HEIGHT="62"></String>
          </TextLine>

          
          
          <TextLine ID="line_58"
                    TAGREFS="LT404"
                    BASELINE="944 659 1409 648" 
                    HPOS="942"
                    VPOS="620"
                    WIDTH="467"
                    HEIGHT="56">
            <Shape><Polygon POINTS="944 659 944 669 985 676 986 676 1029 669 1032 669 1037 669 1108 673 1109 673 1110 673 1112 673 1117 668 1120 666 1409 666 1409 648 1407 624 1234 620 1233 620 942 633 944 659"/></Shape>
	    <String CONTENT="un hombre que por cenar"
                    HPOS="942"
                    VPOS="620"
                    WIDTH="467"
                    HEIGHT="56"></String>
          </TextLine>

          
          
          <TextLine ID="line_59"
                    TAGREFS="LT404"
                    BASELINE="945 699 1386 690" 
                    HPOS="944"
                    VPOS="658"
                    WIDTH="442"
                    HEIGHT="52">
            <Shape><Polygon POINTS="945 699 945 710 1385 699 1386 690 1382 666 1314 666 1313 666 1299 658 1298 658 1296 658 1295 658 1294 658 1259 668 1256 668 1255 668 1216 659 1215 659 1214 659 1212 659 1200 668 1132 661 1131 661 1130 661 1116 668 1007 664 1006 664 944 672 945 699"/></Shape>
	    <String CONTENT="quiere asaltos atacar....."
                    HPOS="944"
                    VPOS="658"
                    WIDTH="442"
                    HEIGHT="52"></String>
          </TextLine>

          
          
          <TextLine ID="line_60"
                    TAGREFS="LT404"
                    BASELINE="948 738 1361 730" 
                    HPOS="946"
                    VPOS="695"
                    WIDTH="415"
                    HEIGHT="53">
            <Shape><Polygon POINTS="948 738 948 748 1360 741 1361 730 1358 705 1291 695 1289 695 1288 695 1265 705 1161 698 1160 698 1159 698 1157 698 1157 699 1156 699 1150 706 1135 699 1134 699 1132 699 1131 699 1109 708 1077 701 1076 701 1074 701 1050 709 1028 704 1026 704 1025 704 946 712 948 738"/></Shape>
	    <String CONTENT="Consuela, barriga mia."
                    HPOS="946"
                    VPOS="695"
                    WIDTH="415"
                    HEIGHT="53"></String>
          </TextLine>

          
          
          <TextLine ID="line_61"
                    TAGREFS="LT404"
                    BASELINE="950 777 1391 770" 
                    HPOS="949"
                    VPOS="737"
                    WIDTH="442"
                    HEIGHT="56">
            <Shape><Polygon POINTS="950 777 950 792 1212 793 1214 793 1296 785 1313 783 1320 785 1351 790 1353 790 1390 782 1391 770 1387 737 949 745 950 777"/></Shape>
	    <String CONTENT="Este hombre, por venir,"
                    HPOS="949"
                    VPOS="737"
                    WIDTH="442"
                    HEIGHT="56"></String>
          </TextLine>

          
          
          <TextLine ID="line_62"
                    TAGREFS="LT404"
                    BASELINE="950 818 1430 808" 
                    HPOS="949"
                    VPOS="774"
                    WIDTH="481"
                    HEIGHT="62">
            <Shape><Polygon POINTS="950 818 950 836 1430 826 1430 808 1426 774 1223 783 949 783 950 818"/></Shape>
	    <String CONTENT="segun muestra su cachaza,"
                    HPOS="949"
                    VPOS="774"
                    WIDTH="481"
                    HEIGHT="62"></String>
          </TextLine>

          
          
          <TextLine ID="line_63"
                    TAGREFS="LT404"
                    BASELINE="952 858 1429 850" 
                    HPOS="950"
                    VPOS="812"
                    WIDTH="479"
                    HEIGHT="67">
            <Shape><Polygon POINTS="952 858 952 870 995 879 996 879 1032 870 1036 870 1039 870 1058 877 1059 877 1061 877 1102 870 1119 869 1136 870 1174 876 1175 876 1198 870 1215 868 1238 870 1263 874 1265 874 1266 874 1267 874 1267 873 1270 870 1276 866 1427 870 1429 850 1426 822 1347 812 1346 812 1278 814 1277 814 1252 823 1117 818 1116 818 1072 825 1057 818 1055 818 1054 818 1052 818 1051 818 1041 826 950 829 952 858"/></Shape>
	    <String CONTENT="tendré tiempo, por Colasa,"
                    HPOS="950"
                    VPOS="812"
                    WIDTH="479"
                    HEIGHT="67"></String>
          </TextLine>

          
          
          <TextLine ID="line_64"
                    TAGREFS="LT404"
                    BASELINE="950 898 1347 891" 
                    HPOS="949"
                    VPOS="856"
                    WIDTH="398"
                    HEIGHT="56">
            <Shape><Polygon POINTS="950 898 950 907 1168 912 1170 912 1171 912 1193 903 1194 903 1229 910 1230 910 1347 899 1347 891 1345 863 1270 856 1269 856 1267 856 1238 865 1237 865 1236 865 1214 858 1212 858 1211 858 1210 858 1181 866 1178 866 1175 866 1156 859 1154 859 1153 859 1017 869 1007 869 1004 869 966 862 964 862 963 862 949 868 950 898"/></Shape>
	    <String CONTENT="de cenar y de dormir."
                    HPOS="949"
                    VPOS="856"
                    WIDTH="398"
                    HEIGHT="56"></String>
          </TextLine>

          
          
          <TextLine ID="line_65"
                    TAGREFS="LT404"
                    BASELINE="950 938 1394 930" 
                    HPOS="949"
                    VPOS="891"
                    WIDTH="445"
                    HEIGHT="66">
            <Shape><Polygon POINTS="1335 892 1324 892 1285 902 1192 894 1183 895 1179 895 1135 905 1099 898 1098 898 1097 898 1077 906 995 901 993 901 949 909 950 938 950 950 1022 957 1023 957 1124 950 1172 947 1393 949 1394 930 1391 902 1335 891 1335 892"/></Shape>
	    <String CONTENT="Además que Tortugüela,"
                    HPOS="949"
                    VPOS="891"
                    WIDTH="445"
                    HEIGHT="66"></String>
          </TextLine>

          
          
          <TextLine ID="line_66"
                    TAGREFS="LT404"
                    BASELINE="953 979 1357 971" 
                    HPOS="952"
                    VPOS="938"
                    WIDTH="405"
                    HEIGHT="54">
            <Shape><Polygon POINTS="953 979 953 992 1288 992 1288 990 1357 980 1357 971 1354 943 1222 938 1221 938 952 950 953 979"/></Shape>
	    <String CONTENT="cuando luz vea venir,"
                    HPOS="952"
                    VPOS="938"
                    WIDTH="405"
                    HEIGHT="54"></String>
          </TextLine>

          
          
          <TextLine ID="line_67"
                    TAGREFS="LT404"
                    BASELINE="957 1019 1397 1008" 
                    HPOS="956"
                    VPOS="968"
                    WIDTH="441"
                    HEIGHT="66">
            <Shape><Polygon POINTS="1356 972 1342 972 1338 972 1321 980 1245 975 1233 975 1232 975 1218 976 1179 983 1172 979 1165 975 1164 975 1163 975 1157 975 1141 980 1127 985 1105 983 1063 979 1062 979 1061 979 1043 986 1039 987 1032 987 999 982 997 982 956 990 957 1019 957 1034 1396 1029 1397 1008 1394 968 1356 968 1356 972"/></Shape>
	    <String CONTENT="¡oh! es capaz de engullir"
                    HPOS="956"
                    VPOS="968"
                    WIDTH="441"
                    HEIGHT="66"></String>
          </TextLine>

          
          
          <TextLine ID="line_68"
                    TAGREFS="LT404"
                    BASELINE="957 1060 1378 1051" 
                    HPOS="956"
                    VPOS="1016"
                    WIDTH="422"
                    HEIGHT="64">
            <Shape><Polygon POINTS="957 1060 957 1071 1012 1080 1014 1080 1132 1070 1310 1073 1311 1073 1313 1073 1314 1073 1328 1063 1378 1062 1378 1051 1375 1023 1317 1016 1316 1016 1314 1016 1300 1023 1299 1023 1295 1023 1256 1018 1255 1018 1254 1018 1252 1018 1247 1023 1244 1026 956 1026 957 1060"/></Shape>
	    <String CONTENT="la comida y la cazuela."
                    HPOS="956"
                    VPOS="1016"
                    WIDTH="422"
                    HEIGHT="64"></String>
          </TextLine>

          
          
          <TextLine ID="line_69"
                    TAGREFS="LT404"
                    BASELINE="956 1100 1438 1089" 
                    HPOS="955"
                    VPOS="1051"
                    WIDTH="483"
                    HEIGHT="69">
            <Shape><Polygon POINTS="956 1100 956 1111 974 1120 975 1120 977 1120 1073 1111 1091 1110 1098 1111 1121 1117 1123 1117 1124 1117 1125 1117 1127 1117 1134 1111 1135 1110 1136 1111 1141 1114 1141 1116 1142 1116 1143 1116 1145 1116 1210 1110 1269 1106 1437 1109 1438 1089 1436 1060 1380 1051 1379 1051 1324 1060 1310 1062 1256 1060 1207 1059 1205 1059 1204 1059 1203 1059 1201 1060 1196 1066 1185 1060 1181 1059 1179 1059 1178 1059 1176 1059 1175 1059 1174 1060 1164 1066 1021 1063 1019 1063 1018 1063 1000 1070 955 1062 956 1100"/></Shape>
	    <String CONTENT="Conque tú, fuerte vencido,"
                    HPOS="955"
                    VPOS="1051"
                    WIDTH="483"
                    HEIGHT="69"></String>
          </TextLine>

          
          
          <TextLine ID="line_70"
                    TAGREFS="LT404"
                    BASELINE="957 1140 1459 1128" 
                    HPOS="956"
                    VPOS="1096"
                    WIDTH="503"
                    HEIGHT="61">
            <Shape><Polygon POINTS="957 1140 957 1153 1123 1157 1124 1157 1125 1157 1127 1157 1139 1150 1345 1151 1346 1151 1347 1151 1349 1151 1361 1143 1459 1140 1459 1128 1456 1102 1376 1096 1375 1096 1374 1096 1356 1103 1353 1103 1350 1103 1336 1096 1335 1096 1334 1096 1292 1103 1284 1104 1280 1103 1263 1098 1262 1098 1261 1098 1230 1104 1222 1106 1214 1104 1189 1099 1187 1099 956 1107 957 1140"/></Shape>
	    <String CONTENT="ahora estás en mi poder....."
                    HPOS="956"
                    VPOS="1096"
                    WIDTH="503"
                    HEIGHT="61"></String>
          </TextLine>

          
          
          <TextLine ID="line_71"
                    TAGREFS="LT404"
                    BASELINE="959 1182 1470 1166" 
                    HPOS="957"
                    VPOS="1131"
                    WIDTH="513"
                    HEIGHT="71">
            <Shape><Polygon POINTS="959 1182 960 1202 982 1194 1033 1200 1041 1200 1043 1200 1052 1198 1092 1191 1146 1194 1182 1195 1183 1195 1185 1195 1186 1195 1192 1191 1200 1187 1225 1190 1245 1193 1247 1193 1248 1193 1266 1189 1284 1184 1338 1184 1453 1187 1455 1187 1456 1187 1458 1187 1470 1179 1470 1166 1466 1131 1413 1138 1362 1133 1360 1133 1358 1133 1357 1133 1336 1142 1274 1136 1273 1136 1272 1136 1270 1136 1243 1146 957 1146 959 1182"/></Shape>
	    <String CONTENT="Pues mira que no he de ser"
                    HPOS="957"
                    VPOS="1131"
                    WIDTH="513"
                    HEIGHT="71"></String>
          </TextLine>

          
          
          <TextLine ID="line_72"
                    TAGREFS="LT404"
                    BASELINE="959 1222 1376 1211" 
                    HPOS="957"
                    VPOS="1180"
                    WIDTH="419"
                    HEIGHT="57">
            <Shape><Polygon POINTS="959 1222 959 1237 1227 1227 1236 1228 1265 1233 1266 1233 1267 1233 1283 1226 1284 1226 1287 1226 1321 1231 1323 1231 1376 1222 1376 1211 1372 1180 986 1184 985 1184 957 1191 959 1222"/></Shape>
	    <String CONTENT="como el otro divertido."
                    HPOS="957"
                    VPOS="1180"
                    WIDTH="419"
                    HEIGHT="57"></String>
          </TextLine>

          
          
          <TextLine ID="line_73"
                    TAGREFS="LT404"
                    BASELINE="964 1259 1423 1251" 
                    HPOS="963"
                    VPOS="1222"
                    WIDTH="460"
                    HEIGHT="53">
            <Shape><Polygon POINTS="964 1259 964 1275 1423 1270 1423 1251 1419 1222 963 1227 964 1259"/></Shape>
	    <String CONTENT="Y por acabar mas pronto,"
                    HPOS="963"
                    VPOS="1222"
                    WIDTH="460"
                    HEIGHT="53"></String>
          </TextLine>

          
          
          <TextLine ID="line_74"
                    TAGREFS="LT404"
                    BASELINE="959 1299 1378 1292" 
                    HPOS="957"
                    VPOS="1264"
                    WIDTH="421"
                    HEIGHT="55">
            <Shape><Polygon POINTS="959 1299 959 1319 1070 1311 1095 1317 1105 1318 1106 1318 1108 1318 1113 1315 1127 1310 1156 1314 1172 1317 1174 1317 1175 1317 1190 1313 1210 1308 1237 1311 1274 1315 1276 1315 1277 1315 1291 1310 1298 1307 1376 1307 1378 1292 1375 1264 957 1264 959 1299"/></Shape>
	    <String CONTENT="ocupo todo el cubierto,"
                    HPOS="957"
                    VPOS="1264"
                    WIDTH="421"
                    HEIGHT="55"></String>
          </TextLine>

          
          
          <TextLine ID="line_92"
                    TAGREFS="LT404"
                    BASELINE="961 1340 1583 1325" 
                    HPOS="960"
                    VPOS="1281"
                    WIDTH="623"
                    HEIGHT="84">
            <Shape><Polygon POINTS="1374 1293 1367 1293 1361 1297 1324 1293 1323 1293 1321 1293 1320 1293 1307 1303 1306 1303 1302 1303 1205 1297 1204 1297 1203 1297 1201 1297 1192 1304 1154 1299 1153 1299 1152 1299 1150 1299 1138 1307 1136 1308 1123 1308 1091 1308 1079 1300 1077 1300 1076 1300 1074 1300 1073 1300 1054 1310 960 1311 961 1340 961 1365 1152 1355 1171 1358 1185 1361 1186 1361 1187 1361 1200 1358 1216 1352 1227 1357 1237 1359 1238 1359 1240 1359 1261 1355 1302 1344 1444 1343 1449 1347 1455 1351 1455 1352 1456 1352 1458 1352 1459 1352 1460 1352 1462 1352 1471 1347 1481 1341 1582 1341 1583 1325 1582 1295 1558 1281 1557 1281 1555 1281 1554 1281 1478 1282 1451 1284 1449 1284 1448 1284 1433 1297 1383 1285 1382 1285 1380 1285 1379 1285 1378 1285 1375 1286 1374 1293"/></Shape>
	    <String CONTENT="pues ya que encontré buen puerto,"
                    HPOS="960"
                    VPOS="1281"
                    WIDTH="623"
                    HEIGHT="84"></String>
          </TextLine>

          
          
          <TextLine ID="line_93"
                    TAGREFS="LT404"
                    BASELINE="1267 1372 1659 1362" 
                    HPOS="1266"
                    VPOS="1319"
                    WIDTH="393"
                    HEIGHT="75">
            <Shape><Polygon POINTS="1398 1330 1350 1337 1331 1340 1323 1339 1294 1332 1294 1333 1281 1333 1266 1340 1267 1372 1267 1394 1437 1383 1656 1384 1659 1362 1655 1319 1498 1336 1436 1332 1400 1330 1398 1330"/></Shape>
	    <String CONTENT="(Coge todo el cubierto.)"
                    HPOS="1266"
                    VPOS="1319"
                    WIDTH="393"
                    HEIGHT="75"></String>
          </TextLine>

          
          
          <TextLine ID="line_75"
                    TAGREFS="LT404"
                    BASELINE="957 1421 1408 1410" 
                    HPOS="956"
                    VPOS="1364"
                    WIDTH="452"
                    HEIGHT="78">
            <Shape><Polygon POINTS="957 1421 957 1442 1017 1435 1103 1441 1124 1441 1125 1441 1138 1439 1186 1431 1407 1431 1408 1410 1404 1377 1200 1380 1194 1375 1183 1365 1183 1364 1182 1364 1181 1364 1179 1364 1058 1366 1057 1366 1055 1366 1047 1373 1043 1376 1039 1373 1032 1368 1030 1368 1029 1368 1028 1368 1026 1368 1015 1373 1010 1376 956 1373 957 1421"/></Shape>
	    <String CONTENT="no nos hagamos el tonto."
                    HPOS="956"
                    VPOS="1364"
                    WIDTH="452"
                    HEIGHT="78"></String>
          </TextLine>

          
          
          <TextLine ID="line_94"
                    TAGREFS="LT404"
                    BASELINE="983 1460 1662 1445" 
                    HPOS="982"
                    VPOS="1410"
                    WIDTH="680"
                    HEIGHT="76">
            <Shape><Polygon POINTS="983 1460 983 1471 999 1485 1000 1485 1001 1485 1003 1486 1044 1486 1044 1485 1092 1483 1094 1483 1095 1483 1119 1467 1171 1475 1172 1475 1226 1468 1258 1476 1259 1476 1261 1476 1262 1476 1284 1468 1353 1468 1379 1476 1380 1476 1382 1476 1383 1476 1385 1476 1385 1475 1400 1463 1447 1468 1448 1468 1487 1460 1533 1468 1535 1468 1586 1460 1611 1467 1612 1467 1613 1467 1615 1467 1616 1467 1627 1457 1639 1464 1641 1464 1642 1464 1644 1464 1662 1454 1662 1445 1659 1421 1549 1410 1547 1410 1546 1410 1544 1410 1544 1412 1533 1424 1499 1424 1477 1412 1475 1412 1474 1412 1422 1421 1371 1416 1369 1416 1368 1416 1340 1427 1310 1416 1309 1416 1307 1416 1254 1428 1189 1419 1187 1419 1186 1419 1185 1419 1164 1431 1113 1424 1112 1424 1023 1430 1008 1423 1007 1423 1006 1423 1004 1423 982 1434 983 1460"/></Shape>
	    <String CONTENT="Conque, señor, tum, tr.....u.....m....."
                    HPOS="982"
                    VPOS="1410"
                    WIDTH="680"
                    HEIGHT="76"></String>
          </TextLine>

          
          
          <TextLine ID="line_95"
                    TAGREFS="LT404"
                    BASELINE="1110 1499 1660 1483" 
                    HPOS="1109"
                    VPOS="1448"
                    WIDTH="551"
                    HEIGHT="62">
            <Shape><Polygon POINTS="1110 1499 1110 1510 1660 1507 1660 1483 1656 1448 1507 1459 1495 1454 1489 1452 1488 1452 1487 1452 1464 1456 1442 1459 1423 1457 1396 1454 1394 1454 1393 1454 1391 1454 1387 1459 1383 1461 1350 1460 1283 1457 1281 1457 1280 1457 1262 1464 1256 1465 1252 1464 1230 1459 1229 1459 1227 1459 1226 1459 1203 1467 1200 1467 1194 1467 1131 1461 1130 1461 1128 1461 1109 1468 1110 1499"/></Shape>
	    <String CONTENT="(Hace lo que D. Pánfilo y come.)"
                    HPOS="1109"
                    VPOS="1448"
                    WIDTH="551"
                    HEIGHT="62"></String>
          </TextLine>

          
          
          <TextLine ID="line_96"
                    TAGREFS="LT404"
                    BASELINE="970 1544 1524 1529" 
                    HPOS="968"
                    VPOS="1492"
                    WIDTH="556"
                    HEIGHT="74">
            <Shape><Polygon POINTS="1402 1492 1401 1492 1396 1492 1382 1492 1374 1492 1372 1492 1371 1492 1331 1501 1314 1507 1194 1508 1187 1504 1181 1497 1179 1497 1178 1497 1176 1497 1175 1497 1153 1504 1143 1507 1136 1504 1123 1499 1120 1499 1119 1497 1119 1497 1117 1497 1083 1499 1081 1499 1080 1499 1073 1505 1065 1511 1046 1505 1028 1500 1026 1500 1025 1500 968 1505 970 1544 970 1558 1055 1558 1073 1566 1074 1566 1076 1566 1077 1566 1079 1566 1094 1556 1160 1561 1161 1561 1163 1561 1164 1561 1171 1554 1181 1561 1181 1562 1182 1562 1183 1562 1185 1562 1186 1562 1205 1551 1237 1551 1245 1558 1245 1559 1247 1559 1248 1559 1249 1559 1251 1559 1273 1548 1321 1548 1349 1559 1350 1559 1351 1559 1473 1556 1506 1555 1507 1555 1509 1555 1524 1543 1524 1529 1521 1500 1489 1493 1488 1493 1433 1500 1415 1503 1412 1501 1404 1493 1404 1492 1402 1492"/></Shape>
	    <String CONTENT="Por aquí, pim, pan, pim, pan,"
                    HPOS="968"
                    VPOS="1492"
                    WIDTH="556"
                    HEIGHT="74"></String>
          </TextLine>

          
          
          <TextLine ID="line_76"
                    TAGREFS="LT404"
                    BASELINE="972 1584 1357 1573" 
                    HPOS="971"
                    VPOS="1537"
                    WIDTH="386"
                    HEIGHT="68">
            <Shape><Polygon POINTS="972 1584 972 1605 1356 1588 1357 1573 1356 1547 1327 1537 1325 1537 1324 1537 1263 1538 1262 1538 1261 1538 1261 1540 1251 1548 1214 1540 1212 1540 1211 1540 1210 1540 1210 1541 1208 1541 1201 1550 1171 1541 1170 1541 1168 1541 1167 1541 1149 1551 1098 1545 1097 1545 1095 1545 1094 1545 1085 1552 1054 1547 1052 1547 1001 1555 982 1547 981 1547 979 1547 978 1547 977 1547 977 1548 975 1548 971 1552 972 1584"/></Shape>
	    <String CONTENT="traga, traga, gavilan,"
                    HPOS="971"
                    VPOS="1537"
                    WIDTH="386"
                    HEIGHT="68"></String>
          </TextLine>

          
          
          <TextLine ID="line_97"
                    TAGREFS="LT404"
                    BASELINE="975 1623 1624 1607" 
                    HPOS="974"
                    VPOS="1565"
                    WIDTH="650"
                    HEIGHT="71">
            <Shape><Polygon POINTS="975 1623 975 1636 1623 1621 1624 1607 1622 1584 1571 1584 1560 1574 1560 1573 1558 1573 1557 1573 1506 1565 1504 1565 1415 1567 1413 1567 1412 1567 1412 1569 1397 1581 1386 1572 1385 1572 1383 1572 1382 1572 1357 1573 1356 1573 1354 1573 1328 1589 1320 1581 1318 1581 1317 1581 1316 1581 1150 1592 1084 1583 1083 1583 1081 1583 1080 1583 1070 1592 1025 1595 1003 1588 1001 1588 1000 1588 999 1588 974 1596 975 1623"/></Shape>
	    <String CONTENT="vamos pronto; bum, bu ru.....m....."
                    HPOS="974"
                    VPOS="1565"
                    WIDTH="650"
                    HEIGHT="71"></String>
          </TextLine>

          
          
          <TextLine ID="line_77"
                    TAGREFS="LT404"
                    BASELINE="977 1664 1447 1650" 
                    HPOS="975"
                    VPOS="1621"
                    WIDTH="472"
                    HEIGHT="62">
            <Shape><Polygon POINTS="977 1664 977 1683 1447 1665 1447 1650 1442 1621 975 1628 977 1664"/></Shape>
	    <String CONTENT="Ahora que pringue queda,"
                    HPOS="975"
                    VPOS="1621"
                    WIDTH="472"
                    HEIGHT="62"></String>
          </TextLine>

          
          
          <TextLine ID="line_98"
                    TAGREFS="LT404"
                    BASELINE="1097 1700 1666 1686" 
                    HPOS="1095"
                    VPOS="1646"
                    WIDTH="571"
                    HEIGHT="77">
            <Shape><Polygon POINTS="1240 1657 1238 1657 1237 1657 1236 1657 1234 1657 1225 1665 1223 1667 1221 1665 1205 1660 1204 1660 1203 1660 1201 1660 1200 1660 1190 1667 1189 1668 1185 1667 1163 1661 1161 1661 1160 1661 1159 1661 1157 1661 1149 1669 1147 1671 1095 1671 1097 1700 1097 1723 1167 1716 1185 1722 1187 1723 1189 1723 1190 1723 1192 1723 1194 1722 1216 1713 1251 1722 1256 1722 1258 1722 1259 1722 1262 1720 1280 1712 1299 1719 1300 1719 1302 1719 1303 1719 1338 1711 1349 1718 1350 1718 1351 1718 1353 1719 1415 1719 1481 1719 1481 1718 1482 1718 1484 1718 1484 1716 1496 1707 1521 1707 1531 1715 1531 1716 1532 1716 1533 1716 1535 1716 1601 1715 1602 1715 1604 1715 1604 1713 1613 1704 1663 1713 1666 1686 1662 1646 1562 1647 1561 1647 1560 1647 1555 1650 1549 1654 1511 1653 1469 1650 1467 1650 1397 1657 1324 1665 1307 1661 1291 1658 1289 1658 1288 1658 1267 1664 1255 1667 1251 1664 1241 1657 1240 1657"/></Shape>
	    <String CONTENT="(Arrebaña la cazuela con el pan.)"
                    HPOS="1095"
                    VPOS="1646"
                    WIDTH="571"
                    HEIGHT="77"></String>
          </TextLine>

          
          
          <TextLine ID="line_78"
                    TAGREFS="LT404"
                    BASELINE="978 1745 1391 1737" 
                    HPOS="975"
                    VPOS="1698"
                    WIDTH="416"
                    HEIGHT="68">
            <Shape><Polygon POINTS="978 1745 978 1756 1006 1766 1007 1766 1008 1766 1051 1758 1059 1756 1077 1758 1114 1760 1116 1760 1117 1760 1119 1760 1121 1758 1128 1752 1252 1751 1295 1759 1306 1760 1307 1760 1309 1760 1314 1759 1346 1751 1390 1759 1391 1737 1387 1707 1356 1707 1353 1705 1343 1698 1342 1698 1340 1698 1339 1698 1309 1705 1296 1708 1294 1705 1285 1698 1284 1698 1283 1698 1281 1698 1280 1698 1266 1705 1259 1708 1237 1704 1223 1702 1222 1702 1197 1704 1103 1712 1094 1704 1092 1704 1091 1704 1085 1702 1044 1701 1043 1701 1041 1701 1039 1702 1017 1713 1003 1702 1001 1702 1000 1702 975 1702 978 1745"/></Shape>
	    <String CONTENT="haremos servir el pan,"
                    HPOS="975"
                    VPOS="1698"
                    WIDTH="416"
                    HEIGHT="68"></String>
          </TextLine>

          
          
          <TextLine ID="line_99"
                    TAGREFS="LT404"
                    BASELINE="981 1785 1321 1775" 
                    HPOS="979"
                    VPOS="1740"
                    WIDTH="342"
                    HEIGHT="62">
            <Shape><Polygon POINTS="1273 1740 1272 1740 1270 1740 1258 1748 1255 1748 1223 1741 1222 1741 1221 1741 1219 1741 1211 1748 1210 1749 1203 1748 1174 1742 1172 1742 1171 1742 1170 1742 1170 1744 1168 1744 1164 1748 1163 1751 1154 1749 1131 1744 1130 1744 1079 1749 1025 1755 979 1751 981 1785 981 1802 1321 1786 1321 1775 1318 1748 1274 1740 1273 1740"/></Shape>
	    <String CONTENT="y acabado le verán"
                    HPOS="979"
                    VPOS="1740"
                    WIDTH="342"
                    HEIGHT="62"></String>
          </TextLine>

          
          
          <TextLine ID="line_100"
                    TAGREFS="LT404"
                    BASELINE="978 1824 1467 1813" 
                    HPOS="977"
                    VPOS="1770"
                    WIDTH="490"
                    HEIGHT="70">
            <Shape><Polygon POINTS="978 1824 978 1840 1244 1840 1244 1839 1285 1832 1294 1831 1296 1832 1313 1837 1314 1837 1316 1837 1358 1829 1364 1829 1369 1829 1404 1836 1405 1836 1466 1826 1467 1813 1463 1770 1401 1771 1400 1771 1398 1771 1398 1773 1387 1781 1376 1774 1376 1773 1375 1773 1374 1773 1372 1773 1371 1773 1369 1773 1368 1774 1358 1780 1349 1775 1343 1773 1342 1773 1340 1773 1324 1775 1287 1785 1280 1780 1278 1780 1277 1780 1276 1780 1274 1780 1258 1786 1189 1782 1178 1782 1176 1782 1175 1782 1172 1784 1156 1791 977 1792 978 1824"/></Shape>
	    <String CONTENT="antes que él venirse pueda."
                    HPOS="977"
                    VPOS="1770"
                    WIDTH="490"
                    HEIGHT="70"></String>
          </TextLine>

          
          
          <TextLine ID="line_101"
                    TAGREFS="LT404"
                    BASELINE="979 1866 1383 1853" 
                    HPOS="977"
                    VPOS="1822"
                    WIDTH="406"
                    HEIGHT="75">
            <Shape><Polygon POINTS="979 1866 979 1897 1099 1895 1101 1895 1102 1895 1102 1894 1109 1888 1114 1882 1124 1887 1136 1894 1138 1894 1139 1894 1141 1894 1165 1884 1168 1883 1168 1884 1175 1890 1176 1890 1178 1890 1179 1890 1181 1890 1182 1890 1192 1882 1194 1882 1216 1886 1218 1886 1219 1886 1221 1886 1230 1879 1244 1871 1383 1866 1383 1853 1379 1822 977 1833 979 1866"/></Shape>
	    <String CONTENT="¡Por desgracia ya voló"
                    HPOS="977"
                    VPOS="1822"
                    WIDTH="406"
                    HEIGHT="75"></String>
          </TextLine>

          
          
          <TextLine ID="line_102"
                    TAGREFS="LT404"
                    BASELINE="1234 1897 1670 1887" 
                    HPOS="1233"
                    VPOS="1840"
                    WIDTH="437"
                    HEIGHT="82">
            <Shape><Polygon POINTS="1261 1858 1247 1858 1238 1858 1233 1860 1234 1897 1234 1913 1365 1908 1374 1913 1378 1916 1379 1916 1380 1916 1382 1916 1383 1916 1385 1916 1390 1912 1396 1908 1402 1912 1412 1919 1413 1919 1415 1919 1416 1919 1475 1912 1509 1908 1513 1912 1521 1919 1521 1920 1522 1920 1524 1920 1525 1922 1544 1922 1544 1920 1670 1909 1670 1887 1667 1846 1422 1840 1420 1840 1387 1846 1386 1846 1385 1846 1385 1847 1375 1857 1374 1858 1298 1860 1272 1860 1266 1857 1261 1858"/></Shape>
	    <String CONTENT="(Suena un poco de ruido.)"
                    HPOS="1233"
                    VPOS="1840"
                    WIDTH="437"
                    HEIGHT="82"></String>
          </TextLine>

          
          
          <TextLine ID="line_103"
                    TAGREFS="LT404"
                    BASELINE="981 1945 1520 1930" 
                    HPOS="979"
                    VPOS="1891"
                    WIDTH="541"
                    HEIGHT="72">
            <Shape><Polygon POINTS="1397 1894 1396 1894 1394 1894 1393 1894 1391 1894 1379 1904 1340 1897 1339 1897 1338 1897 1311 1906 1310 1906 1288 1898 1287 1898 1285 1898 1243 1908 1226 1893 1226 1891 1225 1891 1223 1891 1222 1891 1138 1894 1136 1894 1098 1912 1055 1899 1054 1899 1052 1899 1051 1899 1050 1899 1025 1915 995 1904 993 1904 992 1904 990 1904 989 1904 979 1910 981 1945 981 1960 1098 1963 1099 1963 1117 1959 1134 1956 1149 1959 1168 1963 1170 1963 1171 1963 1183 1959 1197 1955 1225 1959 1249 1961 1251 1961 1252 1961 1254 1961 1254 1960 1256 1957 1265 1950 1339 1949 1385 1956 1391 1957 1393 1957 1401 1956 1442 1949 1518 1955 1520 1930 1515 1901 1408 1904 1398 1895 1398 1894 1397 1894"/></Shape>
	    <String CONTENT="en un santiameni! ¡Qué susto!"
                    HPOS="979"
                    VPOS="1891"
                    WIDTH="541"
                    HEIGHT="72"></String>
          </TextLine>

          
          
          <TextLine ID="line_104"
                    TAGREFS="LT404"
                    BASELINE="982 1985 1477 1971" 
                    HPOS="981"
                    VPOS="1944"
                    WIDTH="496"
                    HEIGHT="57">
            <Shape><Polygon POINTS="982 1985 982 2001 1477 1990 1477 1971 1473 1944 981 1953 982 1985"/></Shape>
	    <String CONTENT="así que le encontré el gusto"
                    HPOS="981"
                    VPOS="1944"
                    WIDTH="496"
                    HEIGHT="57"></String>
          </TextLine>

          
          
          <TextLine ID="line_105"
                    TAGREFS="LT404"
                    BASELINE="985 2025 1416 2015" 
                    HPOS="983"
                    VPOS="1982"
                    WIDTH="433"
                    HEIGHT="55">
            <Shape><Polygon POINTS="985 2025 985 2037 1415 2029 1416 2015 1412 1982 1004 1989 1003 1989 983 1996 985 2025"/></Shape>
	    <String CONTENT="cuando ya se me acabó;"
                    HPOS="983"
                    VPOS="1982"
                    WIDTH="433"
                    HEIGHT="55"></String>
          </TextLine>

          
          
          <TextLine ID="line_106"
                    TAGREFS="LT404"
                    BASELINE="990 2065 1464 2054" 
                    HPOS="990"
                    VPOS="2012"
                    WIDTH="474"
                    HEIGHT="71">
            <Shape><Polygon POINTS="1416 2015 1411 2015 1400 2028 1387 2021 1386 2021 1385 2021 1383 2021 1305 2029 1287 2021 1285 2021 1284 2021 1283 2021 1281 2021 1281 2022 1273 2029 1263 2023 1262 2023 1261 2023 1259 2023 1208 2033 1092 2028 1091 2028 1090 2028 1068 2036 1028 2028 1026 2028 1025 2028 1023 2028 1011 2037 990 2026 990 2065 990 2083 1464 2065 1464 2054 1462 2012 1418 2012 1416 2012 1416 2015"/></Shape>
	    <String CONTENT="y lo que hay aqui ¿qué es?"
                    HPOS="990"
                    VPOS="2012"
                    WIDTH="474"
                    HEIGHT="71"></String>
          </TextLine>

          
          
          <TextLine ID="line_107"
                    TAGREFS="LT404"
                    BASELINE="988 2105 1471 2094" 
                    HPOS="986"
                    VPOS="2058"
                    WIDTH="485"
                    HEIGHT="58">
            <Shape><Polygon POINTS="988 2105 988 2116 1470 2109 1471 2094 1469 2065 1409 2058 1408 2058 1343 2068 1010 2068 1008 2068 1007 2068 986 2073 988 2105"/></Shape>
	    <String CONTENT="segun he oido á ese bicho,"
                    HPOS="986"
                    VPOS="2058"
                    WIDTH="485"
                    HEIGHT="58"></String>
          </TextLine>

          
          
          <TextLine ID="line_108"
                    TAGREFS="LT404"
                    BASELINE="990 2146 1500 2131" 
                    HPOS="989"
                    VPOS="2095"
                    WIDTH="511"
                    HEIGHT="69">
            <Shape><Polygon POINTS="990 2146 990 2164 1041 2157 1103 2163 1125 2164 1127 2164 1138 2161 1176 2153 1205 2161 1218 2164 1219 2164 1221 2164 1222 2164 1230 2160 1245 2152 1296 2158 1298 2158 1299 2158 1300 2158 1324 2149 1346 2158 1351 2160 1353 2160 1354 2160 1367 2157 1415 2146 1444 2156 1448 2157 1449 2157 1451 2157 1500 2154 1500 2131 1496 2095 1404 2098 1402 2098 1401 2098 1401 2099 1391 2105 1353 2101 1329 2099 1328 2099 1327 2099 1318 2102 1306 2108 1289 2103 1272 2101 1270 2101 1208 2108 1171 2113 1098 2113 1097 2113 1087 2106 1085 2106 1084 2106 1083 2106 989 2117 990 2146"/></Shape>
	    <String CONTENT="será bueno, porque ha dicho"
                    HPOS="989"
                    VPOS="2095"
                    WIDTH="511"
                    HEIGHT="69"></String>
          </TextLine>

          
          
          <TextLine ID="line_109"
                    TAGREFS="LT404"
                    BASELINE="992 2186 1462 2175" 
                    HPOS="990"
                    VPOS="2143"
                    WIDTH="472"
                    HEIGHT="60">
            <Shape><Polygon POINTS="992 2186 992 2197 1106 2203 1108 2203 1460 2186 1462 2175 1459 2147 1287 2143 1285 2143 990 2157 992 2186"/></Shape>
	    <String CONTENT="que era vino del marqués."
                    HPOS="990"
                    VPOS="2143"
                    WIDTH="472"
                    HEIGHT="60"></String>
          </TextLine>

          
          
          <TextLine ID="line_110"
                    TAGREFS="LT404"
                    BASELINE="997 2226 1513 2214" 
                    HPOS="996"
                    VPOS="2174"
                    WIDTH="517"
                    HEIGHT="74">
            <Shape><Polygon POINTS="1451 2176 1448 2176 1419 2187 1394 2179 1393 2179 1391 2179 1390 2179 1389 2179 1389 2181 1379 2189 1354 2179 1353 2179 1351 2179 1350 2179 1327 2190 1291 2179 1288 2179 1287 2179 1285 2179 1276 2179 1226 2193 1212 2183 1211 2183 1210 2183 1208 2183 1207 2183 1168 2194 1125 2189 1124 2189 1047 2197 996 2189 997 2226 997 2237 1047 2248 1048 2248 1050 2248 1051 2248 1051 2247 1059 2240 1101 2245 1102 2245 1103 2245 1117 2238 1123 2234 1127 2238 1136 2247 1136 2248 1138 2248 1139 2248 1141 2248 1142 2248 1143 2248 1156 2238 1157 2237 1161 2238 1175 2244 1176 2244 1178 2244 1179 2244 1181 2244 1181 2243 1186 2238 1192 2233 1200 2238 1205 2243 1207 2243 1208 2243 1210 2243 1211 2243 1222 2238 1236 2234 1262 2238 1269 2240 1270 2240 1272 2240 1273 2240 1291 2230 1380 2229 1401 2240 1407 2243 1408 2243 1409 2243 1513 2240 1513 2214 1510 2174 1458 2174 1456 2174 1455 2174 1452 2175 1451 2175 1451 2176"/></Shape>
	    <String CONTENT="Y pues que por mi fatal sino,"
                    HPOS="996"
                    VPOS="2174"
                    WIDTH="517"
                    HEIGHT="74"></String>
          </TextLine>

          
          
          <TextLine ID="line_111"
                    TAGREFS="LT404"
                    BASELINE="993 2265 1423 2256" 
                    HPOS="992"
                    VPOS="2220"
                    WIDTH="431"
                    HEIGHT="62">
            <Shape><Polygon POINTS="993 2265 993 2282 1154 2276 1240 2280 1270 2281 1272 2281 1273 2281 1274 2281 1276 2280 1288 2273 1369 2278 1379 2278 1380 2278 1382 2278 1383 2278 1383 2277 1390 2271 1422 2277 1423 2256 1420 2229 1350 2220 1349 2220 1249 2227 1172 2233 1163 2227 1159 2225 1157 2225 1156 2225 1154 2225 1153 2225 1147 2227 1131 2234 1113 2229 1112 2229 1110 2229 1039 2236 1028 2227 1026 2227 1025 2227 992 2227 993 2265"/></Shape>
	    <String CONTENT="despues de tanta fatiga,"
                    HPOS="992"
                    VPOS="2220"
                    WIDTH="431"
                    HEIGHT="62"></String>
          </TextLine>

          
          
          <TextLine ID="line_112"
                    TAGREFS="LT404"
                    BASELINE="993 2307 1434 2296" 
                    HPOS="992"
                    VPOS="2265"
                    WIDTH="442"
                    HEIGHT="55">
            <Shape><Polygon POINTS="993 2307 993 2320 1434 2311 1434 2296 1431 2270 1278 2265 1277 2265 1233 2273 1218 2266 1216 2266 1215 2266 1214 2266 1212 2266 1203 2273 1165 2267 1164 2267 992 2278 993 2307"/></Shape>
	    <String CONTENT="no puedo llenar barriga,"
                    HPOS="992"
                    VPOS="2265"
                    WIDTH="442"
                    HEIGHT="55"></String>
          </TextLine>

          
          
          <TextLine ID="line_113"
                    TAGREFS="LT404"
                    BASELINE="996 2349 1432 2338" 
                    HPOS="992"
                    VPOS="2306"
                    WIDTH="438"
                    HEIGHT="56">
            <Shape><Polygon POINTS="994 2347 994 2362 1430 2349 1430 2337 1424 2306 992 2306 994 2347"/></Shape>
	    <String CONTENT="la llenaré de buen vino."
                    HPOS="992"
                    VPOS="2306"
                    WIDTH="438"
                    HEIGHT="56"></String>
          </TextLine>

          
          
          <TextLine ID="eSc_line_9ed7275c"
                    TAGREFS="LT404"
                    BASELINE="1455 2337 1681 2331" 
                    HPOS="1451"
                    VPOS="2283"
                    WIDTH="229"
                    HEIGHT="110">
            <Shape><Polygon POINTS="1676 2312 1674 2283 1451 2283 1453 2335 1453 2393 1529 2378 1552 2382 1600 2391 1602 2391 1604 2391 1680 2366 1680 2329 1678 2312 1678 2314"/></Shape>
	    <String CONTENT="(A la botella.)"
                    HPOS="1451"
                    VPOS="2283"
                    WIDTH="229"
                    HEIGHT="110"></String>
          </TextLine>

          
          
          <TextLine ID="line_114"
                    TAGREFS="LT404"
                    BASELINE="1001 2389 1478 2378" 
                    HPOS="1000"
                    VPOS="2340"
                    WIDTH="478"
                    HEIGHT="83">
            <Shape><Polygon POINTS="1001 2389 1001 2422 1036 2423 1037 2423 1039 2423 1044 2420 1061 2412 1099 2419 1119 2422 1120 2422 1147 2416 1186 2409 1212 2415 1237 2419 1238 2419 1240 2419 1263 2412 1281 2408 1325 2409 1416 2415 1418 2415 1419 2415 1442 2406 1469 2413 1470 2413 1471 2413 1473 2413 1474 2413 1474 2412 1475 2412 1478 2408 1478 2378 1475 2350 1418 2340 1416 2340 1415 2340 1393 2350 1372 2342 1371 2342 1369 2342 1368 2342 1367 2342 1354 2351 1296 2353 1281 2351 1243 2347 1241 2347 1240 2347 1221 2353 1212 2354 1204 2353 1181 2346 1179 2346 1178 2346 1138 2353 1116 2357 1000 2356 1001 2389"/></Shape>
	    <String CONTENT="Vamos, pichona, aquí ven;"
                    HPOS="1000"
                    VPOS="2340"
                    WIDTH="478"
                    HEIGHT="83"></String>
          </TextLine>

          
        </TextBlock>
        

        
      </PrintSpace>
    </Page>
  </Layout>
</alto>
