1753 2480
173.0 157.0 544.0 60.0 me encontró en conversacion,

179.0 208.0 406.0 48.0 dí que fue casualidad,

181.0 252.0 391.0 55.0 y una mera atencion.

223.0 285.0 548.0 58.0 Mas sino obstante te estrecha

179.0 336.0 428.0 58.0 aquel rostro peregrino,

181.0 380.0 466.0 60.0 con su fundada sospecha,

181.0 427.0 432.0 48.0 no te pongas en camino

181.0 465.0 397.0 59.0 sin dejarla satisfecha.

229.0 502.0 451.0 62.0 Dila que suspiro y lloro,

183.0 553.0 457.0 60.0 dila que vivo muriendo,

183.0 599.0 435.0 52.0 dila que no me mejoro,

181.0 640.0 478.0 54.0 dila que estoy padeciendo,

186.0 684.0 533.0 66.0 porque la quiero y la adoro.

225.0 727.0 455.0 60.0 Si niega el conocimiento

186.0 768.0 409.0 62.0 porque no me despedí,

183.0 814.0 455.0 62.0 dila que mi sentimiento

186.0 857.0 394.0 58.0 me puso fuera de mí,

183.0 907.0 505.0 51.0 con la fuerza del tormento,

225.0 946.0 461.0 60.0 Dila que siendo tan bella

183.0 992.0 470.0 57.0 que me remita el perdon,

183.0 1029.0 476.0 74.0 que se anubló mi estrella,

186.0 1082.0 337.0 50.0 y no tuve corazon

186.0 1111.0 444.0 71.0 para despedirme de ella.

225.0 1151.0 521.0 78.0 Si porque yo estoy ausente.

186.0 1198.0 479.0 66.0 piensa que la he olvidado,

183.0 1248.0 488.0 60.0 dila que mi amor valiente,

179.0 1293.0 480.0 60.0 aun cuando mas retirado,

179.0 1333.0 472.0 55.0 la conservo mas presente.

221.0 1380.0 403.0 54.0 Mas si de tí se desvía,

179.0 1419.0 532.0 71.0 dila de cuando me hablaba,

177.0 1463.0 457.0 64.0 se acuerde que me decia,

181.0 1516.0 410.0 56.0 que si yo no la faltaba

179.0 1550.0 393.0 66.0 ella no me olvidaria.

217.0 1589.0 419.0 66.0 Si dice que me olvidó

181.0 1638.0 492.0 67.0 por consejos que la daban,

179.0 1680.0 410.0 60.0 ¿para què me aseguró

181.0 1719.0 515.0 76.0 que los montes se mudaban

186.0 1771.0 361.0 66.0 pero su firmeza no?

229.0 1802.0 593.0 80.0 ¿Qué se ha hecho aquel citarme,

183.0 1862.0 484.0 62.0 aquel suspirar por verme,

181.0 1905.0 466.0 58.0 aquel deseo de hablarme,

183.0 1950.0 492.0 58.0 aquel morir por quererme

188.0 1984.0 514.0 72.0 y aquel sentir por gozarme?

231.0 2039.0 471.0 54.0 Si acaso ya se ha cansado

186.0 2079.0 440.0 57.0 de mi amistad cariñosa,

188.0 2101.0 612.0 83.0 ¿por què he de ser yo el culpado?

188.0 2161.0 541.0 64.0 ¿por qué ha de estar rigurosa

183.0 2201.0 569.0 80.0 con quien causa no le ha dado?

212.0 2256.0 447.0 83.0 Si contra mi sus enojos

872.0 157.0 448.0 64.0 rayos quieren espender,

884.0 200.0 467.0 62.0 para ser de ellos despojos,

884.0 243.0 434.0 60.0 dila que no es menester

878.0 281.0 504.0 66.0 mas rayos que sus dos ojos.

924.0 326.0 430.0 64.0 Si dice que soy tirano,

884.0 374.0 422.0 60.0 porque no la fuí á ver

884.0 417.0 453.0 60.0 aquel dia mas temprano,

886.0 467.0 451.0 55.0 díla que tuve que hacer,

886.0 512.0 540.0 56.0 y que no estuvo en mi mano.

926.0 547.0 454.0 68.0 Si me niega sus piedades

886.0 593.0 437.0 53.0 por una sola aprension,

884.0 628.0 505.0 74.0 dila que no es de deidades,

882.0 682.0 412.0 57.0 sin pedir satisfaccion,

882.0 723.0 441.0 54.0 castigar con crueldades.

930.0 766.0 426.0 56.0 Dila que estoy abatido

884.0 806.0 408.0 66.0 á su hermosa bizarría;

890.0 853.0 422.0 66.0 y pues me ve dolorido,

886.0 903.0 422.0 49.0 dila que no es valentia

884.0 938.0 447.0 62.0 dar golpes á un rendido.

928.0 987.0 413.0 60.0 Dila que firme la amé,

884.0 1023.0 410.0 59.0 dila que la dí la llave

886.0 1066.0 434.0 60.0 de mi amor y de mi fé,

890.0 1105.0 521.0 62.0 y en fin, dila que bien sabe

886.0 1155.0 370.0 66.0 lo que por ella pasé.

928.0 1192.0 428.0 64.0 Dila que me desengañe

884.0 1246.0 525.0 53.0 de aquesta pasion tan dura,

884.0 1291.0 490.0 62.0 dila que yo soy su amante,

888.0 1324.0 509.0 64.0 y en fin, que no tenga duda

886.0 1378.0 608.0 64.0 que siempre he de ser constante.

926.0 1413.0 415.0 68.0 Si con otro idolatraba

884.0 1463.0 426.0 62.0 lo que conmigo fingia,

886.0 1500.0 432.0 66.0 ¿cómo no me declaraba

882.0 1552.0 445.0 51.0 de que ya no me queria,

886.0 1585.0 519.0 74.0 y que el verme la enfadaba?

928.0 1636.0 428.0 54.0 Dila que yo no creyera

886.0 1684.0 496.0 58.0 que se cambiara mi suerte,

888.0 1725.0 412.0 56.0 ¡ojalá que así no fuera!

884.0 1764.0 548.0 69.0 la que fue vida ya es muerte,

884.0 1806.0 424.0 68.0 y la que paloma, fiera.

930.0 1845.0 452.0 68.0 Dila que allá en su crisol

886.0 1891.0 397.0 62.0 ayer gocé mi fortuna,

888.0 1936.0 449.0 60.0 y hoy con triste arrebol

886.0 1984.0 437.0 59.0 me quedo como la luna

884.0 2023.0 488.0 66.0 nunca encontrando su sol.

930.0 2068.0 413.0 66.0 Dila que en este papel

888.0 2122.0 364.0 56.0 va todo mi corazon,

884.0 2159.0 482.0 60.0 y que el fin es darla en èl

882.0 2203.0 345.0 53.0 entera satisfaccion

886.0 2248.0 366.0 89.0 para no verla cruel.
