1860 2629
532 1209 858 133 CANCION NUEVA,

199 1369 1542 98 en ella se declara los amores de la sensible Atala y del

350 1443 1251 99 ardiente Cháctas; y la desesperacion de este

451 1513 1058 116 por causa de la muerte de su querida.

550 1627 44 112 I.

239 1711 465 76 Nacì americano errante

186 1765 526 68 mi padre á mi lado espiró,

186 1811 697 86 y en los campos terribles de Marte,

186 1879 559 55 la venganza me recomendó :

179 1921 525 70 asimismo á su caro aliado

177 1971 603 66 encargó mi cuidado al morir ;

179 2019 612 71 pero yo me aparté de su lado ;

171 2068 592 125 sin mi Atala, no puedo vivir

1335 1645 66 87 II.

1035 1689 678 111 En un campo de bosques frondosos

973 1763 770 88 vi á una bella y temprana hermosura

976 1818 590 74 y al instante resolví amoroso

973 1877 636 72 en amarla y seguir mi ventura :

973 1919 711 92 la amé á ciegas rendido y constante

973 1969 564 81 y sus pasos resuelvo seguir ;

967 2017 717 90 dejé á Lopez, la busco, y errante,

967 2068 616 127 sin mi Atala, no puedo vivir.
