1103 1558
451 101 101 36 —23—

99 149 791 24 muros de Túnez frente a frente, palmo á palmo y cuerpo á cuerpo.

97 165 794 40 Cien veces flotó el estandarte de la Cruz sobre las almenadas altu-

99 198 791 38 ras de Túnez y otras tantas filotó la media luna, pero el éxito per-

97 228 792 42 manecía incierto y el dia avanzaba más y más. Impaciente el rey

98 263 792 38 Luis IX de Francia, apellidado despues el Santo, y viendo que si

97 297 791 41 no se hacía un violento esfuerzo se corría el peligro de que llegase

96 328 793 40 la noche y quedase la victoria por los tunecinos, dió orden de que

95 361 790 38 se reforzasen las fuerzas del asalto y él mismo dió el ejemplo avan-

95 392 791 39 zando sobre las escalas; pero en el mismo instante de poner el pié

95 428 792 36 sobre una de ellas, recibió una flecha por entre las junturas del

95 457 790 41 peto que fué á clavársele en el corazón, muriendo valerosamente

94 489 789 43 al pié de los muros de Túnez, y cuando ya la victoria quedaba por

94 525 168 41 los cristianos.

130 554 752 43 Gran coraje entró á los cristianos por vengar la muerte de tan

92 589 788 38 esforzado monarca, y arremetiendo con sin igual furia sobre los

92 623 788 35 infieles, cayeron sobre ellos con tal ardor que los desconcertaron

91 656 787 37 por completo, y al fin se vió tremolar sobre el muro de Túnez defi-

90 685 788 38 nitivamente la gloriosa enseña de la Cruz. Despues de tomada la

90 720 787 36 ciudad hiciéronse grandes honores al cadáver del heróico rey de

90 749 785 40 Francia, haciéndole la guardia soldados de todos los paises cristia-

90 785 453 34 nos que habían acudido á las cruzadas.

125 815 748 41 Algunos días despues de la toma de Túnez llegaron los correos

88 849 785 39 de Europa y entre ellos recibió el conde de Provenza los pliegos de

90 883 783 39 su madre la condesa, en que se le participaba la mala nueva de los

87 916 785 40 amores de Adalmira con el viejo servidor, á quién el conde había

88 947 782 41 confiado su guarda. Gran pesar y enojo recibió en ello el conde;

86 979 784 44 pero pasado el primer momento de coraje, reflexionó que aquello

86 1013 784 36 debía ser levantado en ódio á Adalmira, pues el criado era dema-

88 1045 781 40 siado viejo é infimo de condición y sobrado leal para atreverse á

85 1080 783 40 tan ruín proceder, y Adalmira era demasiado honesta y digna para

85 1114 782 36 hacer traición á su esposo. Había además la circunstancia de que

83 1144 781 35 Adalmira no había sido nunca estimada por la condesa su madre,

84 1176 780 41 y como los pliegos venían escritos de su misma mano, el conde re-

83 1211 397 32 celó que envolvían algun engaño.

122 1237 742 43 Terminada que fué de allí á pocos días la guerra, el conde de-

83 1271 781 40 legó su autoridad real interina sobre el más bravo de los generales

82 1305 780 40 húngaros, y despues de dar sus disposiciones para el regreso de las

82 1335 779 41 tropas, se volvió á Marsella á toda prisa en postas aceleradas, don-

79 1366 783 41 de supo el triste destino de Adalmira y la negra suerte del viejo

80 1398 777 52 criado, al cual sacó de su prisión, así como al noble perro, los cua-
