1141 1597
501 108 99 36 —9—

153 156 782 26 convenentemente en su palacio, dándole los mejores aposentos de

153 174 780 39 su castillo para que allí viviese como correspondía á su noble ran-

149 208 784 41 go, y poniendo á sus órdenes la servidumbre necesaria de donce-

151 239 781 40 llas y criadas que la cuidasen, y mandando que al perro que tanto

153 272 778 37 había contribuido á la salvación de la joven, se le señalase una ra-

150 307 781 40 ción extraordinaria como premio á su heroismo, y se le pusiese un

150 337 779 41 collar de plata con un letrero en que se hacían constar sus méritos.

187 373 742 36 El noble conde de Provenza sintió nacer en su corazón por

150 401 779 43 Adalmira un sentimiento de admiración, que poco á poco se fué

149 432 780 44 convirtiendo en amor, de tal manera, que su pasión le quitaba el

149 466 782 44 sueño y andaba meditabundo y cabizbajo entregado á sus amorosos

150 498 778 43 pensamientos. No pudiendo sustraerse á su pasión, mandó caballe-

148 529 779 43 ros á la corte del rey Clotaldo, con encargo de averiguar todos los

149 562 778 43 extremos de la historia de Adalmira, y que en el caso de que resul-

148 597 779 39 tasen ciertos, se presentaran al rey y se la pidiesen para esposa

147 630 781 40 suya. Partieron los caballeros con el encargo, y entre tanto el conde

149 660 778 39 participó á su madre lo que pasaba y el amor que por Adalmira

146 692 781 41 encerraba su pecho; pero aquella orgullosa señora, lejos de aplaudir

145 730 781 31 el caballeroso sentimiento de su hijo el conde, le apostrofó por

144 755 782 43 haber descendido hasta el extremo de enamorarse de una aventu-

146 788 779 38 rera, pues por tal tenía á la pobre princesa Adalmira, y no solo re-

144 823 781 38 probó sus proyectos, sinó que le amenazó con maldecirle si persistía

142 856 780 35 en ellos. Aterrado quedó el conde ante la amenaza de su madre,

141 887 782 40 pero no por eso desistió de sus propósitos, antes al contrario, se

139 920 786 37 afirmó más y más en ellos, y mandando recado á Adalmira de que

137 953 787 37 quería hablarla, le pidió una cita, que le fué concedida por la bella

138 982 784 41 joven con el mayor agrado. El conde todo turbado refirió á Adalmi-

137 1017 785 40 ra el amor que devoraba su pecho, y ella toda confundida de gratitud

137 1047 785 43 rompió á llorar de alegría, pues tambien amaba con locura al conde

134 1081 786 37 de Provenza, pero juzgando que su pasión por él era un sueño

135 1113 761 43 irrealizable, había sufrido en silencio las torturas de su corazón.

173 1145 747 43 Mucha alegría causó al conde el descubrimiento del amor de

132 1178 788 38 Adalmira, pero para no entristecerla le ocultó las amenazas de su

132 1211 788 43 madre y le prometió que sería su esposa. Adalmira se lo agradeció

133 1246 788 42 mucho y dijo que se consideraba indigna de tal merced, pero el

130 1275 789 46 conde no le consintió que así lo creyese, puesto que era hija de

129 1308 790 44 Clotaldo y corría por sus venas la sangre de los ilustres reyes de

130 1346 789 39 Hungría. Fué creciendo más y más el amor de estos ilustres jóve-

130 1373 788 44 nes y la más grande felicidad inundaba sus corazones. Adalmira no

131 1408 784 46 cesaba de dar gracias á Dios por el inmenso bien que la hacía de-

621 1439 124 41 HUNGRÍA.—2
