1860 2629
265 368 421 68 porque el ruido sonoro

264 417 500 64 de doblones es tan bueno...

267 468 421 54 él está de bienes lleno

265 511 455 60 y todo le es de contento,

265 555 522 65 pues con mejicano ungüento

263 601 439 62 con él se goza lo ageno.

305 645 500 70 En fin la plata es graciosa,

267 693 592 67 porque el que la tiene, es cierto

977 369 538 75 que consigue con su intento,

978 425 484 61 si quiere, muger hermosa;

977 468 403 68 bebida muy deleitosa,

977 519 412 52 refrescos de buen olor,

976 560 413 56 frutas de mejor sabor,

977 606 447 61 vestidos muy esquisitos,

976 652 435 66 logra al fin sus apetitos,

973 695 390 76 y prueba de lo mejor.

287 741 1334 100 TROVOS NUEVOS PARA CANTAR LOS GALANES A LAS DAMAS.

306 836 510 49 Las mugeres de estos tiempos

256 876 507 59 las acomparo á las medias,

256 915 507 68 que en aflojandose un punto

261 969 457 59 todas se van de carrera.

306 1010 431 60 Asesinatos sangrientos,

255 1058 477 57 robos, muertes, traicion,

257 1102 483 63 riñas y amancebamientos

257 1149 404 60 la causa principal son

256 1185 491 68 las mugeres de estos tiempos.

296 1237 425 59 Entre toros y comedias

255 1285 452 60 suele el punto flojear,

258 1327 472 68 ellas callan sus tragedias

261 1378 449 57 y yo por no murmurar

252 1413 480 70 las acomparo á las medias.

300 1459 535 63 No quisiera en este asunto

252 1513 411 58 á las damas agraviar,

251 1555 466 54 callaré como un difunto,

249 1603 485 59 que son como el trafalgar,

247 1647 540 64 que en aflojándose un punto....

300 1691 445 58 Eva por ser la primera,

252 1738 534 65 ya perdió el género humano,

254 1785 511 64 y las demás con cualquiera,

248 1835 501 54 que en untándolas la mano

248 1876 448 59 todas se van de carrera.

296 1923 468 57 Una y mil veces mal haya

241 1960 504 73 quien con muger se metiere;

243 2015 353 57 sino pasar y picar

243 2057 415 65 y venga lo que viniere.

289 2094 507 81 Tengo aseguro que la baya

249 2147 402 62 á mí no me la darian,

243 2184 515 70 huye de ellas, mira y calla,

241 2239 517 56 que el que de muger se fia

241 2278 485 61 una y mil veces mal haya.

291 2322 467 63 Una y mil penas adquiere

243 2374 502 60 quien de ellas llega á fiarse,

245 2416 478 77 su libertad perder quiere,

974 842 495 60 y cautivo vendrá á hallarse

973 880 482 62 quien con muger se metiere.

1018 927 441 63 Mi consejo has de tomar.

973 963 426 75 lógrala si puedes luego,

974 1016 506 67 y al punto te has de apartar,

970 1070 491 54 no te embobes como necio,

965 1108 344 61 sino pasar y picar.

1017 1145 349 68 Y si se reconociere

960 1196 417 63 ó se sintiera agraviada

965 1237 412 68 y á tí la culpa te diera,

960 1290 388 55 envíala en horamala

960 1329 417 75 y venga lo que viniere

999 1378 485 62 Si me quieren correspondo,

949 1428 435 61 sino, no me dá cuidado,

960 1467 485 86 amor no me quita el sueño,

958 1518 410 61 nunca he sido porfiado.

1000 1557 515 59 Como es el mundo redondo

956 1608 496 57 á nada le muestro aprecio,

954 1649 498 64 si me preguntan respondo,

954 1695 498 68 si me desprecian desprecio,

954 1746 498 59 si me quieren correspondo.

995 1790 505 66 Cuando de amor he tratado,

952 1831 411 66 con desconfianza vivo,

957 1876 431 70 yo por no ser porfiado,

952 1923 402 69 si me lo dan lo recibo,

955 1973 431 64 sino, no me dá cuidado.

995 2008 520 64 De esto el mundo dá diseño

954 2063 457 60 en las edades tempranas,

958 2107 465 64 yo por nadie me despeño,

954 2151 489 70 yo cómo y bebo con ganas,

945 2205 483 51 amor no me quita el sueño.

992 2243 454 71 Nunca á nadie he rógado,

930 2288 474 66 ni en tal espejo se vieran,

951 2333 487 63 mi amor ha sido estimado:

938 2385 483 62 pero para que me quieran

943 2429 441 77 nunca he sido porfiado.

296 2506 1267 90 Madrid: 1853. Imprenta de José Marés, calle de Relatores, núm. 17.
