1860 2629
166.0 293.0 511.0 92.0 ni 'ls valgués lo nou istil

157.0 368.0 417.0 67.0 del matrimoñi civil.

164.0 416.0 480.0 61.0 Mireuse be 'ls resultats

157.0 464.0 612.0 72.0 al poch temps que son casats.

162.0 503.0 561.0 64.0 Y si a cás tenen criaturas...

157.0 541.0 630.0 76.0 ¡San Blay, quinas amarguras !!

160.0 600.0 579.0 61.0 tan goig que feyan fadrinas,

157.0 639.0 604.0 66.0 y después, semblan tunyinas,

155.0 681.0 601.0 72.0 no 's pantinan, tot son polls;

157.0 725.0 573.0 72.0 lus surten deu mil penjolls.

155.0 766.0 503.0 79.0 Fadrinas anavan macas,

157.0 828.0 503.0 57.0 y ara tot ellas son tacas.

151.0 865.0 487.0 63.0 Las sabatetas ab flochs

155.0 902.0 660.0 79.0 se han tornat garrichs garrochs,

155.0 959.0 555.0 59.0 son pit que era ben format

153.0 996.0 509.0 68.0 lo veureu tot desbrotxat,

155.0 1034.0 617.0 83.0 tan monas que eran sas caras,

155.0 1086.0 518.0 70.0 y ara brutas de mascaras

155.0 1139.0 454.0 57.0 veureu al pobre marit

151.0 1172.0 509.0 76.0 que 's veu tot repenedit:

157.0 1229.0 417.0 50.0 no para de blasfemá

153.0 1259.0 456.0 62.0 del dia que 's va casá.

155.0 1303.0 503.0 64.0 de qui li va da entenent,

151.0 1358.0 544.0 61.0 de formá aquell casament;

153.0 1406.0 485.0 61.0 y apurat fins dal al coll

151.0 1448.0 463.0 61.0 no para may lo suróll.

149.0 1474.0 590.0 77.0 Lo mes dolen y 'l mes plagá

146.0 1535.0 604.0 75.0 en cuan ell se queda en vaga,

151.0 1583.0 421.0 62.0 y la quitxalla vol pá

146.0 1612.0 487.0 79.0 y no 'ls hi poden doná.

153.0 1654.0 553.0 70.0 Vaiga: ¿No ya matrimonis?

149.0 1702.0 585.0 76.0 Lo que es avúy: francament,

146.0 1757.0 549.0 65.0 ho sento di en molta gent,

144.0 1798.0 643.0 66.0 que hasta el que está ben casat

146.0 1844.0 584.0 68.0 li sembla que está enganyat.

151.0 1884.0 664.0 74.0 Y ara us vull fe una altre gracia:

149.0 1934.0 522.0 57.0 parlém de la aristocracia.

149.0 1969.0 691.0 75.0 De aquets que 'n diuhen los richs

146.0 2030.0 588.0 57.0 que sempre son tan bonichs,

142.0 2072.0 643.0 64.0 que van tots plens de postisus.

144.0 2109.0 665.0 77.0 ¿Que us penseu que son felisus?

146.0 2162.0 573.0 72.0 Ca barret, ca noy, ni mena;

151.0 2203.0 463.0 62.0 ja passan la seva pena

144.0 2241.0 575.0 98.0 Com que forman casaments

1037.0 300.0 669.0 105.0 perque 'le pervingvin mes bens,

1041.0 376.0 509.0 73.0 en fí, ya sabeu lo que és

1039.0 429.0 454.0 59.0 casarse per lo interés.

1039.0 457.0 535.0 79.0 Molts se casan ab tal sort

1039.0 519.0 498.0 65.0 sense sabé que es amor.

1039.0 560.0 531.0 75.0 Ni que tingan tans dinés,

1041.0 615.0 582.0 64.0 tenen cuestions de alló mes.

1039.0 666.0 577.0 56.0 No si posan pochs de tiesus

1039.0 714.0 588.0 52.0 cuan es cuestió de interesus.

1044.0 751.0 427.0 70.0 Tenin tan de dineral

1039.0 799.0 575.0 59.0 tan sols per valor de un ral,

1039.0 839.0 474.0 61.0 una senyora mol curra

1039.0 889.0 509.0 59.0 se deixá pega una surra.

1041.0 928.0 601.0 71.0 ¡Valgam Déu y santa Clara..

1046.0 985.0 509.0 68.0 quina dona mes avara...!

1048.0 1023.0 550.0 61.0 Y, cregueume, que 'n tenía

1039.0 1069.0 439.0 57.0 de música y sinfonía.

1044.0 1110.0 508.0 66.0 Y per cuestió de amorios

1037.0 1150.0 577.0 63.0 los senyors, ja son bons fios

1037.0 1200.0 627.0 75.0 Ja mols de élls si no hu sabeu,

1041.0 1261.0 544.0 49.0 no están contens ab lo seu.

1039.0 1290.0 581.0 77.0 També ja 'ls seus embulichs

1037.0 1338.0 537.0 64.0 fen veure que son amichs.

1037.0 1384.0 509.0 66.0 Jo se que alguna vegada

1039.0 1434.0 524.0 64.0 també corra la trompada,

1035.0 1476.0 557.0 61.0 y al véurels tan ben posats

1033.0 1520.0 563.0 74.0 diréu que no trencan plats.

1033.0 1564.0 603.0 92.0 Y ellas tan serias y ufanas...

1030.0 1625.0 498.0 57.0 y no ja pas tantas ranas

1030.0 1665.0 498.0 61.0 com ellas fan en un any

1028.0 1711.0 516.0 59.0 a las voras de un estany;

1030.0 1752.0 533.0 66.0 de modu, que 'l mon está

1030.0 1803.0 470.0 65.0 casi a punt de rebentá,

1030.0 1840.0 564.0 70.0 y un día fará un estruendo,

1033.0 1884.0 572.0 76.0 tan terrible y tan tremendo,

1030.0 1938.0 527.0 53.0 que no quedará ni un gat

1033.0 1973.0 535.0 71.0 que no quedi esquelebrat.

1033.0 2024.0 484.0 52.0 Sols quedará vensedora

1028.0 2061.0 450.0 66.0 aquesta gran estisora,

1028.0 2109.0 386.0 64.0 pera pugué retallá

1026.0 2147.0 535.0 78.0 an aquell que se escapará.

1028.0 2208.0 498.0 68.0 Perdoneume si aixó cou

1028.0 2252.0 478.0 79.0 per avuy ja ni ha prou.

890.0 2306.0 99.0 101.0 FÍ

662.0 2425.0 553.0 85.0 Imps. Hospital, 19, (El Abanico)
