1753 2480
35.0 148.0 479.0 50.0 pues pera pogué menjá

39.0 192.0 488.0 56.0 vinch aquí á baladrejá.

31.0 235.0 508.0 56.0 com no vull mal á ningú

33.0 274.0 535.0 69.0 me agrada parlá ab comú:

31.0 320.0 514.0 58.0 Si ab aixó tots y ballém,

31.0 355.0 566.0 72.0 com mes serém mes riurém

35.0 407.0 531.0 60.0 Ya sabeu que home de bé

26.0 456.0 517.0 60.0 no ni ha cap de verdadé,

28.0 496.0 600.0 64.0 qui no te una falta 'n te dos;

26.0 541.0 598.0 70.0 si es rich, potsé no es piadós

26.0 589.0 492.0 68.0 ó de la miseria 's enriu

28.0 630.0 404.0 72.0 per no se caritatiu,

26.0 671.0 631.0 70.0 ó 's creu que al mon ha vingut

26.0 721.0 468.0 62.0 pera se un rey absolut,

24.0 762.0 492.0 70.0 ó desendeix de una pell

26.0 822.0 494.0 50.0 que ningú la te com ell.

28.0 839.0 573.0 78.0 Y anquets lus pasa una cosa

24.0 899.0 587.0 62.0 que tutom luegu 'ls fa nosa:

26.0 946.0 705.0 83.0 pues que no hu prenguin en riure

26.0 996.0 633.0 66.0 que sens altres no 's pot viure,

24.0 1033.0 457.0 68.0 y ha de contá de segú

24.0 1082.0 612.0 62.0 que un home sol no es ningú,

26.0 1130.0 544.0 60.0 perque aquell que no fa ré

24.0 1169.0 496.0 60.0 los altres tot li an de fé,

24.0 1209.0 391.0 66.0 y si ningú re li fes

24.0 1252.0 414.0 60.0 podria menjá dinés.

24.0 1304.0 519.0 53.0 Lo treball es lo que dona

22.0 1345.0 494.0 62.0 lo sustento a la persona

28.0 1384.0 459.0 64.0 ¡Ya estariam arreglats

24.0 1436.0 453.0 56.0 si tots estesim parats!

26.0 1473.0 461.0 68.0 Ya seríam ben amichs

24.0 1514.0 598.0 77.0 si acás tots fosim ben richs...

24.0 1570.0 461.0 54.0 Com ningú treballaria

24.0 1605.0 428.0 69.0 de teca no ni hauria,

22.0 1661.0 399.0 48.0 ni roba pera vestir.

24.0 1696.0 488.0 71.0 Ya fora un cas ben felis

22.0 1744.0 505.0 64.0 lo veure a tothom nuhet

26.0 1785.0 447.0 66.0 y tremolán si fes fret.

26.0 1835.0 563.0 58.0 Que se 't veu alguna cosa...

26.0 1874.0 455.0 70.0 que ti parin una llosa,

22.0 1913.0 560.0 77.0 y aquell que 'l agafa es seu

20.0 1965.0 523.0 64.0 segons va dir San Mateu.

22.0 2004.0 577.0 66.0 De casas tampoch ni hauria!

22.0 2052.0 581.0 72.0 ¿donchs y al día que plouria

20.0 2108.0 422.0 57.0 ó nevaría ó fes vent?

20.0 2134.0 525.0 85.0 sense un piset ben calent,

22.0 2190.0 445.0 66.0 no ho podriam resistí

24.0 2234.0 465.0 140.0 y 'ns hauríam de morí.

915.0 148.0 544.0 69.0 Esteu ben desprehocupats,

919.0 190.0 486.0 60.0 que las grans necesitats

917.0 235.0 478.0 60.0 no las podém dispensá,

913.0 274.0 515.0 62.0 y aixi se han de respectá.

917.0 316.0 563.0 64.0 Ya veyeu, la rahó 'm sobra:

911.0 361.0 624.0 68.0 ya que un es rich, laltre pobre

915.0 417.0 482.0 58.0 y 'l mon avuy está així,

911.0 452.0 478.0 58.0 al que 'l te de mantení

915.0 498.0 610.0 64.0 que 'l tractin ab més cordura;

936.0 545.0 560.0 68.0 que avuy, tan sols amargura

924.0 584.0 403.0 62.0 donan sense posá fé

907.0 632.0 600.0 70.0 á 'n aquell que tot ho manté.

909.0 677.0 535.0 62.0 Los que no treballan gens

911.0 729.0 544.0 56.0 prenen molt bons alimens,

921.0 768.0 441.0 60.0 y 'l que te de treballá

907.0 812.0 542.0 66.0 ab prou feynas pot menjá.

915.0 865.0 494.0 50.0 Aixó es lo mon al revés;

907.0 896.0 568.0 67.0 perque aquell que no fa rés

907.0 944.0 591.0 68.0 ab poch menjá ja 'n te prou;

911.0 989.0 680.0 75.0 mentres que ara 's menja un bou

915.0 1039.0 470.0 60.0 y l' infeliz que treballa

913.0 1085.0 478.0 59.0 se te de menjá la palla;

917.0 1118.0 621.0 74.0 y 'ls diuhen que son contraris,

911.0 1173.0 463.0 54.0 que son revolusionaris

911.0 1223.0 540.0 45.0 que son cafres desentesus:

911.0 1256.0 606.0 66.0 Aixó hu diuhen los burgesus,

907.0 1299.0 504.0 65.0 y es clá, lo pobre apurat

905.0 1339.0 550.0 72.0 tan vé, que fa un disbarat.

907.0 1386.0 587.0 64.0 Las lleys claras ¿quinas son?

903.0 1438.0 566.0 60.0 que tots em vingut al mon,

907.0 1481.0 622.0 62.0 tant los richs com los pobrets,

907.0 1527.0 500.0 56.0 tots varem naixe nuhets:

907.0 1564.0 649.0 83.0 ¿pues perque no ya drets iguals

907.0 1609.0 500.0 65.0 havent nascut racionals?

907.0 1653.0 560.0 58.0 Un que sempre ha treballat

905.0 1692.0 523.0 66.0 ne tingui de aná á soldat.

911.0 1750.0 560.0 54.0 ¡Y aquell que may ha fet re

907.0 1789.0 482.0 62.0 se 'n escapi tan lleujé!!!

905.0 1829.0 593.0 70.0 ¡Que es trist, rahó ó no rahó

907.0 1876.0 519.0 64.0 vagi 'l pobre á la presó...!

905.0 1926.0 496.0 64.0 Pero sabeu y entengueu

903.0 1957.0 616.0 80.0 que y aurá un castich de Déu.

905.0 2012.0 570.0 65.0 Déu va dí:.. siguéu jermans

905.0 2066.0 500.0 56.0 y que may y aigi tirans;

903.0 2110.0 446.0 49.0 ab tota l' anima y cor

903.0 2153.0 527.0 60.0 porteuse tots gran amor...

903.0 2188.0 405.0 62.0 poro si, ja avisarán.

905.0 2234.0 428.0 122.0 ya podeu aná xiulán:
