1860 2629
930 238 197 110 — 4 —

359 325 384 67 Ellas creen presentarme

359 370 465 63 Con su platica un gran terno,

357 403 414 62 Para pasar buen invierno,

360 438 383 60 Yme ofrecen la casaca,

355 473 388 54 Poro yo les doy matraca

355 505 460 61 Diciendo que huele á cuerno

385 547 409 50 Por no querer ser casado

352 573 457 68 Me veo en tan grande apuro,

350 614 371 56 Que no me creo seguro

350 645 418 72 En desierto ni en poblado;

350 683 339 58 El dia menos pensado

350 717 431 64 Van aponerme un cencerro,

352 756 409 56 Y van á ver de un becerro

347 788 408 62 El manso mas consumado

344 825 405 54 Por las bacas dominado,

344 860 458 63 Si no quiero entrar al hierro.

374 898 447 60 De que sirve el tapa-rabos

341 925 391 60 Ni del yugo los enseres;

340 966 431 59 En donde van las mugeres

338 1001 436 54 A dos tres como los nabos;

337 1038 414 60 Hasta los mismos casados

337 1072 338 54 Si tocára la campana

337 1111 355 53 A descasarse mañana,

336 1142 382 54 Los mas se descasarian

336 1181 396 54 ¡Cuantos como yo serian.

333 1218 390 54 Solteros de buena gana!

363 1253 414 49 Piensan tratar las ladinas

330 1277 368 60 Con algun niño de teta,

328 1314 487 66 No hay mas que ir con carreta

327 1356 424 57 Coronado y no de espinas,

327 1386 397 55 Huyendo de las esquinas

325 1424 442 51 Como si un hombre tuviera

325 1454 333 53 Poblada su calavera;

325 1489 439 60 Mejor me encuentro soltero

324 1526 450 54 Niñas, que llevar no quiero

322 1559 434 56 De San Marcos la bandera.

362 1602 437 67 Si me egañais os perdono,

324 1623 375 96 Y os regalo una palisa,

1151 351 418 53 Yo con vosotras ni á misa

1144 388 473 61 Quiero ir que vaya un mono,

1142 425 441 56 Os quereis dar mucho tono

1146 457 367 52 Y no valeis un cigarro;

1138 492 442 57 Casarme, ¡que dispinfarro!

1139 531 478 56 Aunque me ofrecierais gloria

1139 569 358 45 Antes rodar una noria

1129 589 548 74 Que uncirme á mi á vuestro carro.

1173 635 442 60 Vuestra falta. con mi sobra

1135 667 371 54 Repararé, y entretanto

1136 702 421 54 Vereis como sin ser santo

1132 740 361 44 El soltero fama cobra;

1132 774 394 49 A fe que nunca recobra

1129 807 408 53 La suya el pobre mar ido,

1129 842 443 56 Que la desgracia ha tenido

1129 879 408 45 De creerse de doncellas:

1127 911 421 54 El cual parece entre ellas

1127 944 404 53 Un siervo recien nacido.

1127 982 407 49 Por mi parte los casados

1126 1018 378 48 No sufrirán vejacion es,

1125 1050 479 57 Que en donde sobran doblones

1123 1086 424 53 No faltan buenos boca dos,

1125 1124 429 53 Bien sean crudos ò asa dos,

1126 1159 362 47 De palomas y perdices

1125 1191 379 50 Estoy hasta las narices;

1126 1226 468 53 Si me caso tendré un cuerno,

1123 1267 433 48 O dos ó tres, ó un infierno,

1122 1301 399 50 Un enjambre tu lo dices.

1154 1333 397 51 A la vista de este espejo

1122 1370 393 45 Yo no puedo aconsejarte

1122 1403 365 51 Si debes ò no casarte,

1119 1443 368 45 A tu discrecion lo dejo,

1117 1475 370 48 Para seguir mi consejo

1117 1502 436 56 Has de ahogar en su cuna,

1116 1545 374 45 Si tienes pasion alguna

1116 1571 429 60 llas de asistir á sus bodas,

1116 1615 419 54 Has de festejar con todas,

1119 1651 368 65 Y casarte con ninguna.

917 1923 135 82 FIN.

1376 1681 247 86 (Es propiedad.)

1057 2111 511 191 Imp. de P. Fallá.
