1860 2629
462.0 1213.0 908.0 147.0 NUEVO EJEMPLAR

254.0 1353.0 1307.0 156.0 sobre partidos de votaciones y otros asuntos de

721.0 1500.0 257.0 110.0 diversion.

250.0 1643.0 427.0 76.0 Señores estenme atentos

206.0 1695.0 421.0 68.0 que si quereis escuchar

214.0 1739.0 430.0 77.0 voy à esplicar los edictos

214.0 1776.0 465.0 81.0 qu e contiene mi ejemplar.

258.0 1824.0 448.0 73.0 De muy distintos asuntos

214.0 1868.0 496.0 77.0 que á muchos ha da gustar,

217.0 1921.0 441.0 70.0 muy divertido y moderno

217.0 1956.0 456.0 83.0 de lo que pasa en España

221.0 2002.0 467.0 81.0 con elecciones de govierno

225.0 2050.0 454.0 70.0 que nunca se desengañan;

232.0 2098.0 443.0 75.0 y por eso no incomodarse

230.0 2138.0 452.0 72.0 que yo no digo cosa mala

234.0 2186.0 430.0 70.0 porque yo no cito partes

232.0 2223.0 498.0 110.0 ni digo quien pierde ò gana;

1028.0 1621.0 467.0 74.0 yo no mas digo el sentido

1028.0 1665.0 456.0 76.0 de lo que pasa en España

1030.0 1708.0 441.0 81.0 con partidos y opiniones

1035.0 1759.0 408.0 61.0 que todo es una farsa,

1037.0 1781.0 491.0 87.0 siempre estan en reuniones

1037.0 1840.0 469.0 72.0 buscando votos sin tiento,

1041.0 1884.0 371.0 76.0 unos si ganará Juan

1039.0 1916.0 448.0 92.0 otros que ganarà Pedro,

1048.0 1969.0 456.0 72.0 si unos matan una oveja

1052.0 2017.0 446.0 73.0 otros matan un carnero;

1050.0 2068.0 399.0 68.0 no piensan en trabajar

1055.0 2092.0 497.0 90.0 no mas comiendo y bebiendo

1059.0 2153.0 371.0 79.0 y mugeres y familias

1057.0 2186.0 463.0 112.0 en casa estan padeciendo.
