1753 2480
165.0 138.0 529.0 91.0 corriendo puso el caldero,

165.0 204.0 529.0 64.0 corriendo calentó el agua,

161.0 250.0 539.0 68.0 corriendo sudó al infante,

165.0 307.0 490.0 60.0 corriendo le remudaba,

167.0 345.0 492.0 68.0 corriendo trajo la miel,

169.0 400.0 506.0 58.0 corriendo la sarten saca,

165.0 442.0 537.0 66.0 corriendo hizo las torrijas,

171.0 496.0 587.0 62.0 corriendo se las dió á Juana.

169.0 535.0 509.0 68.0 Cuando pensó descansar

169.0 589.0 568.0 64.0 comenzó á bramar la vaca:

167.0 632.0 498.0 66.0 corriendo se va al corral

171.0 682.0 546.0 70.0 y vió que pariendo estaba,

165.0 727.0 467.0 79.0 asistióla al fin al parto

173.0 787.0 405.0 66.0 y la dejó asegurada.

167.0 828.0 496.0 62.0 A las ocho nada menos,

171.0 880.0 504.0 62.0 la yegua que relinchaba,

171.0 925.0 618.0 67.0 fue corriendo como un galgo

177.0 975.0 511.0 64.0 por ver en lo que paraba,

169.0 1016.0 490.0 64.0 sin tener lugar siquiera

173.0 1072.0 511.0 60.0 de rascarse las espaldas,

171.0 1120.0 467.0 55.0 á donde tuvo tambien

173.0 1155.0 596.0 70.0 que arremangarse las faldas,

175.0 1215.0 523.0 60.0 la cual pariendo un mulo

177.0 1260.0 623.0 62.0 la yegua echada en la cuadra.

177.0 1310.0 527.0 62.0 la asistió tambien al parto

175.0 1351.0 511.0 77.0 y la echó paja y cebada,

177.0 1401.0 364.0 62.0 y por si tenia sed

177.0 1448.0 509.0 66.0 la trajo un cubo de agua.

177.0 1500.0 498.0 64.0 Cuando pensó descansar

179.0 1547.0 527.0 69.0 que quiere volver á Juana

177.0 1591.0 503.0 68.0 oyó en medio del portal

179.0 1645.0 488.0 66.0 la burra que rebuznaba,

179.0 1696.0 414.0 62.0 y metia mas ruido

177.0 1733.0 509.0 67.0 que si un lobo la matára:

181.0 1787.0 445.0 62.0 aqui Marcos comenzó

181.0 1837.0 468.0 70.0 á decir estas palabras:

181.0 1882.0 621.0 73.0 ¿qué haya quien quiera casarse

183.0 1928.0 497.0 72.0 para verse de esta traza?

183.0 1986.0 507.0 53.0 á las nueve cuatro partos

181.0 2029.0 511.0 56.0 he tenido yo en mi casa:

186.0 2070.0 603.0 66.0 vive Dios, que esto va malo;

190.0 2120.0 556.0 107.0 pasó aunque de mala gana

874.0 142.0 552.0 68.0 tambien á asistir á la burra

876.0 192.0 564.0 76.0 con gran prontitud y maña,

880.0 245.0 527.0 71.0 la cual le parió un pollino

880.0 295.0 536.0 68.0 que tiene una pata blanca.

882.0 357.0 492.0 43.0 En fin salió del establo,

880.0 378.0 449.0 76.0 y berreando la cabra,

882.0 425.0 531.0 77.0 ya la paciencia de Marcos

884.0 479.0 463.0 74.0 muy apurada se halla,

886.0 524.0 552.0 75.0 pues le fue fuerza tambien

882.0 574.0 523.0 77.0 ahijar el chivo á la cabra,

886.0 626.0 447.0 74.0 y sacarla los calostres

886.0 671.0 544.0 79.0 para que almorzára Juana:

886.0 719.0 496.0 74.0 metióla en el chivatero,

886.0 777.0 478.0 60.0 y gruñendo la marrana

886.0 816.0 523.0 72.0 fue corriendo á la pocilga

888.0 874.0 532.0 64.0 y vió que pariendo estaba

886.0 921.0 544.0 68.0 catorce ó quince marranos

893.0 965.0 444.0 66.0 todos en una camada,

888.0 1016.0 455.0 64.0 pero tambien asegura

890.0 1058.0 523.0 70.0 que como diez dias hagan

890.0 1105.0 449.0 75.0 ha de comer la mitad

893.0 1163.0 523.0 64.0 de los marranos que para,

897.0 1213.0 514.0 62.0 y porque no se murieran,

895.0 1262.0 535.0 58.0 parteó tambien la marrana.

890.0 1297.0 492.0 77.0 En fin, cerró la pocilga,

897.0 1357.0 432.0 62.0 y maullando la gata,

893.0 1399.0 394.0 62.0 metia tanto ruido,

895.0 1450.0 471.0 62.0 que parece la mataban;

895.0 1494.0 432.0 70.0 y como sabia Marcos

897.0 1541.0 508.0 64.0 que está la gata preñada,

895.0 1599.0 510.0 56.0 dice: otro parto tenemos

890.0 1634.0 557.0 73.0 con mil demonios, en casa,

899.0 1694.0 455.0 60.0 y por salir de la duda

890.0 1729.0 559.0 75.0 fué al sobrado y vió la gata

897.0 1783.0 512.0 66.0 que en un esporton tenia

899.0 1841.0 444.0 54.0 de gatos una manada;

897.0 1886.0 481.0 64.0 contólos, vió que habia

901.0 1930.0 440.0 66.0 seis gatos y una gata.

895.0 1975.0 405.0 66.0 Al bajar la escalera

903.0 2025.0 442.0 64.0 en el pajar de la casa,

905.0 2083.0 500.0 53.0 oyó Marcos que tambien

905.0 2120.0 446.0 76.0 la perra refunfuñaba:
