1085 1584
489 78 100 39 —21—

132 130 794 32 temente se dirigian hacia el punto donde aquel estaba resguar-

138 143 89 36 dado.

134 171 794 48 Esta noticia desconcertaba por completo los planes de los

133 201 793 45 piratas, y todos comprendieron que en vez de gastar el tiem-

132 232 796 46 po en inútiles reconvenciones y disputas, lo que convenia era

138 261 788 47 tomar al punto una determinacion que los sacase de la terri-

133 290 793 47 ble situacion en que se encontraban. Entre aquella clase de

136 321 787 45 gente airada y decidida no tardó en tomarse una resolucion.

133 349 792 48 Todos se dispusieron á desembarcar, dejando, puesto que el

131 382 793 46 sitio era seguro, unos diez ó doce hombres en el Milano y en

132 410 789 46 el navío San Pablo para custodiar los prisioneros españoles, y

133 441 789 44 formando todos una columna para combatir á los soldados. Se

132 469 788 49 convino además que, una vez rescatado el codiciado tesoro,

133 499 789 48 éste se repartiria al momento entre los piratas, y Juan Ojen-

133 530 788 45 kan y Pedro Lemoige armaron más de noventa hombres y

132 561 790 46 desembarcaron en la vecina playa, dejando los buques que les

133 591 789 45 servian de refugio y penetrando en el bosque en donde existia

132 618 266 40 escondido el tesoro.

158 646 764 47 Despues de dos horas de penosa marcha y de caminar con

131 677 791 45 las precauciones debidas, llegaron al sitio donde se encontraba

132 708 788 47 la choza del tesoro, y entonces ¡oh desencanto! ¡oh desespera-

130 737 789 46 cion! tropezaron con la más triste realidad que podian esperar.

131 768 791 42 El tesoro ya no estaoa allí: los españoles lo habian sacado del

129 797 791 46 fondo de la choza y solo vieron los troncos y piedras que lo

129 831 792 40 ocultaban esparcidos en todas direcciones. Comprendió enton-

129 858 790 44 ces Ojenkan su imprudencia, pues solo Rosaura era la que po-

130 887 786 45 dia haber llevado á los enemigos á aquel paraje solitario, y

129 917 788 42 juró que estando cerca los españoles no se escaparian de su

128 947 790 45 furor, y respecto de la ingrata y hermosa doncella que al pa-

127 976 790 46 recer así se habia burlado de él, la entregaria á los piratas para

128 1006 787 47 que éstos, sin consideracion alguna, abusasen de su virtud y

128 1041 177 33 de su honra.

169 1064 749 48 Fácil le fué á Ojenkan seguir la pista de la tropa del oficial

125 1095 795 44 Juan de Ortega, pues ésta en efecto era la que habia rescatado

125 1127 791 40 el tesoro y volvia con él á remontar la altura del Panamá para

125 1156 790 45 esperar allí el resultado de la expedicion de Rosaura; y por

125 1185 790 45 consiguiente, la esperanza de los piratas volvió á renacer, per-

124 1216 791 43 suadidos de que no tardarian mucho tiempo en encontrar á

125 1244 789 46 los españoles. Estos, dueños ya de las riquezas que habian sido

124 1276 791 41 extraidas del navío San Pablo, se dirigieron á la salida del

125 1305 786 53 bosque, pero con rumbo distinto al que habian traido, dejando
