1033 1455
495 6 132 29 –14–

159 31 793 46 esta prometiéndole no obstante que dentro de poco la vera si velo en

160 65 794 46 el rostro ; y á pesar de que Alejo trata de acompañarla, emprende

159 101 790 43 otra vez su camino á través del campamento, llevando únicamente en

160 130 785 47 su compañia á Catalina, su doncella. Alejo se marcha tambien pro¬

159 163 733 49 fundamente conmovido por la escena que acaba de tener lugar.

190 200 762 42 Aparecen en esto el Sebastocrator Miguel, que en el drama figura

159 232 789 45 ser un medio emperador, seguido de Circon, gefe de los alanos.

159 264 790 47 Este le dice que Rojer se dirige hácia ellos y que es indispensable

157 303 792 43 acabar de una vez con semejante hombre azote de los griegos del

161 341 785 38 Asia y terror aun de sus mismos amigos. Miguel se niega á secundar

161 369 789 43 sus proyectos de venganza y le dice que toda vez que Rojer llega

156 409 794 42 con su gente preciso es que refrene el encono de sus alanos. Circon

161 440 784 41 promete hacerlo asi. Llega Rojer seguido de Berenguer de Roudor.

156 474 794 46 Roger viene á despedirse de Miguel pues segun dice debe partir para

159 512 208 40 nuovas correrías.

189 540 755 46 Miguel le agasaja y le dice que los almogávares que con él vienen,

156 577 795 43 podrán aposentarse en el campamento que hay en las afueras de la

154 612 796 40 ciudad. Roger demuestra su descontento. Berenguer, dice que los

155 646 788 40 almogávares debieran ser hospedados en la ciudad, y con la prover¬

155 679 793 40 bial franqueza catalana añade, al decirle Miguel que entre vasallos no

156 708 586 52 hay fueros y que deben obedecer á sus superiores,

337 782 439 40 «Deben ser en el premio los primeros

307 814 403 44 los que primeros son en la batalla.

305 847 406 45 Si no pusieran en tan cruda guerra

303 881 385 40 el catalan y aragonés las manos,

302 917 504 42 en cuanto espacio vuestro imperio encierra

305 945 454 44 no hallaran, vive Dios ! bastante tierra

307 982 435 48 donde poner el pié, vuestros alanos!»

184 1050 761 47 Miguel por única contestacion dice que es su voluntad que los ca¬

156 1086 787 41 talanes no entren en la ciudad, Rojer se conforma, y Berenguer cede.

159 1117 787 44 Vase Miguel y entonces Berenguer participa á Rojer los temores de que

155 1150 790 43 los catalanes se dejen arrastrar de su justísima ira ; "se les adeuda

154 1184 792 46 la paga" dice: á lo cual contesta Roger que Andrónico ha prometido

155 1218 790 44 pagar. Oh si todos fuesen como ese, dice Berenguer señalando enton¬

154 1258 785 43 ces á Alejo que hace poco ha entrado, ese no erige paga, ni botin, ese
