1753 2480
152.0 28.0 29.0 91.0 2

138.0 97.0 1236.0 76.0 Leandro. Por fin hemos llegado al lugar de mis deseos y de mis

289 157 1077 66 pesares. Si, amigo: esta es la tumba de mi querida Emilia,

283 219 1087 45 esta segun lo manifiestan los dorados caracteres que sobresa¬

283.0 256.0 1089.0 70.0 len de entre los jaspeados mármoles de su losa sepulcral.

283.0 305.0 1097.0 69.0 An! mi corazon palpita de contento al reconocerlo, al

283.0 351.0 1093.0 83.0 paso que se cubre del mas profundo dolor. Amigo: haced--

283.0 405.0 1091.0 68.0 me el favor de dejarme solo, separaos por algunos instan¬

287.0 454.0 1087.0 83.0 tes, no os lo pide un caballero sino un ámante desgra-¬

289.0 512.0 124.0 72.0 ciado.

148.0 555.0 1230.0 83.0 Sepult... Conozco vuestra afliccion y os compadezco: voy á sepa¬

285.0 609.0 1093.0 70.0 rarme al momento, desahogad vuestros pesares antes la no¬

285.0 661.0 965.0 72.0 che no obligue á retiraros de tan lúgubre morada.

148.0 710.0 1220.0 89.0 Leandro. Emilia! Emilia donde estás::: que te has hecho... por

289.0 760.0 1081.0 79.0 que no me respondes.... acaso está sofocada aquella sono¬

291.0 812.0 1081.0 80.0 ra voz que tantas veces mitigó mis enojos haciendo mas

293.0 870.0 1085.0 74.0 soportables los reveces de una suerte caprichosa ? Ah Emi¬

291.0 911.0 1091.0 72.0 lia no ecsiste.... la aurora vital que animaba los pálidos

297.0 958.0 1083.0 77.0 restos depositados bajo esta losa fria se apagó, cesó de ec¬

291.0 1014.0 1087.0 79.0 sistir; solo mi imaginacion tétrica y pesarosa puede reco¬

301.0 1066.0 1079.0 74.0 nocer en medio de mi ardiente pasion su hermoso y agra¬

301.0 1157.0 1081.0 31.0 ciado cuerpo su blanco rostro, y su pencorunee y veudevora

297.0 1167.0 1083.0 81.0 mirada, su amabilidad, su sonrisa encantadora su....  ¡Mas

299 1229 1083 56 ay ! ¿ Porque audaz profano sus gracias y sus virtudes en es¬

301 1275 1077 66 ta mancion sagrada de los mortales ? ¿ Porque no la dejo

297.0 1316.0 1090.0 85.0 en paz gozando del apacible sueño de la muerte ? No es

301.0 1374.0 1088.0 80.0 posible. Mi corazon agitado busca un consuelo en las amar¬

303.0 1419.0 1090.0 87.0 guras, y solo regando con mis lágrimas este sepulcro al

305.0 1479.0 1086.0 73.0 cual consagro mis cánticos y mis suspiros; podràn estos en¬

305.0 1533.0 1086.0 62.0 contrar algun consuelo, si es que consuelo haya para un

305.0 1568.0 1086.0 87.0 inlelz abandonado del unico objeto de sus cariños y de sus

310.0 1636.0 169.0 104.0 cuidados.
