1146 1614
451 145 88 42 — 9—

92 176 799 47 que quemaba ó echaba á pique, y en pueblecillos insignifican-

94 211 798 45 tes que asediaba y tomaba, llevándose todo cuanto en ellos

91 243 172 38 encontraba.

133 257 758 51 Tenia el navío fama de velero, y dispúsose el embarque de

92 305 796 34 un magnífico tesoro, consistente en dos millones de pesos y

92 330 795 42 sesenta mil doblones en oro, que debia llevar á España con

91 360 797 38 destino al ejército. Como el San Pablo iba perfectamente pre-

94 390 793 39 parado, no tuvieron reparo alguno en tomar pasaje en él algu-

93 421 795 39 nas familias, yendo entre ellas la bella cuanto hermosa Ro-

94 451 793 39 saura Ortega, hermana de un valiente oficial llamado Juan

95 479 790 38 Ortega, que estaba al servicio del gobernador de Costa Firme.

95 510 791 38 Preparado el viaje, se dispuso que el navío San Pablo se daria

95 541 789 40 á la vela tan luego como hiciera viento favorable; pero como

94 571 790 36 el pirata Juan Ojenkan tenia sus espías en la costa, no tardó

95 599 790 39 en saber lo que se preparaba, y al efecto, se situó en una de

95 631 790 38 las poco conocidas ensenadas del istmo de Panamá, atracando

95 659 789 43 us bergantin en un punto del que podia acechar sin ser

96 689 78 35 visto.

139 711 745 43 Despidiéronse los pasajeros del navío San Pablo de sus

95 750 788 39 amigos y parientes con lágrimas en los ojos, no siendo la que

95 784 789 30 menos lloraba la hermosa é interesante Rosaura Ortega al dar

95 807 788 35 el último abrazo á su hermano D. Juan, y despues de los en-

94 836 789 42 cargos necesarios hechos por el gobernador de Costa Firme al

94 867 788 40 capitan y al piloto del navío, éste levó anclas, y disparando los

95 898 786 33 cañonazos de despedida se hizo al mar, dirigiendo la proa

96 927 785 39 hácia el Oriente, en donde estaba el término de su expedicion.

95 956 788 41 Los tres primeros dias de marcha todo caminó felizmente, la

94 986 786 39 mar estaba despejada, y el San Pablo dejaba á su derecha las

96 1017 784 40 Lucayas y á su izquierda la isla de Santo Domingo. Los vigías

95 1047 787 40 habian creido descubrir una vela sospechosa á popa, pero el

94 1076 783 41 capitan no habia hecho caso de aquellas dudosas observaciones,

97 1105 782 42 y en union del piloto se ocupaba en despacnar sendos tragos

92 1136 789 41 de rom, á lo que ambos eran en extremo aficionados; pero á

92 1164 787 42 la caida de la tarde se picó el mar, el cielo se cubrió de pardas

94 1195 782 40 nubes, y largos truenos, acompañados de fuertes relámpagos,

93 1224 786 42 brillaron por todas partes. Alarmados los pasajeros del San

95 1255 786 42 Pablo con el cambio repentino de la naturaleza acudieron al

93 1284 785 42 capitan; pero éste se cuidaba muy poco de la gran borrasca que

91 1314 784 41 amenazaba, en razon á encontrarse completamente borracho,

89 1343 787 50 del mismo modo que el piloto, á quien competia la derrota de

92 1375 213 47 la embarcacion.

750 1384 27 67 2
