1860 2629
190.0 188.0 62.0 79.0 24

497.0 282.0 73.0 97.0 III.

175.0 352.0 627.0 79.0 Dichoso ¡ay! conocí siendo muy niño

138.0 411.0 579.0 68.0 Una jóven de angélica hermosura!

138.0 464.0 555.0 63.0 Una inocente y cándida criatura

129.0 508.0 599.0 68.0 Que obra perfecta cra del Creador.

135.0 560.0 634.0 64.0 Y al tributarme muestras de cariño...

135.0 606.0 678.0 64.0 Y al darme flores con su blanca mano...

135.0 657.0 676.0 61.0 Yo la adoré! mas con amor de hermano,

125.0 701.0 647.0 76.0 Que era á mis ojos el mas puro amor!

489.0 751.0 59.0 92.0 IV.

164.0 839.0 594.0 87.0 Cien veces al jardin de su morada

131.0 913.0 555.0 57.0 Al despuntar la aurora yo la via,

131.0 961.0 535.0 59.0 De flores mil, tejer con alegría,

122.0 985.0 696.0 81.0 Guirnaldas con que adornar su rica sien.

131.0 1053.0 630.0 64.0 Y al contemplar su frente engalanada

127.0 1104.0 642.0 57.0 Eclipsando el color de aquellas flores,

129.0 1145.0 590.0 64.0 Escuché con placer cien ruiseñores

125.0 1191.0 605.0 84.0 Con sus trinos rendirle el parabien.

1344.0 225.0 33.0 118.0 V.

997.0 308.0 485.0 114.0 Oras veces la via presurosa

967.0 403.0 550.0 61.0 Al asomarse el sol en el Oriente,

967.0 446.0 577.0 77.0 De sudor inundada su alba frente,

967.0 503.0 555.0 64.0 Yerbas herir con sus aéreos piés,

967.0 554.0 555.0 55.0 En pos de una pintada mariposa,

965.0 595.0 574.0 60.0 Que burla su continua vigilancia:

967.0 633.0 649.0 76.0 Y que al mirar vencida su arrogancia,

954.0 687.0 697.0 86.0 Cruel se marchita... y muerese despues.

1309.0 758.0 59.0 74.0 VI.

993.0 830.0 636.0 83.0 Así sumido siempre en la ignorancia,

967.0 898.0 596.0 61.0 E inocente vagando entre pensiles,

965.0 944.0 568.0 59.0 Pasaron de la vida quince abriles

960.0 988.0 568.0 63.0 Y el recuerdo de aquella no pasó!

965.0 1038.0 671.0 61.0 Pues que al desvanecerse de la infancia

954.0 1086.0 710.0 61.0 Los ensueños y juegos... y al ser hombre

967.0 1137.0 719.0 65.0 ¡Ay! de Elisa en mi pecho el grato nombre

965.0 1187.0 519.0 85.0 Para eterno recuerdo se grabó.

1454.0 1246.0 206.0 75.0 —J.A. C. —

1289.0 2026.0 312.0 103.0 (Es propiedad.)

219.0 2184.0 1467.0 111.0 Se halla de venta en casa Antonio Bosch, calle del Bou de la Plaza Nueva, núm. 3.

511.0 2394.0 969.0 96.0 Barcelona. —Imp. de Narciso Ramirez, pasaje de Escudillers, núm. 4. —1864.
