876 1240
128.0 20.0 334.0 32.0 si aún no se hubiese consumado el

128.0 39.0 95.0 30.0 sacrificio!

145.0 62.0 314.0 32.0 Saquemos el pomo del éter, que

126.0 82.0 331.0 34.0 llevo prevenido, y aún tal vez po-

123.0 105.0 337.0 38.0 dré salvar su existencia. ¡Se rea-

124.0 129.0 159.0 34.0 nima! ¡Leandro!

101.0 148.0 357.0 44.0 Leandro. ¡Dios mío! ¿qué es lo que

122.0 174.0 114.0 29.0 me sucede?

100.0 189.0 356.0 40.0 Sep. Nada, nada: aspirad esta esen-

119.0 223.0 339.0 29.0 cia... así, así, ánimo, no temais

118.0 244.0 339.0 31.0 nada... ha sido un vahido, pronto

119.0 269.0 103.0 24.0 se pasará.

100.0 280.0 209.0 34.0 Leand. ¿Quién sois?

99.0 304.0 357.0 35.0 Sep. Vuestro amigo... vuestro cono-

117.0 332.0 335.0 34.0 cido...soy yo, sí, yo mismo... soy...

118.0 353.0 338.0 34.0 id aspirando este frasquito... ¿Os

117.0 373.0 338.0 34.0 sentís más aliviado? Probad de le-

118.0 398.0 338.0 31.0 vantaros, así, bien... apoyad vues-

117.0 418.0 334.0 33.0 tro brazo en mis hombros... corrien-

116.0 444.0 339.0 30.0 te, camidad, poco á poco llegaremos

116.0 466.0 336.0 34.0 á mi habitación... el relente de la

115.0 487.0 250.0 30.0 noche os es perjudicial...

97.0 507.0 354.0 34.0 Leand. ¿Pero quién sois vos que os

113.0 531.0 335.0 40.0 interesais tanto por este desgracia-

116.0 556.0 106.0 30.0 do mortal?

95.0 570.0 353.0 42.0 Sep. Un amigo que os aprecia mucho;

112.0 598.0 333.0 36.0 señor, esforzaos un poco más, así...

114.0 622.0 334.0 35.0 ya estamos cerca... entrad... sen-

114.0 641.0 333.0 34.0 taos bien... tomad este poco de

113.0 666.0 332.0 34.0 cordial... así... Ya se reanima...

121.0 687.0 179.0 29.0 ¡ Alabado sea Dios!

92.0 698.0 352.0 54.0 Leand. ¡Ah! vos sois el sepulturero,

112.0 735.0 242.0 29.0 ¿es decir que aún existo?

92.0 752.0 243.0 38.0 Sep. Sí, gracias á Dios.

91.0 778.0 199.0 34.0 Leand. ¡Maldición!

92.0 798.0 357.0 37.0 Sep. ¡Joven, sellad el labio! en este

109.0 823.0 337.0 35.0 recinto no se oyen sino bendicio-

110.0 843.0 335.0 33.0 nes y preces al Eterno por los que

112.0 868.0 332.0 40.0 fueron; la maldición no tiene en-

110.0 889.0 110.0 28.0 trada aquí.

92.0 906.0 352.0 36.0 Leand. ¡Cómo no he de maldecir

109.0 933.0 335.0 34.0 esta existencia que detesto si me

110.0 952.0 334.0 36.0 falta la única cosa que me podía

110.0 976.0 333.0 35.0 hacer amable la vida! ¡Ay, Emilia

108.0 999.0 335.0 45.0 de mi corazón, sin ti para qué quie-

108.0 1020.0 139.0 32.0 ro yo vivir!...

87.0 1042.0 355.0 34.0 Sep. Señor, sosegaos un momento, no

106.0 1069.0 331.0 47.0 deis más impulso á vuestro dolor, y

500.0 24.0 337.0 34.0 atended las palabras de un anciano

502.0 47.0 333.0 30.0 que conoce vuestro pesar y desea

501.0 67.0 333.0 44.0 cicatrizar las llagas de vuestro lace-

498.0 93.0 134.0 26.0 rado corazón.

480.0 103.0 192.0 44.0 Leand. Imposible.

481.0 132.0 354.0 40.0 Sep. Tal vez no lo sea tanto como

498.0 160.0 336.0 31.0 os figurais. Veamos: Vos adoras-

499.0 180.0 332.0 37.0 teis á una joven bella y modesta,

499.0 205.0 334.0 32.0 que tuvisteis la desgracia de que

499.0 227.0 335.0 40.0 perdiera su existencia en la flor de

496.0 251.0 101.0 26.0 su edad...

478.0 261.0 291.0 42.0 Leand. Sí, por mi desgracia.

477.0 293.0 354.0 31.0 Sep. Y no pudiendo olvidar el amor

497.0 317.0 336.0 30.0 que le profesabais, atentasteis á

496.0 335.0 200.0 31.0 vuestra existencia...

475.0 353.0 354.0 42.0 Leand. Es verdad, no puedo negarlo.

474.0 379.0 245.0 35.0 Sep. ¿Y con qué objeto?

474.0 400.0 356.0 42.0 Leand. Con el de reunirme eterna-

493.0 428.0 131.0 29.0 mente á ella.

473.0 449.0 228.0 28.0 Sep. ¡Con un crimen?

474.0 472.0 232.0 32.0 Leand. ¿Crimen decís?

476.0 489.0 353.0 36.0 Sep. Sí, enorme, imperdonable, horri-

493.0 518.0 336.0 29.0 ble. ¿Quién os ha dado poder para

492.0 538.0 335.0 37.0 atentar á vuestra vida?... insensato,

492.0 559.0 335.0 36.0 si vuestros días están contados en

492.0 582.0 333.0 36.0 el libro del destino hora por hora,

491.0 606.0 335.0 30.0 minuto por minuto por el Sér Su-

491.0 625.0 337.0 37.0 premo que os dió el sér, ¿cómo os

490.0 652.0 337.0 32.0 atreveis á quitaros la existencia

491.0 670.0 337.0 38.0 faltando á los preceptos del que os

492.0 693.0 48.0 31.0 crió?

512.0 710.0 314.0 38.0 Dices en tu loco devaneo, que

489.0 735.0 336.0 45.0 atentaste á tu vida para reunirte á

490.0 762.0 61.0 31.0 ella...

469.0 776.0 116.0 37.0 Leand. Sí.

469.0 797.0 355.0 46.0 Sep. Pues bien, escuchad con aten-

487.0 829.0 337.0 31.0 ción y vereis cómo el camino que

487.0 852.0 337.0 38.0 emprendisteis es el que más os aleja

486.0 874.0 112.0 28.0 de su lado.

468.0 879.0 263.0 45.0 Leand. No os comprendo.

468.0 914.0 356.0 35.0 Sep. Escuchad. Considerando que el

487.0 941.0 336.0 30.0 loco que atenta á su vida lo hace

486.0 958.0 337.0 37.0 olvidando los preceptos del Divino

487.0 981.0 335.0 36.0 Hacedor, la Iglesia no le da tierra

486.0 1003.0 336.0 38.0 sagrada y lo manda enterrar en un

486.0 1026.0 336.0 35.0 inmundo muladar, como á las bes-

486.0 1052.0 336.0 36.0 tias. Siendo así ya conoceis que en

486.0 1075.0 334.0 42.0 vez de reuniros como deseabais
