2148 3034
1111 185 175 79 — 6 —

536 300 1332 45 y los rocios que caen de continuo son como las lluvias copiosas en

532 323 1332 61 nuestro clima en España; motivo porque el infante no quiso de-

531 377 1244 59 tenerse mucho tiempo en aquel país para pasar á Babilonia.

601 418 1267 69 A nuestra llegada á tan famosa ciudad pasamos á prestar

526 465 1335 71 obediencia al gran Babilon, hijo del Soldan de Egipto, el cual,

529 517 1334 67 con la mayor severidad, nos interrogó de qué nacion éramos, con

527 561 1336 69 qué licencia pisábamos sus tierras, y si entre nosotros habia al-

529 615 1334 64 gun principe ó infante. García Ramirez le contestó éramos espa-

529 670 1332 53 ñoles, vasallos pobres del rey de Leon; que en nuestra compañía

527 711 1337 67 no iba persona alguna de las que preguntaba, y que el motivo de

531 758 1330 72 pasar por sus dominios, era por ir en romería á visitar al Preste

527 804 410 70 Juan de las Indias.

596 847 1268 73 Con esta relacion mandó nos detuviéramos algunos dias, en

527 905 1337 65 los que se le informó de la grandeza de nuestro soberano con los

527 957 1337 62 ritos, costumbres y ceremonias de los paises cristianos: con cuya

527 1009 1336 57 noticia quedó sumamente complacido, mandándonos dar cuatro

526 1046 1337 64 mil doblas de oro y salvoconducto para transitar por todos sus Es-

529 1097 1335 60 tados. De allí salimos para la ciudad de Urian, país donde habi-

529 1156 1337 54 tan los centáuros, gente soez é indómita y sin religion, pues cada

527 1198 1339 61 uno vive en la ley que le acomoda. En seguida atravesamos la

529 1250 1335 54 Arabia Feliz; y llegamos al rio Jordan, donde pagamos un escu-

526 1289 1337 59 do de plata por cada uno; pasamos á Nazaret y casa donde vivió

526 1341 1337 63 Nuestra Señora la Vírgen María, y habiendo pagado otro escudo

529 1395 1334 52 de plata por cada uno, fuimos al castillo de Emaus; allí pagamos

527 1439 1337 61 tambien medio escudo: despues nos dirigimos á ver la palmera

529 1490 1335 55 que se bajó haciendo acatamiento á la Virgen, al pié de la cual

529 1530 1334 62 hay una fuente de agua viva, que manó para que esta Señora

529 1581 1327 59 bebiera cuando iba huyendo á Egipto con su Santísimo Hijo, y

527 1634 1336 54 su Esposo San José. Despues pasamos al Portal de Belén, donde

526 1677 1335 64 nació Cristo Nuestro Redentor, haciéndonos pagar dos escudos

527 1729 1336 64 por cada uno. En seguida fuimos al Valle de Josafat, cuya llanu-

526 1778 1338 60 ra es tan grande y espaciosa, que sus confines se pierden de vista

527 1827 1334 54 en el horizonte, por el cual anduvimos algunos dias: luego pa-

526 1876 1335 53 samos á la gran ciudad de Jerusalen, llevándonos los conducto-

529 1924 1334 54 res á la callejuela y corral donde se hospedan los cristianos que

529 1975 1334 51 concurren á esta poblacion: de allí nos dirigimos al convento de

524 2017 1335 66 religiosos Franciscos [...] suplicamos al padre guardian hiciese

527 2063 1334 69 por que viésemos el Santo Sepulcro; en efecto, habló á los moros

527 2118 1334 56 que se hallaban de guardia, y despues de haber pagado siete

524 2162 1337 67 piezas de oro por cada uno, nos dejaron entrar: enseguida fuimos

527 2216 1332 54 conducidos al Monte-Calvario, donde permanecen los agujeros de

527 2258 1331 68 las cruces de Cristo y de los ladrones. Pasamos al monte Olivete,

526 2302 1332 72 donde el traidor Judas dió paz á su Maestro; al huerto de Jetse-

527 2359 1334 100 maní ó de las Olivas. en cuyo sitio no ha vuelto á nacer yerba
