1753 2480
186.0 198.0 547.0 62.0 Tome V. asiento D. Claudio

134.0 241.0 403.0 75.0 y no se incomode V.

130.0 299.0 469.0 58.0 que pronto venir lo haré,

128.0 345.0 392.0 62.0 enviando el conejito.

186.0 392.0 434.0 66.0 Ya comparece Facundo

128.0 446.0 461.0 64.0 muy cansado de correr,

136.0 496.0 422.0 66.0 y le dijo à su muger

130.0 539.0 506.0 72.0 dále agua á este animalito.

181.0 595.0 430.0 60.0 No lo envies otra vez

142.0 642.0 502.0 64.0 porque viene muy cansado,

132.0 696.0 537.0 60.0 D. Claudio queda admirado

130.0 737.0 448.0 66.0 al ver una estucia tal.

181.0 787.0 486.0 64.0 Le dice V. es el demonio

136.0 837.0 370.0 70.0 pariente de Lucifer,

130.0 882.0 413.0 62.0 dígale V. á su muger

128.0 934.0 492.0 64.0 si me vende este animal.

175.0 979.0 569.0 70.0 Le responde aquel buen viejo

134.0 1029.0 482.0 66.0 yo no lo quiero vendér,

130.0 1076.0 455.0 71.0 le hizo señas su muger

128 1124 554 72 y pronto hicieron el precio.

175.0 1184.0 589.0 64.0 Le dió otros treinta mil duros

130.0 1231.0 359.0 56.0 á casa se lo llevó,

130.0 1279.0 483.0 58.0 Claudio engañado quedó

128.0 1328.0 483.0 62.0 en el burro y es conejo,

179.0 1380.0 482.0 56.0 Pronto aprobó la mentira

132.0 1426.0 428.0 59.0 en una corta materia,

132.0 1473.0 560.0 56.0 D. Claudio se va á una feria

132.0 1523.0 517.0 58.0 queda en cinta su muger.

179.0 1570.0 499.0 68.0 Dejando dicho en su casa

130.0 1616.0 483.0 70.0 que le envian el conejo,

130.0 1663.0 593.0 73.0 que le ha vendido aquel viejo

130.0 1715.0 543.0 70.0 cuando el parto llegue à ser.

179.0 1762.0 523.0 69.0 Su muger dió luz un niño

130.0 1820.0 525.0 77.0 al mes que Claudio marchò,

132.0 1872.0 345.0 56.0 el conejo le enviò

130.0 1911.0 446.0 64.0 mas todavía lo espera.

179.0 1963.0 428.0 64.0 Pasan dias y semanas

130.0 2017.0 455.0 57.0 cansado ya de esperar,

130.0 2058.0 523.0 66.0 Claudio piensa en regresar

136.0 2105.0 457.0 73.0 por saber de la partera.

177.0 2159.0 521.0 60.0 Al punto que llega á casa

132.0 2207.0 426.0 64.0 lo reciben con cariño,

132.0 2254.0 438.0 79.0 papá le decia el niño

132.0 2314.0 477.0 118.0 que tal va, como lo pasa.

948.0 198.0 432.0 58.0 Pregunta por el conejo

897.0 241.0 426.0 71.0 se lo habian enviado,

897.0 295.0 568.0 68.0 la respuesta que le han dado

897.0 349.0 599.0 70.0 años há que es fuera de casa.

948.0 390.0 424.0 72.0 Bien lo podia esperar

899.0 450.0 421.0 56.0 aquel maldito conejo,

899.0 491.0 444.0 69.0 maldito sea aquel viejo

905.0 547.0 496.0 68.0 que inocente me engañò.

952.0 591.0 490.0 70.0 Ahora me voy á su casa

901.0 634.0 450.0 74.0 las escusas no valdrán,

903.0 690.0 417.0 66.0 mi espada lo pasará

903.0 735.0 531.0 71.0 ò Claudio no he de ser yò.

955.0 795.0 512.0 58.0 Facundo que es mas astuto

901.0 832.0 506.0 71.0 un nuevo modo á pensado,

901.0 892.0 436.0 60.0 á su muger á enviado

903.0 930.0 461.0 74.0 por tripas al matadero.

952.0 981.0 445.0 66.0 Igado sangre intestinos

897.0 1039.0 508.0 58.0 todo lo arreglò con maña

897.0 1078.0 539.0 71.0 vaya una hermosa maraña,

895.0 1134.0 556.0 58.0 con las tripas de un carnero.

940.0 1184.0 567.0 66.0 Se lo envolviò en un pañuelo

895.0 1237.0 496.0 58.0 ya su muger se lo pnso

890.0 1275.0 540.0 72.0 con artimaña y buen pulso,

895.0 1335.0 386.0 51.0 debajo del delantal.

938.0 1372.0 589.0 76.0 Llega D. Claudio á su puerta

899.0 1426.0 457.0 57.0 y llamando enfurecido,

897.0 1473.0 485.0 60.0 Facundo pronto ha salido

897.0 1521.0 454.0 70.0 lo saludò muy parcial.

944.0 1564.0 565.0 74.0 No se entiende de chiquillas

899.0 1624.0 500.0 60.0 ni escucha conversacion,

903.0 1678.0 579.0 55.0 mas Facundo hizo una accion

903.0 1717.0 523.0 66.0 que Claudio quedò parado.

957.0 1771.0 601.0 60.0 Viendo que ya no hay remedio

899.0 1822.0 436.0 52.0 á su muger se acercò,

899.0 1876.0 452.0 52.0 con un puñal que sacò

897.0 1922.0 560.0 57.0 en su vientre lo ha clavado.

940.0 1969.0 403.0 56.0 Con el puñal afilado

897.0 2021.0 415.0 49.0 tal puñalada le diera

895.0 2062.0 576.0 56.0 que su muger cayó en tierra

895.0 2105.0 467.0 71.0 las tripas al suelo van.

940.0 2155.0 633.0 74.0 D. Claudio que viò el mandongo

895.0 2207.0 506.0 66.0 dice ya estamos perdidos,

899.0 2258.0 512.0 64.0 me encuentro muy afligido

895.0 2298.0 554.0 140.0 los dos á un cuarto se ván.
