939 1446
156 25 42 38 10

386 18 235 50 Historia verdadera

130 58 740 51 "hago saber, que te queda otra batalla mas terrible

124 103 747 50 "que la mia, y otros tormentos mas rigurosos: que

121 146 748 50 "por ser yo viejo, y flaco, mi tormento serà breve,

120 188 752 52 "y ligero:  mas tù, que eres mozo, y robusto, triun-

121 231 752 50 "farás con mayor victoria del Tyrano. Deja de llo-

121 276 753 49 "rar, que dentro de tres dias me seguirás. Solo te

122 318 753 50 "encomiendo, que los thesoros de la Iglesia que

123 363 750 51 "están à tu cargo, los repartas á los pobres, co-

121 402 417 57 "mo mejor te pareciere."

159 449 718 49 Luego al punto puso por obra San Lorenzo lo que

120 491 758 50 su santissimo Maestro le havia mandado, y con gran

120 533 757 51 diligencia saliò á buscar à los pobres para repartir los

123 576 756 51 caudales que havia en el Erario de la Iglefia. Entrò

120 620 759 49 en casa de una Viuda llamada Ciriaca, que padecia

122 665 755 45 un grandisimo y continuado dolor de cabeza, y te-

120 705 757 52 nia en su casa muchos Clerigos y Christianos escon-

120 751 755 49 didos ; y la primera cosa que hizo S. Lorenzo en vien-

121 795 757 47 dolos, fue echarse á los pies de todos, y lavarselos

122 837 754 49 con grandisima humildad imitando á su Redentor,

121 882 757 49 que estando ya para morir, quiso lavar los pies à sus

120 923 758 51 Discipulos, dandoles este exemplo, para que ellos

121 967 756 49 asi lo ejecutasen con otros. Despues haciendo el San-

120 1011 759 46 to la señal de la Cruz, y poniendo las manos sobre la

120 1055 754 47 cabeza de Ciriaca, la quitò el dolor que padecia, y

119 1097 758 48 la diò entera salud, para que asistiesse à aquellos san-

120 1141 758 49 tos Christianos; y repartiendo largas limosnas à aque-

119 1185 758 48 llos pobres Catholicos que alli estaban, se despidiò

118 1225 760 45 de ellos tiernamente, consolandolos al mismo tiempo.

161 1270 716 49 De aqui pasò á otra casa de un Christiano, lla-

118 1313 760 59 mado Narciso, donde hallò un gran numero de

769 1352 81 45 Chris-
