1094 1546
471 81 109 34 —31—

119 103 796 45 Mi amo quedó muy satisfecho de mi destreza y me dió perfectamente de

116 139 796 40 comer. Fué conmigo al bosque, abrimos un hoyo y enterramos allí al

116 168 799 38 elefante muerto por mí. El hacer esto era para que se pudriese la carne

117 197 784 42 y recojiendo luego los huesos y colmillos, comerciar con ellos.

160 227 753 41 Dos meses consecutivos me duró aquel trabajo, matando cada dia un

115 255 798 38 elefante. Una mañana me llené de terror viendo venir hácia el árbol un

114 287 798 38 número de elefantes crecidísimo, mayor que el de otros dias. Llegaron

112 316 799 41 al pie del tronco, le rodearon y alzaron las trompas á lo alto, fijando

112 352 799 33 sus ojos en mí. Aterrado con tal espectáculo se me cayeron de las manos

111 376 799 36 las flechas y el arco. El elefante mayor de todos aquellos, agarró el tron-

110 405 800 41 co del árbol con su trompa, le movió fuertemente, le arrancó y le tiró

110 437 799 39 al suelo. En el momento que yo caí, me cojió con su trompa el animal,

110 468 799 34 me colocó sobre sus espaldas, se puso delante de todos los demas, y si-

109 496 800 41 guiéndole aquellos, me llevó á un sitio muy distante y oculto del bos-

107 525 800 45 que. Me bajó con sumo cuidado y me dejó en el suelo, marchándose con

110 558 346 39 todos los que le acompañaban.

151 585 754 38 Lleno de temor quedé allí esperando algun terrible suceso; pero

105 618 798 37 luego que pasó algun tiempo y nada me acontecia ni volvian los elefan-

105 646 798 41 tes, me levanté y anduve para reconocer el terreno. Vi que me hallaba en

104 676 798 42 una llanura muy estensa, cubierta por todas partes de huesos y colmillos

104 707 797 38 de elefantes. Varias fueron las ideas que me ocurrieron á tal vista, y al fin

103 736 797 39 concluí por admirar el instinto de semejantes animales, convencido de

103 769 795 36 que me habian llevado á su cementerio para darme á entender que, si el

102 797 794 40 hacerles la guerra era con objeto de utilizar sus huesos, allí podia pro-

103 827 791 35 veerme de ellos en abundancia, sin necesidad de hacerles daño. Muy

102 855 790 43 lleno de gozo me dirijí á la ciudad, y caminando todo un dia y una noche,

101 886 281 39 llegué á casa de mi amo.

143 913 749 41 Cuando me vió entrar me dijo: «Pobre Simbad! qué te ha sucedido?

98 945 792 38 Impaciente cuanto tardabas fuí al bosque y encontrando un árbol recien

97 974 789 38 arrancado y á su lado el arco y las flechas, te busqué por todas partes,

97 1004 791 40 perdiendo al fin la esperanza de volverte á ver.» Tranquilicéle contándo-

97 1039 790 34 le cuanto me habia oeurrido, y al dia siguiente fuimos al bosque; llegamos

96 1063 790 39 á la llanura y cargamos de colmillos al elefante, volviéndonos á la ciu-

96 1095 790 39 dad. Cuando estuvimos en casa me dijo mi amo: «Seria en mí una ingra-

94 1123 792 39 titud trataros como esclavo despues de un descubrimiento que acabais de

95 1155 789 37 hacer, que bastará para asegurar mi fortuna. Dios vele por vuestras pros-

95 1181 789 42 peridades: por mi parte declaro ante él, que os dejo en libertad en este

93 1212 789 39 instante. Ahora sabed el peligro á que habeis estado espuesto. Son innu-

93 1242 787 38 merables los esclavos que mueren todos los años por los elefantes en

91 1271 789 37 este bosque adonde los enviamos á buscar marfil. Dios ha querido con-

91 1301 789 39 cederos un singular favor, y á él no quiero yo oponerme. A mas de la

91 1330 787 43 libertad os doy otros bienes de mayor consideracion, para que con ellos

91 1358 547 46 podais contaros desde hoy un hombre riquísimo.»
