1753 2480
88.0 66.0 455.0 66.0 arde en su pecho valiente,

88.0 109.0 428.0 58.0 si le insultan se alborota

86.0 150.0 447.0 60.0 y así mató á un insolente

82.0 186.0 350.0 70.0 en el juego de pelota.

117.0 241.0 323.0 66.0 El respeto le faltó

78.0 287.0 411.0 68.0 disputando una jugada,

76.0 322.0 331.0 66.0 al punto le desafió

76.0 369.0 399.0 65.0 y de una sola estocada

76.0 413.0 372.0 58.0 Félix Torrellas mató.

109.0 456.0 445.0 79.0 De los Cadells la malicia

70.0 512.0 463.0 60.0 por ser Serrallonga Narro

70.0 553.0 390.0 62.0 le acusan con justicia,

68.0 593.0 448.0 66.0 y aquel joven tan bizarro

66.0 638.0 372.0 58.0 le persigue la justicia.

103.0 694.0 376.0 68.0 Barcelona abandonó

72.0 735.0 419.0 66.0 viéndose así perseguido,

62.0 783.0 432.0 51.0 hasta el nombre cambió

62.0 816.0 438.0 64.0 por temor de ser cogido:

59.0 861.0 447.0 81.0 por eso á Francia marchó.

97.0 919.0 485.0 101.0 Mentada una hermosa dama

53.0 981.0 339.0 54.0 en un brioso alazán

51.0 1064.0 368.0 64.0 y la liberta D. Juan.

90.0 1109.0 430.0 79.0 Serrallonga diz la fama,

51.0 1165.0 505.0 72.0 siempre fué apuesto y galán,

51.0 1206.0 443.0 58.0 toda España lo proclama

51.0 1246.0 482.0 68.0 mas viendo con dulce afán,

49.0 1291.0 482.0 81.0 montada una hermosa dama.

86.0 1345.0 412.0 68.0 Unos que cazando van

45.0 1390.0 413.0 60.0 un pedreñal dispararon

47.0 1432.0 420.0 58.0 viróse al punto D. Juan

45.0 1471.0 486.0 60.0 viendo una dama asustaron

41.0 1514.0 349.0 58.0 en un brioso alazán.

76.0 1572.0 426.0 58.0 Corre y á más no poder

39.0 1612.0 401.0 66.0 el bruto con furia loca

39.0 1647.0 357.0 68.0 sin poderse detener;

37.0 1686.0 446.0 74.0 la dama grita y se apoca,

35.0 1736.0 417.0 74.0 y está á punto á perecer.

68.0 1791.0 380.0 71.0 Serrallonga al alazán

28.0 1841.0 463.0 68.0 clávale al pecho una daga

31.0 1884.0 456.0 62.0 cuando cerca el río están,

28.0 1924.0 461.0 72.0 cae en sus brazos la dama

26.0 1969.0 366.0 54.0 y la liberta D. Juan.

64.0 2031.0 370.0 79.0 Está loco, enamorado

24.0 2081.0 482.0 64.0 de aquella hermosa matrona

20.0 2128.0 426.0 60.0 por ella salió de Francia,

18.0 2170.0 432.0 99.0 por ella fué á Barcelona.

928.0 90.0 463.0 60.0 Cuando se miró abrazado

882.0 132.0 486.0 64.0 con aquella dama hermosa

882.0 165.0 407.0 66.0 que él había libertado;

884.0 214.0 484.0 69.0 y que en sus brazos reposa,

880.0 254.0 358.0 58.0 está loco, enamorado.

921.0 301.0 499.0 85.0 «Mucho os debe mi persona

876.0 353.0 463.0 68.0 caballero en este instante,

878.0 388.0 430.0 70.0 vuestro valor os abona»,

876.0 429.0 494.0 62.0 y de entonces fué el amante

874.0 477.0 486.0 72.0 de aquella hermosa matrona.

913.0 527.0 465.0 76.0 Amándola con constancia

872.0 566.0 459.0 78.0 de ella fué correspondido,

870.0 615.0 525.0 73.0 mas viendo que con instancia

872.0 663.0 469.0 66.0 quieren darle otro marido,

868.0 696.0 428.0 79.0 por ella salió de Francia.

905.0 750.0 415.0 74.0 Exponiendo su persona

864.0 803.0 508.0 65.0 pues que le sobra arrogancia

864.0 843.0 448.0 72.0 su amor á todas pregona,

866.0 880.0 430.0 66.0 y con valor y constancia

862.0 921.0 427.0 62.0 por ella fué á Barcelona.

903.0 973.0 496.0 91.0 Vé que su amada es hermana

857.0 1039.0 422.0 66.0 de su enemigo Torrellas;

857.0 1080.0 406.0 62.0 mata á su futuro eeposo

853.0 1126.0 523.0 80.0 y marcha a los montes con ella.

895.0 1175.0 428.0 73.0 La suerte cruel é insana

855.0 1227.0 403.0 58.0 le descubre por su mal

853.0 1266.0 455.0 62.0 que la persigue inhumana

851.0 1310.0 360.0 49.0 y de su odioso rival

849.0 1343.0 536.0 72.0 vé que de su amada es hermana.

888.0 1392.0 397.0 71.0 Por políticas querellas

847.0 1442.0 432.0 66.0 su padre se vé insultado,

847.0 1492.0 409.0 55.0 y para vengar aquellas,

849.0 1527.0 457.0 56.0 vengarse el hijo ha jurado

843.0 1574.0 422.0 64.0 de su enemigo Torrellas.

880.0 1626.0 443.0 62.0 En un coloquio amoroso

841.0 1669.0 424.0 62.0 halla á Juana, don Luis,

841.0 1713.0 446.0 68.0 con Serrallonga y furioso

839.0 1758.0 397.0 58.0 para vengar un mentís

839.0 1798.0 415.0 68.0 máta á su futuro esposo.

876.0 1851.0 411.0 68.0 Para vengar la querella

833.0 1886.0 456.0 81.0 de su padre allí ultrajado,

833.0 1942.0 465.0 60.0 dice su nombre á su bella;

833.0 1981.0 492.0 58.0 á su hermano ha perdonado

826.0 2019.0 528.0 97.0 y marcha á los montes con ella.

870.0 2089.0 424.0 83.0 El Fadrí de Sau le incita

824.0 2147.0 362.0 60.0 porque sea el capitán,

824.0 2188.0 449.0 97.0 de un puñado de valientes,
