2148 3034
1129 212 191 98 — 10 —

618 301 1273 76 Salmos despues para la poblacion de Torna, cuyo gobernador

551 362 1339 66 nos mandó seguir nuestra marcha, sin que tuviésemos que abo-

553 416 1333 61 nar tributo alguno, de lo que nos mostramos muy reconocidos,

554 465 1336 67 y seguimos para la ciudad de Pasiban, por la que pasaba un fa-

551 510 1339 64 moso rio que sale del Paraiso terrenal: en esta poblacion paga-

551 559 1339 57 mos un corto tributo ; pero quiso el infante nos detuviéramos en

549 603 1342 81 ella á causa de ser hermosa y sus habitantes muy afables con los

553 667 249 61 peregrinos.

1041 726 348 83 CAPÍTULO IV.

551 793 1340 85 Cómo el infante D. Pedro con su acompañamiento pasó á la

590 857 1300 70 ciudad de Capadocia y se presentó al gran Morato, de quien

596 915 1299 69 fué mal recibido, y despues tomó el camino para visitar al

595 959 617 65 grande y supremo Tamerlan.

620 1060 1275 44 Salimos de la ciudad de Pasiban para la de Capadocia, á don-

554 1085 1339 59 de llegamos sin el menor contratiempo ; habiéndonos presentado

554 1127 1339 64 al gran Morato ó virey de aquel Estado, nos recibió tan desabri-

553 1178 1338 64 damente, que fué preciso al infante y su comitiva salir al ins-

556 1233 1340 56 tante de allí, tomando el camino para la célebre Nínive, en cuya

556 1284 1334 56 puerta hallamos una reforzada guardia de moros que la defendia.

553 1324 1340 59 Entramos sin que nos impidieran el paso ; y entre la multitud

554 1375 1341 61 de gente que transitaba en todas direcciones; nos dirigimos á

554 1422 1337 59 un grupo de hombres que vimos reunidos á la puerta de un

554 1471 1339 66 grande edificio, y García Ramirez, nuestro intérprete, preguntó

554 1522 1337 60 cuál de ellos queria servirnos de guía, hasta presentarnos al gran

558 1565 1335 59 Tamerlan: uno de las más jóvenes contestó que él iria siempre

556 1626 1337 47 que le pagásemos por su trabajo cuatro escudos de oro, porque

554 1667 1341 55 distaba más de una legua desde aquel punto, y de consiguiente

553 1714 1342 59 habia que transitar por muchas calles y plazas: le damos los

556 1764 1340 56 cuatro escudos que pidió, y marchamos con él hasta llegar al

554 1808 1341 66 palacio: pedimos licencia para entrar, y nos dijeron los guardias

556 1859 1339 54 que sin saber antes quiénes éramos y á qué íbamos, no podíamos

556 1906 1337 57 pasar adelante. García Ramirez les informó de todo, y enterados

554 1950 1337 67 de ello entró uno de los guardias: á corto rato volvió con el re-

553 1999 1340 60 cado de poder pasar adelante ; así lo hicimos, y despues de atra-

554 2051 1341 64 vesar muchas antesalas entramos en un gran salon, donde des-

554 2100 1339 57 cubrimos un magnífico y suntuoso dosel, bajo del cual, en un

554 2140 1339 73 tronco de ébano guarnecido de brocado, cubierto de pedrería, es-

556 2192 922 70 taba sentado aquel grande y poderoso señor.

625 2235 1271 67 Luego que estuvimos ante su presencia, hincamos todos la

553 2292 1345 55 rodilla á un tiempo, por no manifestar que entre nosotros iba su-

554 2337 1344 68 perior alguno. A pocos pasos repetimos el acatamiento hasta tres

559 2395 1332 89 veces: á la inmediacion suya nos postramos del todo en tierra, y
