<?xml version="1.0" encoding="UTF-8"?>
<alto xmlns:xsi="http://www.w3.org/2001/XMLSchema-instance"
      xmlns="http://www.loc.gov/standards/alto/ns-v4#"
      xsi:schemaLocation="http://www.loc.gov/standards/alto/ns-v4# http://www.loc.gov/standards/alto/v4/alto-4-2.xsd">
  <Description>
    <MeasurementUnit>pixel</MeasurementUnit>
    <sourceImageInformation>
      <fileName>Varios_441_5.jpg</fileName>
      
    </sourceImageInformation>
  </Description>
  
  <Tags>
    <OtherTag ID="BT1276" LABEL="CustomZone:impresorNum" DESCRIPTION="block type CustomZone:impresorNum"/><OtherTag ID="BT1277" LABEL="CustomZone:numero_pliego" DESCRIPTION="block type CustomZone:numero_pliego"/><OtherTag ID="BT1278" LABEL="CustomZone:title" DESCRIPTION="block type CustomZone:title"/><OtherTag ID="BT1279" LABEL="GraphicZone:illustration" DESCRIPTION="block type GraphicZone:illustration"/><OtherTag ID="BT1280" LABEL="GraphicZone:ornamentation" DESCRIPTION="block type GraphicZone:ornamentation"/><OtherTag ID="BT1281" LABEL="MainZone" DESCRIPTION="block type MainZone"/><OtherTag ID="BT1282" LABEL="MarginTextZone:colophon" DESCRIPTION="block type MarginTextZone:colophon"/><OtherTag ID="BT1283" LABEL="MainZone:columns" DESCRIPTION="block type MainZone:columns"/><OtherTag ID="BT1284" LABEL="MarginTextZone:note" DESCRIPTION="block type MarginTextZone:note"/><OtherTag ID="BT1285" LABEL="MusicZone" DESCRIPTION="block type MusicZone"/><OtherTag ID="BT1286" LABEL="NumberingZone:page" DESCRIPTION="block type NumberingZone:page"/><OtherTag ID="BT1287" LABEL="QuireMarksZone:catchwords" DESCRIPTION="block type QuireMarksZone:catchwords"/><OtherTag ID="BT1288" LABEL="QuireMarksZone:signature" DESCRIPTION="block type QuireMarksZone:signature"/><OtherTag ID="BT1289" LABEL="RunningTitleZone" DESCRIPTION="block type RunningTitleZone"/>
    <OtherTag ID="LT475" LABEL="DefaultLine" DESCRIPTION="line type DefaultLine"/><OtherTag ID="LT476" LABEL="CustomLine:propriedad" DESCRIPTION="line type CustomLine:propriedad"/><OtherTag ID="LT477" LABEL="CustomLine:trailer" DESCRIPTION="line type CustomLine:trailer"/><OtherTag ID="LT478" LABEL="HeadingLine" DESCRIPTION="line type HeadingLine"/>
  </Tags>
  
  <Layout>
    <Page WIDTH="1125"
          HEIGHT="1536"
          PHYSICAL_IMG_NR="4"
          ID="eSc_dummypage_">
      <PrintSpace HPOS="0"
                  VPOS="0"
                  WIDTH="1125"
                  HEIGHT="1536">
        
        <TextBlock HPOS="433.0"
                   VPOS="71.0"
                   WIDTH="159.0"
                   HEIGHT="99.0"
                   ID="block_2"
                   TAGREFS="BT1286">
          <Shape><Polygon POINTS="433 71 592 71 592 170 433 170 433 71"/></Shape>
          
          
          <TextLine ID="line_0"
                    TAGREFS="LT475"
                    BASELINE="475 146 564 146" 
                    HPOS="475"
                    VPOS="125"
                    WIDTH="89"
                    HEIGHT="33">
            <Shape><Polygon POINTS="475 153 563 158 564 146 562 126 544 133 533 133 525 127 524 126 524 125 524 125 523 125 507 125 507 125 506 125 505 125 503 127 496 133 476 128 475 146 475 153"/></Shape>
	    <String CONTENT="—5—"
                    HPOS="475"
                    VPOS="125"
                    WIDTH="89"
                    HEIGHT="33"></String>
          </TextLine>

          
        </TextBlock>
        
        <TextBlock HPOS="98.0"
                   VPOS="167.0"
                   WIDTH="862.0"
                   HEIGHT="1275.0"
                   ID="block_0"
                   TAGREFS="BT1281">
          <Shape><Polygon POINTS="98 167 960 167 960 1442 98 1442 98 167"/></Shape>
          
          
          <TextLine ID="line_1"
                    TAGREFS="LT475"
                    BASELINE="134 190 876 186" 
                    HPOS="133"
                    VPOS="167"
                    WIDTH="743"
                    HEIGHT="33">
            <Shape><Polygon POINTS="756 167 747 167 739 167 730 167 728 167 723 168 718 168 707 168 696 167 687 167 679 167 670 167 662 167 653 167 645 167 636 167 628 167 619 167 606 168 577 169 566 168 561 167 559 167 551 167 542 167 541 167 536 168 526 169 481 168 459 167 457 167 448 167 440 167 432 167 431 168 427 170 398 168 388 167 380 167 374 167 373 168 365 170 319 168 305 167 303 167 295 167 286 167 282 168 264 171 133 168 134 190 134 200 875 196 876 186 874 168 766 168 766 168 763 167 756 167"/></Shape>
	    <String CONTENT="aguas acompañadas de huracanes para aumentar más los estrago"
                    HPOS="133"
                    VPOS="167"
                    WIDTH="743"
                    HEIGHT="33"></String>
          </TextLine>

          
          
          <TextLine ID="line_2"
                    TAGREFS="LT475"
                    BASELINE="169 221 893 221" 
                    HPOS="169"
                    VPOS="197"
                    WIDTH="724"
                    HEIGHT="40">
            <Shape><Polygon POINTS="169 221 169 236 201 232 211 236 212 236 213 237 295 237 295 236 296 236 309 232 334 236 335 236 416 232 454 236 454 236 493 232 892 236 893 221 893 202 854 197 853 197 852 197 842 201 841 201 840 201 815 197 814 197 703 200 665 201 658 200 641 197 640 197 623 199 614 201 609 199 602 197 601 197 534 197 533 197 503 198 469 201 462 198 458 197 457 197 456 197 455 197 454 197 452 198 447 202 343 202 336 197 335 197 334 197 333 197 332 197 315 197 250 201 221 197 218 197 217 197 216 197 215 197 209 201 169 197 169 221"/></Shape>
	    <String CONTENT="Empezaron con extremada fuerza á descargar agua las nubes,"
                    HPOS="169"
                    VPOS="197"
                    WIDTH="724"
                    HEIGHT="40"></String>
          </TextLine>

          
          
          <TextLine ID="line_3"
                    TAGREFS="LT475"
                    BASELINE="134 255 896 250" 
                    HPOS="134"
                    VPOS="226"
                    WIDTH="762"
                    HEIGHT="45">
            <Shape><Polygon POINTS="134 255 134 271 262 264 361 264 377 270 378 270 379 270 380 270 452 269 453 269 454 269 472 263 512 267 512 267 513 267 514 267 521 262 548 268 549 268 550 268 551 268 569 262 586 268 587 268 588 268 588 268 592 268 630 262 677 267 678 267 679 267 694 261 719 267 722 267 722 267 728 267 787 262 798 267 798 267 799 267 800 267 826 262 835 267 836 267 837 267 838 267 896 266 896 250 894 232 841 232 829 226 828 226 827 226 766 232 762 232 755 232 649 226 648 226 647 226 647 226 639 232 599 227 598 227 597 227 588 232 587 232 582 232 534 227 533 227 532 227 516 232 512 233 508 232 495 228 494 228 493 228 462 232 454 234 394 234 392 232 386 229 385 229 384 229 384 229 353 233 343 234 341 233 335 229 334 229 333 229 293 229 292 229 291 229 274 233 273 234 134 234 134 255"/></Shape>
	    <String CONTENT="y comenzaron á correr, se puede decir, dos diluvios, uno de las"
                    HPOS="134"
                    VPOS="226"
                    WIDTH="762"
                    HEIGHT="45"></String>
          </TextLine>

          
          
          <TextLine ID="line_4"
                    TAGREFS="LT475"
                    BASELINE="134 286 895 283" 
                    HPOS="133"
                    VPOS="260"
                    WIDTH="762"
                    HEIGHT="42">
            <Shape><Polygon POINTS="134 286 134 302 179 296 204 302 205 302 284 302 284 302 285 302 285 302 286 301 291 297 300 301 303 302 303 302 304 302 305 302 308 301 326 296 447 296 454 299 454 300 455 300 456 300 457 300 458 300 461 299 472 296 489 298 506 301 507 301 507 301 518 298 531 295 546 297 558 300 559 300 615 296 656 295 664 296 681 300 682 300 683 300 699 296 706 294 711 296 721 299 722 299 722 299 753 295 759 295 771 295 860 299 861 299 894 293 895 283 893 266 739 266 729 260 728 260 728 260 727 260 691 266 614 261 613 261 582 265 576 261 575 261 574 261 573 261 503 261 502 261 492 267 463 261 462 261 412 266 353 261 352 261 321 267 157 262 157 262 156 262 133 268 134 286"/></Shape>
	    <String CONTENT="esferas y otro por el llanto de los ojos; pues todo eran sollozos,"
                    HPOS="133"
                    VPOS="260"
                    WIDTH="762"
                    HEIGHT="42"></String>
          </TextLine>

          
          
          <TextLine ID="line_5"
                    TAGREFS="LT475"
                    BASELINE="134 320 893 315" 
                    HPOS="133"
                    VPOS="290"
                    WIDTH="760"
                    HEIGHT="46">
            <Shape><Polygon POINTS="134 320 134 336 208 330 242 335 243 335 244 335 262 329 298 334 299 334 300 334 301 334 308 329 391 332 392 332 393 332 402 328 453 328 477 333 477 333 478 333 479 333 487 327 513 327 534 332 535 332 536 333 593 333 593 332 594 332 609 327 639 332 640 332 641 332 659 326 678 331 679 331 680 331 711 327 728 331 729 331 730 331 892 331 893 315 891 296 794 296 774 290 773 290 772 290 771 290 770 290 761 296 760 296 751 296 649 291 648 291 647 291 647 291 639 296 638 297 635 296 624 293 623 293 623 293 532 296 495 298 489 297 470 293 469 293 468 293 453 297 447 298 432 297 387 293 386 293 385 293 371 297 363 299 340 297 298 294 297 294 262 297 238 300 221 297 199 295 198 295 133 297 134 320"/></Shape>
	    <String CONTENT="suspiros y lamentos. No se oia más que afligidos ecos, clamores y"
                    HPOS="133"
                    VPOS="290"
                    WIDTH="760"
                    HEIGHT="46"></String>
          </TextLine>

          
          
          <TextLine ID="line_6"
                    TAGREFS="LT475"
                    BASELINE="134 350 893 348" 
                    HPOS="133"
                    VPOS="327"
                    WIDTH="760"
                    HEIGHT="39">
            <Shape><Polygon POINTS="134 350 134 362 257 360 279 361 333 366 334 366 335 366 348 361 351 360 414 360 416 361 424 365 425 365 425 366 533 366 533 365 594 360 617 365 618 365 619 365 636 360 640 359 643 360 654 364 655 364 656 365 656 364 657 364 669 360 671 359 704 359 705 360 715 364 716 364 716 364 717 364 735 359 738 359 740 359 767 364 768 365 875 365 875 364 876 364 893 358 893 348 891 330 159 327 158 327 133 331 134 350"/></Shape>
	    <String CONTENT="alaridos de los vivientes que respondian á coro á los tristes silbi-"
                    HPOS="133"
                    VPOS="327"
                    WIDTH="760"
                    HEIGHT="39"></String>
          </TextLine>

          
          
          <TextLine ID="line_7"
                    TAGREFS="LT475"
                    BASELINE="134 384 894 380" 
                    HPOS="133"
                    VPOS="357"
                    WIDTH="761"
                    HEIGHT="41">
            <Shape><Polygon POINTS="134 384 134 398 457 394 561 397 577 397 578 397 579 397 580 397 590 393 689 396 693 396 693 396 695 396 743 392 892 395 894 380 891 361 664 361 664 361 652 357 652 357 651 357 650 357 636 361 635 361 635 361 626 357 625 357 624 357 565 361 548 362 539 361 512 358 512 358 133 361 134 384"/></Shape>
	    <String CONTENT="dos de los vientos y bramidos de las aguas; los más no se ahoga-"
                    HPOS="133"
                    VPOS="357"
                    WIDTH="761"
                    HEIGHT="41"></String>
          </TextLine>

          
          
          <TextLine ID="line_8"
                    TAGREFS="LT475"
                    BASELINE="134 416 896 412" 
                    HPOS="134"
                    VPOS="389"
                    WIDTH="762"
                    HEIGHT="42">
            <Shape><Polygon POINTS="134 416 134 431 287 427 368 429 437 430 438 430 439 430 449 428 457 426 537 427 705 429 705 429 741 424 744 424 751 424 888 428 889 428 890 428 891 428 896 424 896 412 893 391 687 394 646 391 612 389 612 389 611 389 603 391 589 395 461 395 454 392 451 390 450 390 449 390 436 392 406 395 400 392 399 391 398 391 397 391 350 391 349 391 349 391 344 392 330 395 305 392 297 391 296 391 289 392 264 396 134 393 134 416"/></Shape>
	    <String CONTENT="ban tanto en las furias de las ondas, cuanto por el aturdimiento"
                    HPOS="134"
                    VPOS="389"
                    WIDTH="762"
                    HEIGHT="42"></String>
          </TextLine>

          
          
          <TextLine ID="line_9"
                    TAGREFS="LT475"
                    BASELINE="134 450 894 445" 
                    HPOS="133"
                    VPOS="421"
                    WIDTH="761"
                    HEIGHT="43">
            <Shape><Polygon POINTS="134 450 134 464 893 457 894 445 892 426 800 421 799 421 798 421 786 425 770 421 769 421 769 421 768 421 754 426 751 426 133 426 134 450"/></Shape>
	    <String CONTENT="que les causaba la novedad de tan extraordinario fenómeno; tan"
                    HPOS="133"
                    VPOS="421"
                    WIDTH="761"
                    HEIGHT="43"></String>
          </TextLine>

          
          
          <TextLine ID="line_10"
                    TAGREFS="LT475"
                    BASELINE="134 484 894 478" 
                    HPOS="133"
                    VPOS="453"
                    WIDTH="761"
                    HEIGHT="43">
            <Shape><Polygon POINTS="134 484 134 496 171 492 249 495 265 495 266 495 267 495 268 495 268 494 274 491 307 494 330 496 331 496 343 494 359 490 433 493 502 494 503 494 504 494 505 494 510 491 513 489 518 491 525 494 526 494 527 494 647 494 647 494 668 489 676 488 683 489 700 493 701 493 726 488 727 488 728 488 742 493 743 493 744 493 880 492 880 492 894 486 894 478 892 459 787 453 786 453 758 459 680 454 679 454 604 459 576 453 575 453 527 455 526 455 525 455 516 460 350 455 349 455 277 462 241 456 240 456 133 464 134 484"/></Shape>
	    <String CONTENT="pasmados los dejaba el horror y el miedo, que aun no tenian dis-"
                    HPOS="133"
                    VPOS="453"
                    WIDTH="761"
                    HEIGHT="43"></String>
          </TextLine>

          
          
          <TextLine ID="line_11"
                    TAGREFS="LT475"
                    BASELINE="133 515 895 511" 
                    HPOS="132"
                    VPOS="486"
                    WIDTH="763"
                    HEIGHT="42">
            <Shape><Polygon POINTS="133 515 133 528 449 528 449 527 450 527 451 527 452 526 458 523 533 526 560 527 561 527 579 526 633 522 687 525 699 526 700 526 709 525 746 521 763 525 764 525 765 525 766 525 894 524 895 511 892 492 816 492 812 492 779 487 778 487 777 487 776 487 768 492 751 486 750 486 749 486 748 486 747 486 739 492 713 488 712 488 711 488 711 488 705 492 704 494 649 494 647 493 629 487 628 487 627 487 589 491 541 488 540 488 515 493 512 494 505 494 450 488 449 488 448 488 434 494 431 494 427 494 408 488 408 488 407 488 368 494 362 494 358 494 332 488 332 488 289 494 279 495 269 494 238 489 237 489 132 494 133 515"/></Shape>
	    <String CONTENT="curso para ver ó evadir el riesgo que les sobrevenia, bien que"
                    HPOS="132"
                    VPOS="486"
                    WIDTH="763"
                    HEIGHT="42"></String>
          </TextLine>

          
          
          <TextLine ID="line_12"
                    TAGREFS="LT475"
                    BASELINE="133 548 895 544" 
                    HPOS="132"
                    VPOS="519"
                    WIDTH="763"
                    HEIGHT="44">
            <Shape><Polygon POINTS="133 548 133 563 178 558 210 562 211 562 212 562 213 562 230 558 275 561 276 561 277 561 278 561 279 561 286 557 392 560 437 561 437 561 438 561 442 559 449 556 505 558 542 560 542 560 543 560 544 560 547 558 552 556 621 557 732 559 733 559 750 556 757 554 763 555 775 558 776 558 777 558 894 553 895 544 892 523 757 525 750 524 717 519 716 519 716 519 702 525 699 527 664 527 663 525 654 519 653 519 652 519 652 519 627 523 598 519 597 519 596 519 576 526 575 526 574 526 564 520 563 520 562 520 561 520 560 520 551 526 549 528 472 528 459 527 440 527 431 521 430 521 429 521 428 521 367 525 358 521 357 521 286 521 285 521 285 521 284 521 274 529 273 529 235 529 214 529 167 522 166 522 132 529 133 548"/></Shape>
	    <String CONTENT="evitarle era el mayor peligro, porque en la fuga solo experimen-"
                    HPOS="132"
                    VPOS="519"
                    WIDTH="763"
                    HEIGHT="44"></String>
          </TextLine>

          
          
          <TextLine ID="line_13"
                    TAGREFS="LT475"
                    BASELINE="134 580 895 576" 
                    HPOS="133"
                    VPOS="553"
                    WIDTH="762"
                    HEIGHT="41">
            <Shape><Polygon POINTS="134 580 134 593 199 589 205 593 206 593 207 593 208 593 209 594 281 594 281 593 293 593 332 588 360 593 364 593 365 593 383 593 473 588 487 592 490 593 491 593 492 593 497 592 518 587 571 592 577 592 578 592 590 592 668 587 686 591 690 592 691 592 692 592 693 591 705 587 711 591 711 591 712 591 713 592 817 592 817 591 818 591 820 591 837 587 893 590 895 576 893 559 864 553 863 553 862 553 862 553 856 558 834 554 833 554 765 558 747 553 746 553 746 553 745 553 744 553 736 558 699 555 699 555 698 555 686 559 685 559 684 559 655 554 654 554 581 559 580 559 578 559 517 554 516 554 515 554 495 559 465 555 464 555 463 555 462 555 455 560 453 560 428 555 427 555 352 559 324 555 323 555 299 560 294 562 228 562 226 560 215 556 214 556 213 556 133 560 134 580"/></Shape>
	    <String CONTENT="taban la imposibilidad del remedio. Esperarle era mejor que huir-"
                    HPOS="133"
                    VPOS="553"
                    WIDTH="762"
                    HEIGHT="41"></String>
          </TextLine>

          
          
          <TextLine ID="line_14"
                    TAGREFS="LT475"
                    BASELINE="134 614 781 609" 
                    HPOS="133"
                    VPOS="585"
                    WIDTH="648"
                    HEIGHT="42">
            <Shape><Polygon POINTS="134 614 134 627 349 621 450 624 451 624 452 624 453 624 459 620 780 622 781 609 780 591 705 585 704 585 703 585 702 585 694 590 612 586 611 586 569 591 564 592 559 592 536 587 535 587 534 587 524 592 524 592 508 592 393 587 392 587 391 587 379 592 378 593 373 592 349 587 349 587 297 593 282 593 277 593 262 588 261 588 260 588 259 588 245 593 239 594 223 593 199 590 198 590 198 590 197 590 192 593 189 594 133 593 134 614"/></Shape>
	    <String CONTENT="le: triste alternativa, donde el morir era el mejor alivio."
                    HPOS="133"
                    VPOS="585"
                    WIDTH="648"
                    HEIGHT="42"></String>
          </TextLine>

          
          
          <TextLine ID="line_15"
                    TAGREFS="LT475"
                    BASELINE="169 645 896 641" 
                    HPOS="169"
                    VPOS="616"
                    WIDTH="727"
                    HEIGHT="39">
            <Shape><Polygon POINTS="169 645 169 655 895 653 896 641 894 622 827 622 826 622 816 616 815 616 814 616 761 622 748 622 734 622 697 618 696 618 695 618 694 618 691 622 688 623 618 623 615 621 607 617 606 617 606 617 577 621 556 624 483 624 479 621 475 617 474 617 473 617 472 617 472 617 459 621 450 622 424 621 396 618 395 618 394 618 386 620 374 623 360 620 349 618 349 618 348 618 342 620 329 624 290 620 279 619 279 619 169 619 169 645"/></Shape>
	    <String CONTENT="Entró tambien otra confusion horrible, porque desconocidos con-"
                    HPOS="169"
                    VPOS="616"
                    WIDTH="727"
                    HEIGHT="39"></String>
          </TextLine>

          
          
          <TextLine ID="line_16"
                    TAGREFS="LT475"
                    BASELINE="134 678 896 674" 
                    HPOS="133"
                    VPOS="650"
                    WIDTH="763"
                    HEIGHT="42">
            <Shape><Polygon POINTS="134 678 134 692 168 686 230 692 238 692 238 692 244 692 289 686 375 686 393 690 396 691 396 691 397 691 405 690 449 685 552 685 560 689 561 690 562 690 563 690 564 690 578 689 641 684 667 688 672 689 673 689 674 689 676 688 689 684 723 688 728 688 728 688 729 688 730 688 746 684 775 687 782 688 783 688 784 688 786 687 795 683 820 687 826 688 827 688 895 686 896 674 894 656 841 656 841 655 829 650 828 650 827 650 763 655 761 655 760 655 744 650 743 650 742 650 707 655 699 657 621 657 618 655 612 651 612 651 611 651 610 651 565 655 542 657 528 655 509 651 508 651 483 654 470 656 466 654 458 651 457 651 456 651 431 654 417 656 396 654 371 652 370 652 369 652 365 654 356 657 324 654 305 652 304 652 295 654 279 657 268 654 265 653 264 653 263 653 257 654 231 658 133 654 134 678"/></Shape>
	    <String CONTENT="fusamente los sexos deponian á la congoja sus recatos y al horror"
                    HPOS="133"
                    VPOS="650"
                    WIDTH="763"
                    HEIGHT="42"></String>
          </TextLine>

          
          
          <TextLine ID="line_17"
                    TAGREFS="LT475"
                    BASELINE="134 709 896 706" 
                    HPOS="133"
                    VPOS="682"
                    WIDTH="763"
                    HEIGHT="37">
            <Shape><Polygon POINTS="134 709 134 719 895 717 896 706 893 682 853 688 798 688 789 682 788 682 787 682 786 682 786 682 785 682 775 688 728 688 722 683 722 683 721 683 720 683 685 686 664 683 659 682 658 682 658 682 655 683 640 689 550 689 536 683 535 683 534 683 414 683 413 683 408 684 386 689 370 684 369 684 368 684 367 684 359 684 294 689 133 686 134 709"/></Shape>
	    <String CONTENT="sus obligaciones. Ni atendia el hijo al padre, ni la madre á las"
                    HPOS="133"
                    VPOS="682"
                    WIDTH="763"
                    HEIGHT="37"></String>
          </TextLine>

          
          
          <TextLine ID="line_18"
                    TAGREFS="LT475"
                    BASELINE="134 744 895 739" 
                    HPOS="134"
                    VPOS="714"
                    WIDTH="761"
                    HEIGHT="42">
            <Shape><Polygon POINTS="134 744 134 756 332 756 332 755 332 755 333 755 344 750 410 754 425 755 425 755 432 754 465 750 551 754 561 754 562 754 565 754 591 749 733 753 741 753 742 753 745 753 784 748 893 752 895 739 893 719 785 719 764 714 763 714 763 714 762 714 755 718 640 715 639 715 617 719 599 715 598 715 597 715 573 720 461 715 460 715 437 721 399 716 398 716 357 721 348 716 347 716 346 716 285 721 142 718 141 718 140 718 139 718 134 721 134 744"/></Shape>
	    <String CONTENT="prendas de sus entrañas, ni los hijos á los que le dieron el ser, ni"
                    HPOS="134"
                    VPOS="714"
                    WIDTH="761"
                    HEIGHT="42"></String>
          </TextLine>

          
          
          <TextLine ID="line_19"
                    TAGREFS="LT475"
                    BASELINE="134 774 895 769" 
                    HPOS="134"
                    VPOS="744"
                    WIDTH="761"
                    HEIGHT="41">
            <Shape><Polygon POINTS="134 774 134 785 768 785 768 785 894 779 895 769 893 751 827 750 816 744 815 744 814 744 773 750 766 752 553 752 542 750 521 746 520 746 519 746 512 750 506 753 452 750 401 747 400 747 399 747 390 750 379 753 372 750 367 748 367 748 270 748 269 748 268 748 263 750 251 754 239 750 237 749 236 749 171 749 170 749 169 749 169 749 169 750 160 755 134 750 134 774"/></Shape>
	    <String CONTENT="los deudos á sus parientes, ni los amantes á sus queridas; faltába-"
                    HPOS="134"
                    VPOS="744"
                    WIDTH="761"
                    HEIGHT="41"></String>
          </TextLine>

          
          
          <TextLine ID="line_20"
                    TAGREFS="LT475"
                    BASELINE="134 808 896 803" 
                    HPOS="133"
                    VPOS="779"
                    WIDTH="763"
                    HEIGHT="41">
            <Shape><Polygon POINTS="134 808 134 816 284 820 285 820 361 816 380 815 392 816 434 820 435 820 436 820 448 816 453 814 469 816 499 819 500 819 553 815 589 814 596 815 603 818 604 818 605 818 606 818 613 815 620 814 636 815 658 818 658 818 678 815 693 814 894 814 896 803 894 785 779 785 764 779 763 779 763 779 735 785 727 780 726 780 725 780 724 780 651 785 600 780 599 780 572 786 542 781 541 781 472 786 443 781 442 781 441 781 426 785 308 782 307 782 241 788 227 783 227 783 226 783 225 783 211 789 133 789 134 808"/></Shape>
	    <String CONTENT="se, en fin, á todos los respetos por lo mismo que la naturaleza se"
                    HPOS="133"
                    VPOS="779"
                    WIDTH="763"
                    HEIGHT="41"></String>
          </TextLine>

          
          
          <TextLine ID="line_21"
                    TAGREFS="LT475"
                    BASELINE="134 843 517 837 892 837" 
                    HPOS="133"
                    VPOS="812"
                    WIDTH="759"
                    HEIGHT="39">
            <Shape><Polygon POINTS="134 843 134 851 891 847 892 837 891 815 694 813 693 813 658 815 639 817 633 816 619 812 618 812 617 812 584 816 572 817 558 816 519 813 518 813 518 813 517 813 512 816 508 818 505 816 498 813 497 813 496 813 495 813 485 816 482 817 477 816 455 813 454 813 454 813 445 816 440 819 421 816 398 814 397 814 133 817 134 843"/></Shape>
	    <String CONTENT="conjuró contra los delitos, siendo todo confusion, horror y espanto."
                    HPOS="133"
                    VPOS="812"
                    WIDTH="759"
                    HEIGHT="39"></String>
          </TextLine>

          
          
          <TextLine ID="line_22"
                    TAGREFS="LT475"
                    BASELINE="134 874 895 868" 
                    HPOS="134"
                    VPOS="843"
                    WIDTH="761"
                    HEIGHT="43">
            <Shape><Polygon POINTS="134 874 134 884 356 882 359 883 366 886 367 886 367 886 392 883 399 882 408 883 448 886 448 886 469 882 475 881 494 882 568 885 569 885 600 881 606 880 616 880 676 884 676 884 751 879 757 879 758 879 785 884 786 884 786 884 796 879 798 878 803 878 836 883 837 883 894 878 895 868 893 849 781 849 766 843 765 843 764 843 726 849 720 849 716 849 688 843 687 843 687 843 670 849 664 849 607 849 490 845 489 845 462 849 435 851 406 849 384 846 383 846 382 846 377 849 371 851 293 849 253 847 252 847 245 849 225 854 163 854 134 849 134 874"/></Shape>
	    <String CONTENT="Los más buscando trazas para evadirse del riesgo y evitar el peli-"
                    HPOS="134"
                    VPOS="843"
                    WIDTH="761"
                    HEIGHT="43"></String>
          </TextLine>

          
          
          <TextLine ID="line_23"
                    TAGREFS="LT475"
                    BASELINE="134 908 350 903 895 901" 
                    HPOS="134"
                    VPOS="876"
                    WIDTH="761"
                    HEIGHT="44">
            <Shape><Polygon POINTS="134 908 134 920 192 916 241 919 242 919 243 919 252 915 894 915 895 901 893 880 735 876 734 876 734 876 716 881 714 881 708 881 640 877 639 877 638 877 622 881 602 877 601 877 580 881 369 878 368 878 367 878 350 884 349 884 346 884 323 879 322 879 321 879 320 879 314 884 310 884 261 880 260 880 259 880 244 884 241 885 134 885 134 908"/></Shape>
	    <String CONTENT="gro, anhelaban las cumbres de las torres y edificios, y lo mismo era"
                    HPOS="134"
                    VPOS="876"
                    WIDTH="761"
                    HEIGHT="44"></String>
          </TextLine>

          
          
          <TextLine ID="line_24"
                    TAGREFS="LT475"
                    BASELINE="135 939 895 934" 
                    HPOS="134"
                    VPOS="910"
                    WIDTH="761"
                    HEIGHT="42">
            <Shape><Polygon POINTS="135 939 135 952 166 948 248 951 261 951 262 951 894 942 895 934 893 912 720 910 719 910 718 910 711 913 705 916 631 916 625 914 606 911 606 911 573 915 563 916 557 915 536 911 536 911 535 911 518 915 513 917 510 916 500 912 499 912 449 912 448 912 448 912 447 912 439 916 438 917 431 917 389 913 388 913 387 913 369 917 366 918 361 918 329 913 328 913 266 919 261 919 259 919 244 913 243 913 242 913 241 913 224 919 186 913 185 913 134 919 135 939"/></Shape>
	    <String CONTENT="poseerlas que arruinarse: los montes tambien se precipitaban en"
                    HPOS="134"
                    VPOS="910"
                    WIDTH="761"
                    HEIGHT="42"></String>
          </TextLine>

          
          
          <TextLine ID="line_25"
                    TAGREFS="LT475"
                    BASELINE="134 971 895 965" 
                    HPOS="133"
                    VPOS="940"
                    WIDTH="762"
                    HEIGHT="45">
            <Shape><Polygon POINTS="134 971 135 985 139 982 205 984 227 985 228 985 229 985 233 984 245 981 285 983 301 984 302 984 308 983 324 980 469 981 590 982 591 982 894 975 895 965 893 944 819 940 818 940 817 940 816 940 810 944 810 945 763 945 753 944 726 941 725 941 685 944 667 946 647 944 605 942 604 942 579 945 563 947 495 945 422 943 421 943 420 943 415 945 408 948 392 945 384 944 383 944 367 946 338 948 326 946 320 944 320 944 319 944 291 946 222 950 133 947 134 971"/></Shape>
	    <String CONTENT="los rios y arrojaban soberbias corrientes al inmenso golfo de las"
                    HPOS="133"
                    VPOS="940"
                    WIDTH="762"
                    HEIGHT="45"></String>
          </TextLine>

          
          
          <TextLine ID="line_26"
                    TAGREFS="LT475"
                    BASELINE="134 1004 893 998" 
                    HPOS="134"
                    VPOS="974"
                    WIDTH="759"
                    HEIGHT="44">
            <Shape><Polygon POINTS="134 1004 134 1018 180 1012 227 1017 232 1017 233 1017 233 1017 234 1017 243 1012 324 1015 345 1016 346 1016 347 1016 348 1016 349 1015 355 1012 414 1014 449 1015 450 1015 451 1015 456 1013 466 1010 475 1013 478 1014 479 1014 480 1014 496 1012 524 1010 579 1012 641 1013 642 1013 643 1013 644 1013 648 1011 652 1009 683 1010 757 1012 757 1012 777 1008 785 1007 792 1008 810 1012 811 1012 892 1006 893 998 891 977 809 974 808 974 766 978 755 979 753 978 748 975 747 975 746 975 693 975 693 975 661 979 654 980 648 979 620 976 619 976 552 981 542 981 540 981 527 977 526 977 525 977 460 982 452 982 449 982 429 977 428 977 392 982 372 977 371 977 370 977 350 983 349 983 341 983 245 978 244 978 244 978 243 978 236 983 236 984 134 984 134 1004"/></Shape>
	    <String CONTENT="aguas que llenaban los valles y las selvas, convirtiéndolos en ma-"
                    HPOS="134"
                    VPOS="974"
                    WIDTH="759"
                    HEIGHT="44"></String>
          </TextLine>

          
          
          <TextLine ID="line_27"
                    TAGREFS="LT475"
                    BASELINE="134 1036 895 1030" 
                    HPOS="134"
                    VPOS="1006"
                    WIDTH="761"
                    HEIGHT="44">
            <Shape><Polygon POINTS="134 1036 135 1050 151 1046 198 1049 198 1049 244 1045 338 1048 349 1048 350 1048 351 1048 352 1048 367 1044 443 1047 456 1047 457 1047 458 1047 459 1047 464 1043 894 1043 895 1030 893 1012 853 1006 807 1006 806 1006 805 1006 784 1012 721 1007 720 1007 675 1013 618 1008 617 1008 617 1008 616 1008 609 1013 588 1008 587 1008 586 1008 585 1008 567 1013 535 1009 534 1009 503 1014 483 1009 482 1009 481 1009 480 1009 458 1015 408 1011 408 1011 349 1016 256 1011 255 1011 254 1011 240 1017 165 1013 164 1013 134 1018 134 1036"/></Shape>
	    <String CONTENT="res; y en fin, iban por momento creciendo más y más las aguas; la"
                    HPOS="134"
                    VPOS="1006"
                    WIDTH="761"
                    HEIGHT="44"></String>
          </TextLine>

          
          
          <TextLine ID="line_28"
                    TAGREFS="LT475"
                    BASELINE="134 1068 891 1063" 
                    HPOS="134"
                    VPOS="1039"
                    WIDTH="757"
                    HEIGHT="43">
            <Shape><Polygon POINTS="134 1068 134 1077 219 1082 220 1082 221 1082 228 1077 230 1077 240 1077 285 1081 285 1081 361 1077 417 1076 465 1077 512 1080 512 1080 533 1077 561 1075 599 1077 617 1079 618 1079 629 1077 658 1074 716 1077 728 1078 729 1078 734 1077 769 1073 890 1077 891 1063 890 1046 810 1039 810 1039 775 1044 716 1040 715 1040 681 1046 681 1046 680 1046 655 1041 654 1041 653 1041 640 1046 637 1047 621 1046 512 1041 512 1041 470 1046 441 1041 440 1041 439 1041 426 1047 424 1047 421 1047 407 1041 406 1041 405 1041 366 1043 365 1043 364 1043 359 1047 356 1049 290 1049 285 1047 268 1042 267 1042 266 1042 243 1047 236 1049 158 1049 153 1047 141 1043 140 1043 139 1043 139 1043 138 1043 134 1045 134 1068"/></Shape>
	    <String CONTENT="tierra se abria en cavernosas hendiduras; roto el aire bramaba, y"
                    HPOS="134"
                    VPOS="1039"
                    WIDTH="757"
                    HEIGHT="43"></String>
          </TextLine>

          
          
          <TextLine ID="line_29"
                    TAGREFS="LT475"
                    BASELINE="134 1102 895 1095" 
                    HPOS="133"
                    VPOS="1070"
                    WIDTH="762"
                    HEIGHT="45">
            <Shape><Polygon POINTS="134 1102 134 1111 219 1115 220 1115 221 1115 221 1115 228 1111 230 1110 249 1111 322 1114 323 1114 324 1114 336 1110 339 1109 346 1110 367 1113 368 1113 408 1110 427 1108 445 1109 483 1112 484 1112 485 1112 499 1109 504 1108 530 1109 600 1111 601 1111 602 1111 603 1111 606 1108 609 1106 617 1108 627 1111 628 1111 629 1111 666 1108 704 1105 713 1108 721 1110 722 1110 722 1110 894 1106 895 1095 892 1076 757 1077 749 1076 710 1070 709 1070 708 1070 686 1076 678 1078 662 1076 623 1072 622 1072 597 1076 582 1080 553 1080 549 1076 543 1073 542 1073 542 1073 541 1073 540 1073 532 1076 528 1079 522 1076 513 1074 512 1074 429 1073 428 1073 427 1073 419 1077 412 1081 384 1077 357 1074 356 1074 268 1076 267 1076 261 1077 247 1082 238 1077 233 1075 232 1075 231 1075 133 1077 134 1102"/></Shape>
	    <String CONTENT="turbada su diafanidad ofuscaba la luz, y la poca que se gozaba"
                    HPOS="133"
                    VPOS="1070"
                    WIDTH="762"
                    HEIGHT="45"></String>
          </TextLine>

          
          
          <TextLine ID="line_30"
                    TAGREFS="LT475"
                    BASELINE="134 1134 893 1128" 
                    HPOS="133"
                    VPOS="1107"
                    WIDTH="760"
                    HEIGHT="41">
            <Shape><Polygon POINTS="134 1134 134 1144 254 1148 255 1148 353 1144 361 1144 373 1144 503 1146 504 1146 505 1146 506 1146 510 1144 514 1141 545 1143 577 1146 578 1146 608 1143 643 1140 676 1143 699 1145 700 1145 724 1143 767 1140 891 1142 893 1128 891 1107 133 1111 134 1134"/></Shape>
	    <String CONTENT="más bien acongojaba, porque siendo insuficiente para vislumbrar"
                    HPOS="133"
                    VPOS="1107"
                    WIDTH="760"
                    HEIGHT="41"></String>
          </TextLine>

          
          
          <TextLine ID="line_31"
                    TAGREFS="LT475"
                    BASELINE="134 1167 650 1163" 
                    HPOS="133"
                    VPOS="1140"
                    WIDTH="517"
                    HEIGHT="40">
            <Shape><Polygon POINTS="134 1167 134 1180 160 1175 186 1180 188 1180 189 1180 192 1180 226 1175 256 1179 258 1179 259 1179 260 1179 261 1179 266 1175 287 1179 290 1179 291 1179 291 1179 292 1179 301 1175 329 1179 334 1179 335 1179 345 1178 401 1174 406 1178 407 1178 408 1178 408 1178 418 1178 481 1174 487 1177 488 1178 489 1178 489 1178 490 1178 496 1177 514 1174 540 1177 546 1177 547 1177 547 1177 548 1177 548 1176 553 1173 564 1176 566 1177 567 1177 568 1177 650 1175 650 1163 648 1146 609 1140 608 1140 607 1140 594 1145 579 1140 578 1140 577 1140 536 1145 527 1140 526 1140 525 1140 524 1140 524 1140 523 1140 513 1146 393 1141 392 1141 391 1141 390 1141 384 1146 357 1141 356 1141 355 1141 341 1146 326 1141 326 1141 325 1141 324 1141 323 1141 320 1145 316 1142 316 1141 315 1141 314 1141 262 1141 262 1141 177 1146 148 1142 147 1142 146 1142 133 1147 134 1167"/></Shape>
	    <String CONTENT="el alivio era lo bastante para ver los apuros."
                    HPOS="133"
                    VPOS="1140"
                    WIDTH="517"
                    HEIGHT="40"></String>
          </TextLine>

          
          
          <TextLine ID="line_32"
                    TAGREFS="LT475"
                    BASELINE="169 1198 893 1193" 
                    HPOS="169"
                    VPOS="1170"
                    WIDTH="724"
                    HEIGHT="41">
            <Shape><Polygon POINTS="169 1198 169 1211 460 1211 460 1210 461 1210 462 1210 466 1208 469 1206 476 1208 486 1210 487 1210 518 1207 542 1205 575 1206 647 1210 647 1210 648 1210 649 1210 653 1205 656 1204 672 1205 718 1209 719 1209 762 1204 775 1204 792 1204 868 1208 869 1208 892 1203 893 1193 891 1175 827 1171 826 1171 763 1175 748 1175 746 1175 736 1170 735 1170 734 1170 734 1170 725 1175 722 1176 686 1176 681 1175 664 1170 663 1170 662 1170 661 1170 646 1175 640 1176 623 1175 590 1171 589 1171 588 1171 588 1171 582 1175 580 1176 505 1177 472 1175 442 1172 441 1172 427 1175 409 1178 397 1175 392 1173 391 1173 390 1173 363 1175 318 1177 169 1175 169 1198"/></Shape>
	    <String CONTENT="Por último, ya iban las aguas elevándose y tomando tanto cuer-"
                    HPOS="169"
                    VPOS="1170"
                    WIDTH="724"
                    HEIGHT="41"></String>
          </TextLine>

          
          
          <TextLine ID="line_33"
                    TAGREFS="LT475"
                    BASELINE="134 1232 894 1227" 
                    HPOS="133"
                    VPOS="1203"
                    WIDTH="761"
                    HEIGHT="41">
            <Shape><Polygon POINTS="134 1232 134 1244 893 1238 894 1227 892 1208 862 1203 862 1203 861 1203 851 1208 848 1208 766 1208 760 1208 732 1204 731 1204 670 1208 658 1208 658 1208 649 1204 648 1204 647 1204 647 1204 646 1204 640 1208 637 1210 550 1210 546 1208 537 1204 536 1204 536 1204 494 1208 464 1210 449 1208 434 1205 433 1205 384 1208 336 1210 314 1208 301 1206 300 1206 288 1208 259 1211 242 1208 238 1207 238 1207 230 1208 191 1211 133 1208 134 1232"/></Shape>
	    <String CONTENT="po, que ya perdian todos la esperanza de huir del riesgo, aun los"
                    HPOS="133"
                    VPOS="1203"
                    WIDTH="761"
                    HEIGHT="41"></String>
          </TextLine>

          
          
          <TextLine ID="line_34"
                    TAGREFS="LT475"
                    BASELINE="134 1262 893 1259" 
                    HPOS="134"
                    VPOS="1236"
                    WIDTH="759"
                    HEIGHT="41">
            <Shape><Polygon POINTS="134 1262 134 1273 323 1277 324 1277 345 1272 349 1272 366 1272 487 1276 488 1276 521 1271 525 1271 530 1271 553 1275 553 1276 702 1276 702 1275 725 1270 728 1270 745 1270 862 1274 862 1274 892 1269 893 1259 891 1242 807 1242 798 1236 797 1236 796 1236 795 1236 764 1241 723 1236 722 1236 693 1242 663 1238 662 1238 621 1242 605 1237 604 1237 603 1237 528 1242 324 1238 323 1238 134 1245 134 1262"/></Shape>
	    <String CONTENT="que se habian posesionado de las cumbres; así que los más cuer-"
                    HPOS="134"
                    VPOS="1236"
                    WIDTH="759"
                    HEIGHT="41"></String>
          </TextLine>

          
          
          <TextLine ID="line_35"
                    TAGREFS="LT475"
                    BASELINE="134 1295 894 1292" 
                    HPOS="134"
                    VPOS="1268"
                    WIDTH="760"
                    HEIGHT="42">
            <Shape><Polygon POINTS="134 1295 134 1305 372 1310 373 1310 373 1310 387 1304 388 1304 391 1304 435 1309 436 1309 512 1304 524 1309 524 1309 525 1310 603 1310 603 1309 649 1303 650 1303 651 1303 676 1309 676 1309 744 1303 758 1309 759 1309 760 1309 831 1309 831 1309 894 1302 894 1292 892 1273 716 1268 716 1268 134 1274 134 1295"/></Shape>
	    <String CONTENT="dos y prudentes, si prudencia y cordura daba lugar á haberla, ele-"
                    HPOS="134"
                    VPOS="1268"
                    WIDTH="760"
                    HEIGHT="42"></String>
          </TextLine>

          
          
          <TextLine ID="line_36"
                    TAGREFS="LT475"
                    BASELINE="134 1329 893 1324" 
                    HPOS="133"
                    VPOS="1300"
                    WIDTH="760"
                    HEIGHT="44">
            <Shape><Polygon POINTS="134 1329 134 1344 176 1339 328 1342 372 1343 373 1343 380 1342 400 1338 468 1340 512 1342 512 1342 526 1339 542 1337 580 1338 620 1341 621 1341 622 1341 634 1338 643 1336 664 1338 692 1340 693 1340 734 1337 747 1336 751 1337 764 1340 765 1340 766 1340 892 1334 893 1324 891 1306 697 1300 696 1300 661 1305 652 1307 555 1307 549 1305 538 1301 537 1301 536 1301 536 1301 526 1305 521 1307 510 1305 498 1303 497 1303 477 1304 447 1308 415 1304 387 1302 386 1302 373 1304 355 1309 315 1304 297 1303 296 1303 295 1303 290 1304 280 1308 268 1304 261 1303 260 1303 259 1303 239 1304 184 1309 133 1304 134 1329"/></Shape>
	    <String CONTENT="gian un triste rincon de su casa para esperar allí la muerte, ó so-"
                    HPOS="133"
                    VPOS="1300"
                    WIDTH="760"
                    HEIGHT="44"></String>
          </TextLine>

          
          
          <TextLine ID="line_37"
                    TAGREFS="LT475"
                    BASELINE="134 1359 891 1357" 
                    HPOS="133"
                    VPOS="1335"
                    WIDTH="758"
                    HEIGHT="47">
            <Shape><Polygon POINTS="134 1359 134 1376 244 1373 250 1376 260 1381 261 1381 262 1382 338 1382 338 1381 339 1381 349 1376 355 1373 364 1376 373 1378 373 1378 374 1378 393 1376 413 1373 427 1376 450 1381 451 1381 452 1381 453 1381 460 1376 464 1373 481 1376 493 1378 494 1378 495 1378 499 1376 503 1374 508 1376 518 1380 519 1380 520 1381 580 1381 580 1380 581 1380 589 1376 596 1373 647 1373 653 1376 659 1380 660 1380 661 1380 662 1380 772 1379 773 1379 774 1379 779 1376 781 1374 796 1376 824 1378 825 1378 826 1378 835 1376 845 1373 890 1375 891 1357 890 1341 839 1335 838 1335 837 1335 825 1340 802 1335 687 1335 686 1335 654 1340 649 1340 644 1340 613 1336 612 1336 612 1336 599 1339 596 1340 581 1339 518 1336 518 1336 493 1339 479 1341 469 1339 452 1336 424 1336 423 1336 422 1336 421 1336 417 1339 413 1342 319 1342 314 1338 309 1336 308 1336 308 1336 307 1336 306 1336 297 1338 288 1341 283 1338 279 1337 278 1337 277 1337 268 1338 254 1341 133 1338 134 1359"/></Shape>
	    <String CONTENT="focados ó arruinados; arreciando los vientos con espantosos bra-"
                    HPOS="133"
                    VPOS="1335"
                    WIDTH="758"
                    HEIGHT="47"></String>
          </TextLine>

          
        </TextBlock>
        

        
      </PrintSpace>
    </Page>
  </Layout>
</alto>
