1860 2629
493 1189 766 145 LA GITANÍA.

100 1313 450 77 Aquí etá la gitanía

48 1368 514 64 la de la güena ventura

64 1426 488 66 y decir verdá te jura

51 1472 609 82 porque é cosa muy senciya.

99 1527 495 72 Dame do cuarto zalao

68 1583 490 65 y ecucha á la gitanía

51 1634 463 66 te dirá cual é tu via

48 1689 521 66 en ese mundo arratrao.

108 1740 569 71 Veo una cruz en tu mano

49 1795 609 68 que ezplica clara tu zuerte:

49 1841 602 72 too er mundo á de quererte

51 1900 648 71 po que eres noble y humano.

99 1952 546 75 En tus ojos estoy viendo

49 2003 666 70 que á tí muchas te han gustao

49 2060 590 72 por mi no hay na reservao

52 2116 595 66 por que todas las entiendo.

99 2161 440 70 Si te casas hijo mio

49 2220 637 77 tendras niños muy hermosos

869 1327 571 69 los mas lindos y graciosos

869 1386 580 64 que este mundo á conosío.

916 1438 529 61 Con tu mugér sobre too

866 1486 541 70 as de tenér gran cuidao

870 1539 478 71 pue para verte burlao

867 1593 620 70 se valdrá de cualquier moo.

924 1643 392 76 Te verás afavorio

867 1710 507 57 si tu no corres la tuna

870 1752 550 63 tendrás una grán fortuna

872 1808 480 71 y eztarás enrriquecío.

914 1857 545 75 Si buscas otras mugeres

869 1910 540 74 serás tú muy desgrasiao

866 1964 567 67 porque too hombre casao

864 2012 613 76 ha de clumplir sus deberes.

913 2072 648 70 Adiós á dios que yo me largo

864 2123 500 75 y piensa en la gitanía

867 2182 478 58 que en esta pícara via

864 2228 591 75 lo durse se güerve amargo.

92 2342 1553 122 Se halla en venta en casa Jnan Grau, calle del Metje Fortuny, núm. 5, REUS.
