1041 1444
865 50 11 49 17

119 96 381 32 y asi dice el Chrisostomo,

110 121 390 42 que se llamó de Ciencia del

109 159 391 43 Bien, y del Mal, por la

105 196 395 37 ocasion de haberse de exer-

105 231 400 40 cer en él la obediencia, y

105 267 400 43 desobediencia de nuestros

105 304 400 44 primeros Padres. No admi-

104 341 401 43 te duda, dice el Santo

105 377 396 44 Doctor, que Adan bien

105 414 396 39 sabia, que la obediencia á

104 450 397 42 su Criador era buena, y la

104 484 397 39 desobediencia era mala:

105 523 396 44 pero luego que pecó, que-

105 559 396 42 brantado el precepto, lo

103 596 398 40 supo mucho mejor ; y por

104 632 399 41 esto se levantó este arbol

103 671 400 38 con el titulo de Ciencia del

103 703 400 44 Bien y del Mal ; pues des-

103 742 400 41 de entonces empezó Adan

105 776 395 44 á conocer, asi del mal, co-

105 811 206 42 mo del bien.

128 849 372 39 Theodoreto pone un

102 883 398 44 exemplo, que lo conven-

104 922 397 39 ce bastantemente, en el

102 953 399 44 Arbol de la Cruz. Dice,

103 990 398 45 pues, que aquel Sagrado

102 1027 399 44 Arbol no era de diversa na-

102 1064 401 43 turaleza que los demás ar-

105 1100 398 44 boles que produce la tier-

105 1137 398 43 ra ; y con todo se llama,

112 1173 391 42 y con sobradisima razon,

107 1210 396 51 Arbol de la vida ; porque

526 91 390 38 de alli le vino todo su re-

526 122 389 42 medio al Genero Huma-

526 159 390 43 no. Mas  este Arbol no te-

526 196 388 37 nia de suyo la virtud de co-

521 232 392 40 municar á los hombres la

521 267 390 41 salud, sino por haber obra-

521 304 388 41 do en él Jesu-Christo nues-

521 340 388 42 tra Redencion. Otros mu-

521 377 387 42 chos exemplares trahe este

521 414 386 39 Doctor, que pueden verse

521 450 385 42 en la Intelig. 26. sobre el

521 486 387 37 Genesis. Sobre todo, San

518 522 388 44 Agustin dice, que este ar-

518 559 389 42 bol tomó el nombre de lo

518 596 390 39 acaecido con Adan, y Eva:

518 632 391 41 que luego que comieron

518 671 391 38 de su fruta, se les abrieron

518 703 389 44 los ojos ; pero que no fue

518 742 390 41 para ver, pues antes ya

518 775 388 44 veían, sino para discernir

515 818 3 29 entre el bien que habian

518 849 387 39 perdido, y el mal en que

518 882 249 43 habian incurrido.

538 917 370 47 Colocados Adan, y Eva

518 953 388 42 en el Paraíso, les conce-

518 988 387 45 dió Dios el dominio de to-

518 1025 389 44 do aquel ameno Jardin, di-

521 1062 388 42 ciendoles, que gozasen de

521 1099 386 44 todas sus delicias, y junta-

521 1137 389 43 mente de todos sus frutos:

521 1173 390 41 solamente les vedó el que

521 1210 392 51 comiesen del arbol, que

862 1245 52 42 fue

693 1244 27 45 C
