1860 2629
179.0 1375.0 1433.0 106.0 D. JACINTO DEL CASTILLO

491.0 1463.0 807.0 88.0 Y DOÑA LEONOR DE LA ROSA

168.0 1535.0 1437.0 59.0 Relación de la horrorosa muerte que sufrieron estos dos fieles amantes en

164.0 1581.0 1441.0 68.0 Argelia, por ser firmes en sus promesas de amor y en la fé de Jesucristo.

618.0 1623.0 559.0 96.0 SEGUNDA PARTE

197.0 1700.0 487.0 61.0 Ya dije en la primera parte,

155.0 1741.0 435.0 57.0 como van por el camino

155.0 1783.0 439.0 52.0 don Jacinto con Leonor,

157.0 1822.0 459.0 59.0 ambos del amor rendidos.

155.0 1866.0 358.0 53.0 Apenas el claro día,

153.0 1903.0 408.0 55.0 daba luz á los nacidos,

151.0 1938.0 441.0 62.0 del camino se apartaron,

153.0 1982.0 487.0 57.0 y entre unos ásperos riscos,

151.0 2024.0 414.0 52.0 en una espesa montaña

153.0 2065.0 430.0 55.0 se quedaron escondidos.

153.0 2101.0 526.0 61.0 Pidió Leonor, que en merced,

146.0 2140.0 391.0 55.0 le conceda D. Jacinto

151.0 2186.0 371.0 53.0 guardase la castidad,

146.0 2221.0 441.0 61.0 hasta que el cielo divino

149.0 2265.0 390.0 52.0 les eche su bendición,

151.0 2309.0 410.0 81.0 esto, Señor, os suplico;

967.0 1704.0 498.0 55.0 porque quiero que me goces

967.0 1741.0 381.0 55.0 no galán sino marido.

973.0 1781.0 446.0 57.0 Y como hombre discreto:

967.0 1822.0 399.0 53.0 accedió á tal demanda

965.0 1860.0 460.0 59.0 (que los generosos pechos

962.0 1901.0 498.0 53.0 saben vencerse á sí mismos).

967.0 1941.0 474.0 59.0 Llegó la noche, y caminan,

969.0 1980.0 399.0 55.0 y de la suerte que digo

965.0 2026.0 390.0 53.0 llegaron hasta Bayona

965.0 2061.0 550.0 68.0 que es puerto de mar muy rico,

967.0 2107.0 454.0 55.0 á tiempo que un mercader

965.0 2147.0 315.0 54.0 salía con su navío

962.0 2184.0 411.0 55.0 á la ciudad de Venecia,

962.0 2223.0 474.0 57.0 con que ajustó don Jacinto

962.0 2263.0 426.0 52.0 el viaje y se embarcaron

958.0 2304.0 423.0 94.0 con contento y regocijo
