1860 2629
120.0 1235.0 1503.0 88.0 NUEVAS Y HERMOSAS CANCIONES

421.0 1305.0 914.0 108.0 DE LA JOTA VALENCIANA

116.0 1424.0 1504.0 92.0 Las más bonitas y variadas que se conocen hoy día

585.0 1496.0 568.0 101.0 por J. F. (a) Queri

175.0 1586.0 572.0 61.0 Viva España que es mi vida

129.0 1629.0 577.0 71.0 y mi dicha y mi conciencia,

131.0 1675.0 489.0 62.0 viva mi prenda querida

129.0 1715.0 577.0 70.0 que es la reina de Valencia.

182.0 1768.0 451.0 56.0 Valencianita del alma

127.0 1809.0 563.0 59.0 dame de tu pecho un ramo;

131.0 1853.0 542.0 57.0 vuelve la dicha a mi alma

131.0 1901.0 511.0 64.0 ya que la dicha reclamo.

175.0 1938.0 515.0 68.0 Al mirar las valencianas

129.0 1989.0 557.0 59.0 como un loco me embeleso;

129.0 2035.0 539.0 57.0 al momento me dan ganas

127.0 2076.0 552.0 60.0 de dar a su frente un beso.

175.0 2122.0 489.0 64.0 No seas por Dios tirana

131.0 2168.0 450.0 57.0 valencianita preciosa

133.0 2214.0 518.0 64.0 porque yo de buena gana

131.0 2258.0 562.0 59.0 quisiera hacerte mi esposa.

177.0 2302.0 511.0 61.0 En el Grao yo me estaba

131.0 2346.0 496.0 77.0 recordando mis amores,

879.0 1586.0 597.0 61.0 pues desde allí, contemplaba

881.0 1634.0 546.0 57.0 a mi diosa entre las flores.

925.0 1675.0 636.0 84.0 Como a sabio y como a ciencia

881.0 1728.0 439.0 55.0 nadie como Salomón;

881.0 1770.0 505.0 61.0 y por jardines, Valencia

881.0 1809.0 494.0 57.0 según dice una canción.

927.0 1857.0 520.0 59.0 No igualan en hermosura

883.0 1903.0 417.0 55.0 ángeles ni serafines,

881.0 1941.0 441.0 63.0 a la preciosa llanura,

879.0 1991.0 559.0 55.0 de Valencia y sus jardines.

927.0 2030.0 582.0 57.0 Aunque no esté junto al mar

888.0 2079.0 550.0 57.0 Valencia, se junta al Grao;

881.0 2122.0 522.0 57.0 mucho le llega a envidiar

881.0 2162.0 443.0 68.0 la gran ría de Bilbao.

927.0 2208.0 459.0 59.0 Valencia es la Capital

881.0 2254.0 601.0 61.0 de su reino, y no os asombre;

881.0 2302.0 421.0 59.0 en su pila bautismal

881.0 2348.0 505.0 86.0 allí pusieron mi nombre.
