1860 2629
747.0 94.0 281.0 79.0 DICIEMBRE

173.0 144.0 463.0 79.0 El que nazca en este mes

135.0 197.0 435.0 59.0 Será hombre de talento,

140.0 243.0 450.0 57.0 De elevado pensamiento,

133.0 280.0 435.0 57.0 Nada le saldrá al revés.

179.0 326.0 360.0 55.0 Mas una mujer será

138.0 368.0 397.0 52.0 Un poco su perdición,

144.0 405.0 448.0 55.0 Mas con calma y corazón

135.0 444.0 397.0 73.0 Sus penas extinguirá.

976.0 120.0 497.0 94.0 Febo, el Dios de los amores

936.0 186.0 432.0 65.0 En este mes brilla puro,

943.0 238.0 373.0 55.0 Y la niña yo aseguro

945.0 271.0 421.0 59.0 Nacerá entre mil flores.

976.0 302.0 489.0 72.0 Será honesta pura y bella,

940.0 359.0 481.0 50.0 Mas... cuidado en el amor,

940.0 392.0 411.0 61.0 Porque algún seductor

197.0 617.0 1377.0 147.0 EL LENGUAE DE LAS FLORES

179.0 817.0 481.0 90.0 Plor de lis es flor preciosa

144.0 887.0 470.0 66.0 Del amor la más hermosa.

184.0 926.0 452.0 79.0 La Acacia fiene un amor

140.0 966.0 379.0 65.0 Platónico y de valor.

186.0 1003.0 417.0 66.0 El Morado aleti inspira

146.0 1040.0 538.0 75.0 Modestia al que amor suspira.

188.0 1095.0 450.0 55.0 La Amapola da consuelo,

146.0 1128.0 472.0 68.0 Llena el alma con anholo.

195.0 1176.0 405.0 57.0 Angética es la primera

144.0 1218.0 397.0 52.0 En amistad duradera.

188.0 1242.0 467.0 65.0 La Camelia, amores vivos

149.0 1294.0 493.0 55.0 Tiene, y muchos atractivos.

175.0 1338.0 443.0 50.0 Pureza también inspira

146.0 1371.0 479.0 66.0 La Camelia al que la mira

188.0 1408.0 415.0 64.0 La Celedonta, en favor

151.0 1445.0 471.0 71.0 Lleva un suspiro de amor.

188.0 1498.0 388.0 55.0 El Césped obsequioso

151.0 1531.0 441.0 61.0 Da á los amantes reposo

188.0 1568.0 448.0 64.0 El Clarel, si es amarillo,

149.0 1614.0 451.0 59.0 Da desdén sólo su brillo:

197.0 1660.0 458.0 55.0 Y con los de otros colores

142.0 1695.0 496.0 64.0 Tnedes conquistar amores.

190.0 1741.0 421.0 57.0 Halia, del mismo color,

151.0 1778.0 408.0 53.0 y ne pronto al amador.

186.0 1800.0 439.0 73.0 Elor de Mayo da belleza

146 1864 498 46 «l que en amores empieza.

190.0 1901.0 408.0 61.0 El Girasol, falsedad

153.0 1943.0 401.0 70.0 Inspira y volubilidad.

940.0 874.0 448.0 70.0 Solo nos da y esperanza.

989.0 797.0 366.0 101.0 Irís azul, confianza

943.0 961.0 425.0 62.0 En amores es muy fría.

984.0 917.0 424.0 68.0 La Hortensia, sin falsía

984.0 1001.0 454.0 63.0 El Jazmín es la elegancia

945.0 1038.0 504.0 59.0 De la gracia y la constancia

982.0 1080.0 480.0 65.0 El Laurel, triunfo y gloria

947.0 1123.0 467.0 60.0 Nos depara en la victoria.

987.0 1165.0 403.0 55.0 La Lila es del corazón

945.0 1204.0 482.0 55.0 De amor primera emoción.

989.0 1246.0 401.0 53.0 Madreselva, con ardor.

943.0 1283.0 375.0 59.0 Es el lazo del amor.

987.0 1327.0 364.0 53.0 La Malva débil será

943.0 1358.0 465.0 72.0 Para el pobre que amará.

987.0 1406.0 504.0 61.0 La Murgarito, en su estado,

945.0 1445.0 474.0 64.0 Siempre olvida lo pasado.

987.0 1489.0 405.0 59.0 La Muriposa en razón

949.0 1524.0 463.0 68.0 Llena está de presunción.

987.0 1570.0 482.0 57.0 La Rosu, como es hermosa

947.0 1608.0 485.0 61.0 Por la unión es la dichosa.

987.0 1651.0 399.0 57.0 Plátano da protección

956.0 1693.0 381.0 57.0 A todo buen corazón.

991.0 1715.0 496.0 81.0 Siemprecirua, en su bondad

949.0 1772.0 421.0 57.0 Es la perfecta amistad.

987.0 1811.0 484.0 59.0 Poro en fin lodas las flores

951.0 1849.0 498.0 59.0 Son el primor de primores.

997.0 1890.0 426.0 59.0 Y los amantes queridos

956.0 1930.0 465.0 92.0 Estan ante ellas rendidos.

206.0 2315.0 1401.0 103.0 Imps. de Cristina segura. Vda. de A. Llorens. Palma de Stu. Catalna, num f. —e narcelona.

938.0 433.0 498.0 75.0 Perseguir puede su huclla.
