1753 2480
491 165 723 114 JUAN PORTELA

384 285 933 80 SEGUNDA PARTE EN DÉCIMAS GLOSADAS.

166 384 485 54 A dar pienso à mi caballo,

129 421 504 63 ¡Ay de mi! que soy perdido

128 461 417 58 En una casa de campo,

130 498 451 54 Veinte pasos del camino.

162 545 426 58 A este punto destinado

126 578 352 61 Precipitado llegué.

125 621 390 61 Por el amo pregunté

124 658 489 66 Quedaron todos turbados:

139 708 478 52 —¿Que se ofrece caballero?

124 739 544 65 Respondió luego un anciano,

128 786 519 55 —Esta gente que hace aquí?

128 823 646 75 —Tres hombres que están cenando

129 868 437 49 —Aqui teneis á Portela,

119 899 539 61 Darle un pienso á mi caballo.

157 941 515 73 Uno de ellos dió un suspiro,

117 983 461 53 De los tales que cenaban

117 1025 476 56 Sus lágrimas derramaban

118 1062 460 58 Cuando á Portela le dijo:

117 1104 507 60 Que suerte tan desgraciada,

117 1142 435 64 Donde vas desconocido

117 1183 501 62 Tu padre me dió esta carta,

115 1230 485 55 Advierta que soy tu amigo

113 1267 421 51 A las manos de Portela

110 1304 521 64 ¡Ay de mi! que soy perdido.

154 1348 424 61 Y leyendo con cuidado

108 1384 400 59 Estas palabras decia:

108 1428 458 57 «Te van á quitar la vida

110 1465 460 61 »Hijo mio lo he pensado

108 1501 561 72 »Qué te marches de la España,

107 1552 480 48 »No cometes mas estragos

106 1588 503 61 »Que en Córdoba tu cabeza

106 1628 474 58 »Ayer triste pregonaron.»

104 1667 448 52 !Oh! que noticias recibo

104 1705 414 55 En esta casa de campo

141 1745 433 62 Un año justo y seguido

101 1784 451 63 De ladron mas afamado,

101 1825 481 63 Mi vida ya he despreciado

103 1872 460 59 Que para nada la estimo;

101 1908 435 56 Capones y mas gallinas

108 1946 458 64 Y á cenar todos conmigo,

110 1988 472 62 Y despues venga fandango

106 2028 452 57 Y buenos tragos de vino.

99 2072 464 56 Que este gasto yo lo pago

100 2108 445 55 Veinte pasos del camino.

136 2149 437 63 A mi nada me acobarda

97 2190 441 70 Me llaman el temerario,

844 383 451 68 Facineroso en mi planta

843 432 489 61 Cuando el trabuco disparo.

879 479 450 52 Cuando llegó la mañana

844 512 458 54 Le dije á mi compañero:

844 558 469 55 Como amigo te lo entrego

844 592 470 66 Cuando llegues á mi casa

847 640 429 50 A mi padre con secreto

844 677 448 50 Le entregarás esta carta

844 717 444 55 Los dineros y el bolsillo,

842 757 540 61 Porque á mi no me hace falta

847 799 437 57 Y vivir todos tranquilos

839 839 515 57 Que á mi nada me acobarda.

875 879 493 56 Bien montado á mi caballo

839 912 416 62 De la casa me despido,

837 958 403 56 Me tiraron cinco tiros

835 997 474 52 Al subir por un barranco

839 1040 417 55 Aqui te quiero Portela;

846 1074 515 62 Y amparándome de un arbol

836 1116 475 59 Dos heridos van por tierra

836 1157 480 60 De un tremento trabucazo

843 1198 452 58 Y quedó el leon guerrero

835 1237 443 58 Me llaman el temerario.

869 1278 383 61 Una partida de capa

832 1310 601 78 Diez hombres muy bien armados

831 1358 474 61 Del gobierno son pagados,

839 1402 468 59 Y agarrarme se adelantan

836 1445 423 49 Todos somos andaluces

835 1479 497 58 Fanfarrones no me bastan,

835 1519 476 58 Y al salirme de unos pinos

829 1559 426 57 Me tiran otra descarga,

825 1602 411 55 Me mataron el caballo

825 1638 436 56 Facineros en mi planta.

858 1679 493 61 Cuando me ví desmontado

822 1716 429 64 De sentimiento lloraba,

821 1760 416 58 A unas peñas retiraba

821 1800 499 65 Cuando todos me cercaron,

822 1837 447 65 Dáte, date Juan Portela,

818 1880 443 58 Ocho tiros me arrojaron

819 1922 510 64 Los que hirieron al valiente

818 1963 459 58 De la cabeza y un brazo:

815 2003 459 58 De sangre bañado estaba

815 2044 487 59 Cuando el trabuco disparo.

819 2083 440 59 Ya perdí mis esperanzas

815 2119 429 63 De mis padres el honor,

815 2160 459 62 Las fuerzas me faltan ya

814 2201 440 80 Del cielo baje el perdon.
