1138 1600
547 104 100 41 —24—

254 171 719 15 Terminada aquella relacion, todo el pueblo, sin aguar-

208 185 762 40 dar órden ninguna, desató las ligaduras de Ana; Miguel

208 216 764 42 estaba á sus piés llorando de alegría, Gervasio y Juliana la

209 251 761 44 abrazaban, y solo el bailío estaba triste al ver que se esca-

208 287 256 44 paba su venganza.

240 320 732 47 De pronto un hombre rompió el círculo que rodeaba á

209 358 487 43 la jóven y se precipitó en sus brazos.

240 392 540 40 —¡Ana! ¡hija mia!... exclamó Granville.

237 424 729 47 —¡Ah! callad que os perdeis, dijo la doncella al recono-

209 463 547 40 cer á su padre y recordando su desercion.

251 496 718 43 El bailío trató de arrestarle sonriendo ante esta nueva

209 536 760 40 ocasion de saciar su ira; pero entonces Granville enseñó el

209 568 561 43 perdon, y tuvo que ceder mal de su grado.

252 600 674 46 Así terminó esta rara historia por la mision de Dios.

250 638 718 42 Inútil es decir que Ana y Miguel se casaron y vivieron

207 672 759 43 felices en compañía de sus ancianos padres y del buen Blas.

246 709 722 43 En cuanto á la infame urraca, que alisaba el pelo con

206 744 758 41 su pico cuando iba á morir la pobre Ana por causa suya y

206 777 759 44 que tantos trastornos habia causado, murió aquel mismo

207 817 759 39 dia á manos de Blas, que tuvo el gusto de retorcerla el cue-

206 850 760 40 llo, y que aun creia que era un castigo demasiado blando

206 884 214 43 para sus culpas.

251 920 714 38 Pasaron muchos años sin que los habitantes de la aldea

204 952 761 43 dejaran de sentir un fuerte estremecimiento á la vista de

206 986 758 48 un pájaro de tal especie, recordando la aventura de la po-

206 1024 539 47 bre ána, que tanto pudo haberla costado.

547 1182 59 60 FIN
