1753 2480
212.0 90.0 472.0 71.0 no vaig pogue pas passá,

219.0 138.0 481.0 54.0 vaig avé de torná arrera.

248.0 186.0 446.0 66.0 De via ja 'n feya molta,

212.0 225.0 428.0 58.0 pero si, ja estava fart,

212.0 274.0 482.0 64.0 caminant molt, feya tart;

214.0 310.0 559.0 62.0 vaig fe cuatre horas de volta.

243.0 359.0 592.0 75.0 Hasta vaig atravessá un bosch

210.0 407.0 546.0 78.0 ¡que ú se 'l que vaig caminá!

210.0 444.0 368.0 62.0 A casa vaig arribá

210.0 487.0 455.0 66.0 que ja se avia fet fosch.

241.0 541.0 406.0 64.0 Fora roba tot seguit,

206.0 584.0 395.0 56.0 ja la camisa mudada

206.0 622.0 507.0 72.0 sols vaig fe una caixalada,

204.0 677.0 478.0 64.0 despullarme y cap al llit.

245.0 713.0 492.0 64.0 Vaiga, alló va se un cassá

202.0 766.0 614.0 75.0 fills meus que á ningu 'l enveiju,

204.0 812.0 567.0 72.0 perque vaig cassá un badeixu

202.0 849.0 480.0 68.0 mes grós que un bacallá.

237.0 894.0 529.0 67.0 Després vingué un altre dia

200.0 944.0 577.0 70.0 que el vent de mestral bufava,

200.0 987.0 494.0 54.0 lo cel blau, lo sol brillava

200.0 1025.0 531.0 76.0 que al cort causaba alegría.

239.0 1072.0 436.0 68.0 Vaig determiná 'l surtí

198.0 1118.0 488.0 72.0 igual que altras ocasions,

200.0 1169.0 432.0 58.0 provehit de municions

202.0 1209.0 484.0 66.0 y vaig empendre 'l camí.

229.0 1258.0 484.0 75.0 Caminava ab una manya

196.0 1297.0 405.0 62.0 com una locomotora,

196.0 1337.0 616.0 68.0 nada; que en menos de una hora

196.0 1390.0 581.0 73.0 vaig se dalt de una montanya.

235.0 1438.0 469.0 66.0 Veig un bol de pasarells

194.0 1483.0 459.0 56.0 igual que una nuvolada;

192.0 1521.0 473.0 66.0 los pego una escopetada

194.0 1564.0 527.0 60.0 y 'n van caure cent parells.

225.0 1607.0 581.0 87.0 Poden contá, en aquell instant

192.0 1651.0 421.0 68.0 si vaig aprofitá 'l tret;

192.0 1694.0 506.0 79.0 jo 'm tornava boig ximplet

190.0 1750.0 438.0 64.0 com los anava plegant.

223.0 1783.0 523.0 93.0 Lo que 'm donava quimera,

188.0 1837.0 359.0 58.0 lo no portá sibadé,

188.0 1876.0 425.0 64.0 pero saben que vay fé

186.0 1922.0 529.0 66.0 me 'ls vaig ficá á la pitrera.

219.0 1977.0 454.0 52.0 Sense reposá, y á secas

188.0 2017.0 510.0 60.0 vaig carregá altra vegada,

183.0 2064.0 486.0 54.0 torno á ventá escupetada

188.0 2101.0 452.0 69.0 y van caure set sibecas.

217.0 2149.0 489.0 56.0 Las vaig pusá al mucadó.

188.0 2186.0 562.0 81.0 Jo de tant content no hi veya;

952.0 107.0 474.0 56.0 hasta jo mateix me deya;

957.0 148.0 537.0 60.0 Ma noy que ets bon cassadó.

996.0 198.0 486.0 58.0 Jo que carregu, y arriba,

961.0 239.0 506.0 60.0 vaig pegá una ensopegada

959.0 287.0 471.0 56.0 mes ben dit, una patada,

957.0 322.0 543.0 74.0 donchs vaig matá una griva.

992.0 369.0 483.0 60.0 Jo que la plegu, y amunt:

957.0 417.0 454.0 58.0 veig una rengla de nius

957.0 462.0 473.0 60.0 y á la vora. vint perdius

955.0 506.0 401.0 58.0 casi totas ab un mun.

986.0 549.0 531.0 66.0 Carregu al pun la escopeta;

952.0 591.0 410.0 60.0 tan depresa vaig aná

948.0 642.0 476.0 60.0 que atribulat, vaig deixá

948.0 679.0 480.0 69.0 dintre 'l canó la vaqueta.

981.0 733.0 490.0 60.0 Ellas se estavan paradas;

946.0 777.0 525.0 57.0 me engaltu be, me las miru

948.0 818.0 583.0 60.0 y Pum...!! fills meus, ab lo tiru

946.0 859.0 532.0 66.0 totas van quedá enrestadas.

979.0 911.0 401.0 62.0 Com no las podia du,

942.0 954.0 486.0 56.0 tas vaig ficá en una cova,

948.0 996.0 571.0 60.0 vaig dir:—Si ningú las troba...

944.0 1041.0 472.0 56.0 no me las pendrá ningú.

981.0 1089.0 538.0 60.0 Jo no 'm vaig moure de allí;

946.0 1122.0 608.0 78.0 ves, matant tant, qui s' espanta,

946.0 1178.0 571.0 84.0 y al punt, una llebra 's planta,

940.0 1223.0 424.0 54.0 á miti á miti del camí.

977.0 1262.0 517.0 66.0 Alló semblava una guerra;

938.0 1312.0 376.0 58.0 li tiru sense apuntá

940.0 1359.0 498.0 58.0 jo crech que abans de tirá

938.0 1405.0 525.0 60.0 ya va quedá morta á terra.

977.0 1440.0 509.0 72.0 Torno á carregá al instant,

938.0 1490.0 469.0 55.0 y com si fos fet á dretas;

934.0 1533.0 546.0 56.0 se 'm posan menjant erbetes

930.0 1581.0 529.0 59.0 cinch cunills al meu devant.

971.0 1622.0 519.0 56.0 Jo 'm deya:—A quin tiraré?

934.0 1665.0 475.0 62.0 Aixó no 's veu per desitj,

930.0 1711.0 490.0 58.0 ba bá, deixem tirá al mit)

932.0 1760.0 492.0 50.0 que aixís no equivocaré.—

963.0 1795.0 533.0 69.0 Me apuntu, y 'l tiru, allá vá;

930.0 1841.0 488.0 64.0 jo no vaig pogué fer mes;

930.0 1891.0 510.0 57.0 de cinch ne van caure tres

932.0 1936.0 453.0 60.0 y 'ls demés van escapá.

967.0 1984.0 566.0 62.0 Vaija que aixó no es fer porra

926.0 2029.0 475.0 58.0 yo buscava 'ls altres dos,

928.0 2077.0 421.0 47.0 pero com no duya gos

932.0 2112.0 488.0 62.0 vaig di ba deixemo corre.

961.0 2163.0 432.0 62.0 Tot aixó ó vaig amagá

921.0 2203.0 426.0 97.0 a la cova ab lo demés;
