2148 3034
984 244 181 69 — 19 —

408 298 1340 91 ticia á los porteros de cámara, y éstos a su majestad; con lo que

408 369 1338 70 se fué, volviendo á corto rato diciendo que pasásemos adelante.

411 419 1335 64 Le seguimos hasta donde estaban los primeros camareros, y él se

409 468 1337 66 quedó allí: uno de aquellos mandarines nos condujo hasta la an-

413 515 1332 66 tesala, en la que estaban seis reyes de armas y mas de cien ala-

411 562 1337 70 barderos; uno de los reyes dió aviso al portero de cámara de nues-

413 613 1333 69 tra pretension, y este la comunicó á su majestad, el cual mandó

411 659 1337 69 entrásemos; puestos en órden con la mayor ceremonia y cortesía

409 711 1339 66 que pudimos, entramos en el real salon, en el que debajo de un

413 761 1337 59 magnífico dosel estaba sentado el Preste Juan con su esposa al

413 810 1333 59 lado, y un hijo que tenia el título de emperador de las pro-

414 857 1332 58 vincias Galdras. Hincamos la rodilla en tierra varias veces, has-

411 913 1337 57 ta llegar á la inmediacion del trono, en cuya postura el in-

411 959 1335 59 fante don Pedro sacó las cartas que llevaba de su primo, y po-

408 1009 1338 54 niéndoselas sobre la cabeza, las besó con sumision y puso en las

408 1055 1333 62 manos del Preste Juan, quien las recibió con la mayor cortesía,

411 1105 1325 54 mandando á uno de sus camareros las leyese. Enterado el sobe-

409 1152 1337 61 rano de que el portador era primo del rey de Leon, le mandó

409 1198 1339 61 sentarse y siguieron hablando largo tiempo, hasta que llegó la

411 1245 1337 59 hora de comer. Puestas que fueron las mesas le hizo sentarse á

411 1301 1335 54 su lado, prefiriéndole á los reyes que comian con él. Mandó tam-

409 1340 1337 65 bien poner otra mesa, en la que sentados todos los demás de la

408 1393 1335 70 comitiva del infante, nos sirvieron la comida con magnificencia.

477 1439 1271 66 Observamos con estrañeza que todos los dias ponian en la

409 1486 1339 63 mesa del Preste Juan cuatro fuentes de plata: en una habia la

408 1535 1343 66 cabeza ó cráneo de un difunto en representacion de la muerte;

408 1582 1337 68 en otra una porcion de tierra para recordarle lo que somos y en

408 1629 1337 70 lo que hemos de venir á parar; la tercera llena de carbon en-

408 1682 1337 65 cendido, para representarle las penas del infierno, y la cuarta es-

409 1727 1337 74 taba llena de una fruta á modo de peras muy especiales, que por

406 1788 1339 45 cualquiera parte que se cortaban se veian dos cruces, una en ca-

406 1827 1339 62 da pedazo, y aunque se cortaran en muchas piezas todas sacaban

406 1874 1339 64 la cruz de Cristo Señor nuestro. En esta forma comia todos los

406 1928 1340 62 dias, y luego con muchas oraciones daba señales de observar la

409 1968 912 61 verdadera religion como buen cristianismo

482 2012 1257 76 Tres meses estuvimos en aquella córte muy bien tratados y

404 2066 1335 67 asistidos de todo lo necesario, en cuyo tiempo vimos cosas muy

404 2118 1339 69 maravillosas. Los sacerdotes son casados en aquella tierra; pe-

404 2164 1335 67 ro cuando quedan viudos no pueden volver á casarse, debien-

402 2211 1341 69 do entonces permanecer en la iglesia sin salir de ella hasta que

404 2262 1335 64 se mueren. Si él fallece antes, tampoco se le permite segundo

404 2309 1339 69 matrimonio á la muger, debiendo guardar castidad por toda su

406 2366 1335 62 vida, y la que quebranta este precepto tiene irremisible pena

401 2406 1337 108 de muerte, por cuyo delito vimos quitar la vida á dos de ellas,
