1753 2480
1372 183 37 83 3

233 175 525 106 perque ningú puga entendre

227 262 513 60 lo que tothom te observát.

221 303 465 71 Lo altre dia s' van casá

225 355 413 68 la Quima del Estufát

225 400 463 69 ab lo Xisco del Garrofa,

223 452 403 66 la Lores del Rubayó

219 502 436 76 ab lo Tonét del Zalán,

221 558 552 72 y en sent mes en llá; tinch po

219 615 419 58 ques cása la Fartagás,

217 657 471 76 las mossas de cal Rapát,

212 702 435 77 la Xica del Verdulaga,

212 758 430 68 la de cal Frare-pintát,

214 810 441 66 y despues hem de casá

210 853 447 68 an al xicót den Baralla,

208 901 490 78 an al Cresta y al Morrút,

210 961 492 64 perque à la pobra canalla

204 1004 531 76 com los panallóns los pican

210 1051 391 71 y tractanlos de curá

202 1105 399 66 la via mes apropada

200 1153 444 72 y andiscreta es lo casa.

157 1198 634 89 C. ¡Dones, tan mateix al Garrofa

198 1254 480 70 la Quima lo ha recultát!

206 1304 579 78 Peró jó crech que un dimontre

194 1359 504 73 de diable se hi ha trencát

190 1403 506 78 ó la nou del coll ó l' nas.

144 1440 633 101 F. De aixó si que n' so ignorant,

198 1504 585 89 noseres...¿ que vols quet diga?..

188 1560 564 76 se ha murmurát tan y tan....

188 1609 554 73 que à un hom no li es licorós

188 1661 481 70 axó de rompre un secrét.

136 1709 570 74 C. Diguéu que no ho goseu di

181 1760 515 62 no pas que ignoréu est fet.

183 1804 490 74 ¿ Y que tal, vos divertiu ?

181 1857 490 71 ¿Com estéu de fe saraus?

136 1897 639 95 F. ¿Que vols quet diga? ara 'ls joves

175 1963 505 70 diuhen que no son babaus.

175 1998 472 79 Los xibaléts de abuy dia

171 2052 449 76 la han dada señorejant,

171 2103 469 118 portan la camisa enterca

899 206 399 79 y rallada del debánt

893 264 568 83 cordada ab botons com calsas

895 320 456 70 ab uns colls encarcaráts

893 374 465 64 que cuan se volen guirá

888 419 554 79 se han de tombá enrabanáts;

893 473 467 64 y vestits de esta manera

886 529 428 55 fan una altra sucietát.

888 570 430 68 Visitan à casa l' metje

882 613 414 81 al notari, al desvocát,

880 675 426 69 al procuradó, al barbé

882 725 492 66 y als mes serios y sabúts.

843 766 502 81 C. Ja hos habéu embolicát,

876 826 542 73 no anéu bons, estéu perdúts.

886 876 418 68 ¡ Malo, malo, Felipó!

876 919 391 77 Infláts ab la vanitát

874 979 424 54 may se divertirán tan

874 1018 486 79 com feyam, ni per mitát.

835 1064 609 95 F. Ja ho pots torná à di, Carléts,

878 1130 504 68 ¡ aquell era un temps felis!

878 1173 490 71 Veyas tú, ¿ sabs an Virolla

862 1229 510 68 tan mort de fam y infelis?

868 1275 477 78 perque te una guitarrota

864 1330 401 71 que la sap esgarrapá

866 1382 481 70 y barrejarhi algun bram;

864 1434 481 64 veurás quel van à escoltá

857 1473 437 68 com al ase de Balaam

855 1529 428 66 ó l' russiñól de Pilát.

855 1568 445 85 Digasme, Carléts, y tú,

857 1632 577 75 ¿que tal, que no te has cuidát

857 1680 470 80 may mes de soná musíca,

855 1725 463 79 ni de estudiá com abans

853 1775 529 85 las llisons de Fermalasa ....

853 1824 567 89 dich: l' art de mata cristians ?

789 1874 575 81 C. En cuant á música y solfa

843 1926 558 84 m' hi entretine de tan eu tan

845 1979 424 73 á donarhi algun repás

847 2031 502 81 perque m' vage recordant;

849 2083 513 84 peró lo que es la Farmacia

831 2130 483 126 lo terce añ vas comensá.
