1753 2480
824.0 140.0 606.0 112.0 Si ell te sogra y mustachuda,

845.0 227.0 535.0 72.0 si es iracunda, qué aflixió,

845.0 279.0 583.0 78.0 el Rossinyol ja los contempla

849.0 353.0 645.0 70.0 dalt la branqueta ab són bon So.

845.0 452.0 606.0 75.0 Si ab cota blava ell si barreja,

851.0 518.0 521.0 68.0 seguit no hi falta desunió,

851.0 562.0 612.0 82.0 el Rossinyol ab aquella alegría

851.0 624.0 674.0 78.0 canta á la Aurora ab gran primor.

859.0 733.0 629.0 89.0 Mólt amenut segueix sos passos,

855.0 806.0 538.0 57.0 saber qui tracta ab afissió,

855.0 847.0 606.0 76.0 el Rossinyol de aixó sen burla,

851.0 909.0 585.0 72.0 pren la rosada ab són bon to.

855.0 1018.0 701.0 93.0 Si la esperimenta, quina desgracia,

855.0 1082.0 583.0 77.0 ell sen va á riurer al Roselló,

862.0 1132.0 531.0 79.0 el Rossinyol ab sa melodia

862.0 1186.0 574.0 91.0 canta y se alegra de tot aixó.

45.0 175.0 763.0 91.0 cuant sos promesos de cop son entesos

49.0 245.0 531.0 56.0 la afició luego als fá casar,

49.0 285.0 612.0 80.0 el Rossinyol ab aquella alegría

49.0 345.0 591.0 82.0 antes del dia se posa á cantar.

47.0 454.0 678.0 85.0 Cuant son casats al primer vespra

45.0 524.0 655.0 81.0 ja de aquet món tenen el consol,

53.0 580.0 614.0 68.0 el Rossinyol ab aquella alegría

53.0 626.0 718.0 84.0 sempre los canta aquell so tant dols.

51.0 748.0 790.0 89.0 Cuant son casats al cap dels nou mesos

55.0 814.0 620.0 64.0 tot son suspirs, llantos y plors,

53.0 868.0 610.0 68.0 el Rossinyol ab aquella alegría

55.0 942.0 687.0 60.0 sempie los canta sereu mes de dos.

55.0 1033.0 629.0 85.0 Dichós el pare y també la mare

55.0 1093.0 658.0 80.0 que Dèu los dó un galan hercuet,

51.0 1155.0 620.0 72.0 el Rossinyol ab aquella alegría

62.0 1198.0 688.0 97.0 sempre los deya guardeulo del fret.

55.0 1328.0 643.0 75.0 Si el Rossinyol ne té bon sangro

62.0 1388.0 653.0 77.0 cuant té als petits dintre del niu,

57.0 1444.0 649.0 68.0 ell los estima y als porta recapta

66.0 1492.0 713.0 93.0 y sempre los diu: juguem ferm feliu.

59.0 1591.0 621.0 99.0 Si ell tè vicis, quina desgracia,

64.0 1676.0 580.0 74.0 sovint las tustan ab lo bastó,

68.0 1729.0 560.0 75.0 el Rossinyol mólt sen alegra

66.0 1781.0 634.0 107.0 y los va cantant aquesta cansó.

862.0 1302.0 585.0 105.0 Qui no te culpa tot aixó paga,

862.0 1374.0 518.0 76.0 es la familia, es viu dolor,

866.0 1423.0 498.0 81.0 el Rossinyol ya vos avisa

862.0 1483.0 502.0 81.0 ab alabansas del Senyor.

870.0 1603.0 508.0 79.0 Lo Rossinyol ja vos alaba

859.0 1663.0 703.0 81.0 á tots los que sóu uns bons casats,

866.0 1725.0 605.0 66.0 á los que son mólt al contrari

868.0 1779.0 593.0 85.0 sempre vos canta desgraciats.

818.0 2017.0 110.0 128.0 FIN.
