1860 2629
208 265 426 53 y aquella tierna alegría

207 311 416 51 que sentía, suspirando

207 350 475 53 estaba otra vez soñando...

207 389 472 49 soñando en tí... vida mía.

244 435 447 44 Despues sin poderte ver

204 468 492 53 con una ausencia tan larga

204 509 409 56 pasaba la vida amarga

204 552 431 55 con mucho de padecer.

204 594 425 55 Me faltaba aquel placer

201 632 513 58 que me daba tu presencia...

204 673 554 54 ¡¡Dios mío!! tan cruel ausencia

203 712 542 51 me dais con mi tierno amor...

203 750 464 57 Tened vos piedad, Señor,

200 801 491 47 revocad vuestra sentencia.

241 833 360 53 Tuve días de llorar,

203 879 454 49 de gemir noches enteras,

201 921 453 42 dulces horas placenteras

200 956 352 50 no las podía gozar.

200 996 533 55 Siempre así, siempre penar...

200 1042 401 46 el martirio no cesaba,

198 1076 395 51 mi corazón suspiraba

198 1121 460 53 con lágrimas de ventura,

200 1156 385 50 y tu belleza tan pura

197 1204 464 40 nunca de mí se apartaba.

235 1235 517 60 Siempre has sido mi ilusión,

197 1283 426 49 mi pasión encantadora,

197 1324 494 48 mi corazón siempre llora...

197 1365 416 45 ¡llorar! pobre corazón.

203 1400 445 50 Y en tan ardiente pasión

200 1447 422 48 yo no sé porqué deliro:

197 1478 426 49 al cielo estrellado miro

195 1524 406 50 cuando platea la luna,

197 1567 356 42 y mi pálida fortuna

194 1603 475 50 se exhala con un suspiro.

232 1640 483 55 ¿No te acuerdas dulce flor

195 1679 487 59 de aquel tiempo ya pasado

192 1719 516 78 que cuando estaba á tu lado

948 276 447 49 moría siempre de amor?

951 324 380 41 Entonaba el ruiseñor

948 356 445 48 los cantos del nuevo día

951 400 434 45 y en tan dulce melodía,

948 438 339 49 reías alegramente,

946 483 453 48 después tocaba tu frente

946 515 366 53 y tú besabas la mía.

981 557 436 50 Por fin gracias al Señor

945 595 466 56 le doy, por hallarse bien:

949 647 471 49 y espero que á tí también

945 685 390 43 estará firme tu amor,

945 724 359 42 este afán abrasador

943 756 544 54 que abre el pecho en pedazos

945 809 418 46 se calmará en los lazos

943 848 481 44 que nos unirá con cadena,

946 883 427 48 y espero querida Elena

945 931 511 43 que me tenderás los brazos.

1047 1054 498 58 TUS CARICIAS DE AMOR

980 1121 560 53 Al silencio de la noche oscura

942 1169 663 52 niña hermosa despierta un instante,

942 1203 497 50 oirás esclamar á tu amante

943 1251 497 45 sin cesar del pecho el latir.

946 1282 702 57 Ten piedad del volcán que me abrasa

942 1333 704 47 dale hermosa un momento de calma;

942 1365 545 56 te lo pido con toda mi alma...

943 1413 532 43 no me dejes tan triste morir.

980 1445 625 56 Si en la flor de tu edad placentera

943 1491 699 54 no me da tu hermosura un consuelo,

943 1536 579 41 dime pues donde tengo mi cielo

942 1570 653 52 que me alumbra con tal resplandor.

942 1615 647 44 Ay hermosa, mi cielo es tu imágen

945 1654 559 50 y tu rostro la luz mas hermosa,

940 1697 509 43 aquí guardo la hora dichosa

939 1732 603 68 que me des tus caricias de amor.

895 2037 98 77 FIN

267 2379 1286 96 Imps. de Cristina Segura, Vda. de A. Llorens, Palma de Sta. Catalina, 6.—Barcelona
