1860 2629
225.0 146.0 479.0 59.0 Con tal anhelo y cuidado

201.0 192.0 507.0 55.0 a pasos dobles marchaban

201.0 223.0 402.0 59.0 con bayoneta calada,

201.0 254.0 461.0 57.0 antes de ponerse el sol

201.0 284.0 476.0 75.0 les pedí un poco de agua

208.0 330.0 425.0 51.0 y les dije en alta voz:

199.0 354.0 483.0 62.0 Por Dios quitadme la vida

199.0 400.0 527.0 51.0 que en Córdoba no entro yo

199.0 429.0 544.0 70.0 que está mi familia honrada;

195.0 471.0 427.0 67.0 de mis padre el honor.

232.0 523.0 417.0 68.0 No te puedo remediar

195.0 573.0 449.0 60.0 el comandante me dijo,

199.0 609.0 469.0 57.0 ya no tienes más recurso

201.0 648.0 364.0 53.0 es preciso caminar,

197.0 679.0 421.0 50.0 a Córdoba te llevamos

199.0 716.0 434.0 50.0 por orden del tribunal

197.0 744.0 524.0 64.0 padre, madre y hermanito

197.0 786.0 450.0 66.0 mis culpas voy a pagar,

197.0 819.0 529.0 70.0 un año que no me han visto

193.0 852.0 467.0 72.0 las fuertos me faltan ya,

230.0 909.0 357.0 70.0 Multiplicó mi dolor

190.0 959.0 421.0 57.0 al entrar en la ciudad,

193.0 992.0 469.0 61.0 padres, madres y familia

193.0 1034.0 451.0 59.0 causé gran admiración:

190.0 1069.0 450.0 57.0 todos me vienen detrás

190.0 1104.0 446.0 59.0 ya cogieror al traidor,

190.0 1139.0 424.0 55.0 otros lloran sin cesar;

195.0 1172.0 414.0 57.0 me llevan a la prisión

190.0 1209.0 465.0 59.0 me cargaron de cadenas

193.0 1244.0 447.0 63.0 del cielo baje el perdón.

230.0 1290.0 476.0 83.0 Quédense todos con Dios,

188.0 1342.0 524.0 71.0 perdón les pido a las gentes,

190.0 1386.0 516.0 62.0 que una mujer jué la causa

188.0 1421.0 454.0 62.0 de pelcar con la muerte.

219.0 1470.0 425.0 76.0 Me toman declaracion

190.0 1507.0 514.0 81.0 trece muertos; dos heridos,

188.0 1557.0 520.0 64.0 de ladrón un año he sido

184.0 1592.0 327.0 57.0 mi causa finalizó,

188.0 1623.0 406.0 63.0 tiene pena de la vida

184.0 1662.0 370.0 55.0 el tribunar afirmó,

186.0 1697.0 450.0 55.0 va me ponen en capilla

184.0 1735.0 452.0 57.0 con un Cristo Redentor;

186.0 1770.0 524.0 65.0 padre, madre y hermanitos

186.0 1807.0 465.0 68.0 quedarse todos con Dios.

223.0 1860.0 522.0 85.0 Aquí se amansa el valiente,

190.0 1903.0 511.0 132.0 la honradez y el pundonor

1000.0 135.0 524.0 86.0 y se afrentan los parientes.

1002.0 205.0 441.0 53.0 Aquí tengo el confesor,

1002.0 238.0 463.0 55.0 ya Portela se arrepiente.

1002.0 273.0 463.0 57.0 ya el patíbulo me espera

1000.0 308.0 460.0 55.0 para mañana a las once

993.0 341.0 548.0 57.0 de los males que he causado

997.0 383.0 542.0 59.0 perdón les pido a las gentes.

1035.0 420.0 528.0 90.0 Aquí se amansa el valiente,

1002.0 481.0 436.0 55.0 aqui se pierde el valor,

1002.0 512.0 504.0 59.0 la honradez y el pundonor

1000.0 552.0 520.0 61.0 y se afrentan los valientes.

997.0 589.0 419.0 55.0 Aquí tengo el confesor,

997.0 622.0 465.0 59.0 ya Portela se arrepiente,

997.0 659.0 455.0 57.0 ya el patíbulo me espera

997.0 694.0 446.0 59.0 para mañana a los once

997.0 731.0 529.0 48.0 de los males que he causado

997.0 766.0 542.0 75.0 perdón les pido a las gentes.

1030.0 814.0 485.0 75.0 Calles, ventanas y casas,

995.0 863.0 489.0 68.0 Córdoba y sus habitantes,

995.0 902.0 450.0 61.0 perdonadme en adelante

995.0 944.0 518.0 55.0 socorred mis dos hermanos.

995.0 977.0 483.0 57.0 Ancisnos, padres y niños,

995.0 1009.0 494.0 62.0 las peñas y las montañas,

993.0 1040.0 469.0 57.0 las fuentes y mis amigos

993.0 1077.0 509.0 64.0 llorad, vuestra dulce calma

995.0 1115.0 459.0 54.0 vuestra bendición confio,

987.0 1154.0 522.0 66.0 que una mujer fué la causa

1030.0 1198.0 441.0 83.0 Yo salgo con un piquete

993.0 1248.0 443.0 66.0 y una caja destenplada,

993.0 1286.0 461.0 63.0 la caridad me acompaña,

991.0 1323.0 509.0 65.0 me miran todas las gentes,

993.0 1360.0 472.0 61.0 adios, adios compañeros,

991.0 1393.0 504.0 61.0 adios, adios para siempre.

993.0 1426.0 505.0 65.0 Veinticinoo años de mundo

989.0 1472.0 436.0 50.0 mirad todos mi suerte,

991.0 1500.0 599.0 55.0 u Santo Cristo en mis manos

989.0 1533.0 434.0 75.0 le pido que no me deje.

1026.0 1590.0 476.0 77.0 Ya subo por la escelcra,

987.0 1636.0 508.0 61.0 yo el verdugo me acomete,

987.0 1675.0 647.0 75.0 creo en Dios padre y en Dios hijo

984.0 1713.0 542.0 61.0 aquí fué el dolor más fuerte,

987.0 1748.0 473.0 59.0 ya me sientan en la silla,

984.0 1785.0 472.0 61.0 mirando estoy a la gente,

984.0 1820.0 395.0 48.0 me retiran la cabeza

987.0 1853.0 522.0 59.0 un torno al cuello me meten

987.0 1890.0 449.0 51.0 y al decir su único hijo

987.0 1925.0 458.0 88.0 de pelear con la muerte.

627.0 2394.0 548.0 129.0 Imps. Hospital, 19. «El Abanico»
