1753 2480
109 210 593 87 Por la Cruz del Corſo un dia,

59 287 538 60 eſtava allí un Napolitano

55 324 536 66 hablando con una Dama,

59 378 650 76 paſsó con el ſombrero quitado,

105 434 449 59 Haziendo la corteſia;

57 469 497 80 ſe picó èl, y agraviado,

55 522 490 69 ſe deſpidió de la Dama,

51 570 536 76 y fué ſiguiendo ſus paſſos.

97 620 539 76 Alcançóla, y dixo: mire,

45 677 571 69 veo que es un desbarbado,

43 727 484 60 que fino ; de bofetadas

35 770 529 71 rato ha le huviera dado.

99 818 446 70 Apenas lo pronunció,

41 868 606 70 quando le dió un cintarazo,

45 925 573 64 con eſpada, y vayna todo,

47 971 566 64 que le hizo andar rodando.

86 1018 538 67 Se metió en la Madalena,

41 1070 504 60 valiendoſe del Sagrado;

35 1118 428 60 dos dias eſtuvo allí,

39 1167 527 64 y Don Geronymo Pardo

84 1209 465 72 La facó deſte peligro,

35 1268 521 67 son que la puſo en ſalvo,

35 1312 543 66 viniendo haſta Barcelona,

35 1366 456 55 ſirviendole de criado.

80 1407 511 68 De Genova dos Galeras

31 1461 502 62 en eſte Puerto llegaron,

24 1494 709 89 ſe embarcó, y fueſſe a Gibraltar,

16 1562 507 64 alli mato un Eſcrivano,

74 1601 620 75 Porque le hizo un teſtimonio,

22 1655 463 68 pero ſe lo hizo falſo.

16 1702 544 69 Azia Cadiz dió la buelta,

22 1758 550 64 y eſtando un dia jugando

70 1810 490 56 En la Puerta de la Mar

12 1853 523 66 en la meſa de los dados;

16 1899 480 64 ſobre jugar una ſuerte

22 1953 488 72 à un valiente Sevillano,

64 1998 525 66 Se bolvieron contra élla

14 2043 597 77 catorze, ó quinze Soldados;

14 2108 446 53 tres eran en ſu favor,

14 2151 484 68 las eſpadas arrancando

59 2205 517 93 Con animo, y valentia,

841 217 546 82 mataron cinco contrarios;

845 291 525 58 tambien èlla falió herida

843 334 604 60 de una eſtocada en un braço.

899 376 545 76 En caſa del Señor Obiſpo

845 429 542 67 un mes ſe eſtuvo curando;

845 487 500 62 ſanó, y ſe vino à Xerez,

843 524 566 69 à donde con Pedro Manſo,

890 580 571 68 El Guapo de aquella tierra,

837 626 618 74 con el tuvo un cierto enfado,

839 677 434 64 y para deſenfadarſe,

835 723 514 70 ſe ſalió con él al campo,

884 775 525 66 Sin ofenderſe uno à otro

839 820 533 70 hora, y media peleando;

835 882 459 58 hicieron las amiſtades

833 917 605 79 con mucho guſto, y agrado.

884 967 422 70 Ella caminó à Jaen;

828 1020 594 71 donde un día en el mercado,

826 1070 484 70 à un primo de Serafin,

824 1128 542 58 el que eſtuvo apriſionado

874 1163 494 70 En la Corte de Madrid,

831 1227 603 62 quiſo á un Labrador honrado

824 1268 513 65 engañarle en un doblon,

828 1320 530 62 y ella lo eſtava mirando,

882 1359 515 69 Y porque vido la infamia

822 1413 589 70 de aquel falſo, y vil engaño,

822 1467 490 60 ſe trabaron de palabras,

822 1510 573 71 y èl arrancando un terciado

870 1566 465 56 Para tirarle, mas èlla

812 1612 500 68 no le dió lugar á tanto,

824 1661 569 60 porque una quarta de azero

818 1707 589 74 le echó à fuera los livianos.

872 1754 521 75 Tres Torreros Andaluzes

816 1798 552 74 deſde allí la acompañaron,

814 1855 599 73 haſta la Ciudad de Andujar,

814 1907 502 68 Sierra Morena paſſando.

859 1957 488 64 En el camino encontró

810 2000 618 83 un hombre que iva llorando;

814 2060 496 62 preguntóle ſu afliccion,

812 2097 620 81 y èl le dixo : me han robado,

855 2153 544 76 Muy poco trecho de aqui,

808 2203 587 88 ciento y cinquenta ducados,

1459 2256 54 77 lo
