1860 2629
855 230 151 122 — 6 —

271 333 474 67 Vino el pastor y dispuso

270 365 562 86 de que luego al punto hagan

276 419 501 73 de cenar cumplidamente,

279 462 574 81 por ser gente de importancia

283 511 561 84 Vió don Claudio á Margarita,

286 565 497 76 y reparando en su gracia,

284 614 455 72 saltos le da el corazon,

293 658 496 82 y sospechas le da el alma.

296 706 491 82 ¡Ay Dios! cómo se parece

293 752 459 79 aquella hermosa zagala

296 804 465 73 á la triste de mi esposa,

299 842 561 89 que en gloria tenga su alma.

305 893 502 82 Tambien doña Margarita,

303 947 468 81 toda confusa y turbada,

306 999 487 73 ha conocido á su esposo,

312 1041 479 74 y de él mucho se recata,

312 1091 459 80 que teme ser conocida,

312 1136 525 73 aunque le llevaba el alma.

317 1187 441 80 Grande recelo concibe

319 1235 494 78 de ver cuanto la miraba:

324 1273 577 91 ¿Si vendrá á darme la muerte

324 1324 505 88 sabiendo que viva estaba?

328 1365 627 98 Quiere ausentarse, y no acierta,

341 1424 526 78 y en turbacion tan estraña,

333 1475 426 68 á la Vírgen de la Paz

331 1517 509 79 de veras se encomendaba.

336 1573 436 75 Díjole luego á su hijo,

337 1618 511 79 que á la gente preguntara

340 1666 507 80 quién era aquel caballero,

346 1705 549 91 por si ella estaba engañada,

347 1762 414 79 qué cuidado les traia

352 1802 507 89 por aquella tierra estraña

355 1862 420 74 para salir de temores

363 1906 450 71 y quedar desengañada.

365 1945 526 82 Y despues de haber cenado

363 2005 463 79 el mozo les preguntaba

365 2052 507 77 quién era aquel caballero

369 2095 450 84 que le llevaba el alma.

369 2148 500 82 Respondió el mayordomo

374 2196 444 81 sin recelarse de nada:

374 2246 499 74 es un grande de la córte;

378 2274 589 99 al cual don Claudio le llaman:

381 2332 527 80 dicen que hay en este sitio

382 2388 424 90 una fiera tan estraña,

952 311 646 52 que asombra á cuantos la han visto

964 331 520 85 y que aturde á la comarca;

968 391 417 71 y con aquesta noticia

961 426 475 79 mi amo se encaprichaba

964 464 640 91 que este animal, muerto ó vivo,

965 518 545 79 no ha escapar de sus armas.

971 578 418 76 Se aseguró Margarita

971 613 520 83 en lo que tanto importaba,

977 664 422 83 y sin faltarle el recato

976 712 479 78 muchas veces suspiraba,

980 762 494 76 viendo delante al traidor,

987 806 526 87 y que estaba en la privanza

984 855 491 82 de su esposo, siendo ella

989 908 527 82 por su traicion desdichada.

990 953 495 83 Del Cielo venga el castigo

992 1001 482 78 (decia con mucha ansia)

995 1045 482 88 Dios proteja la inocencia

1002 1102 479 81 y vuelva por esta causa,

999 1147 478 82 descubriendo la verdad

1002 1181 587 91 quede mi opinion sin mancha.

1003 1242 458 78 Pasaron aquella noche,

1012 1291 463 86 y á otro dia de mañana

1008 1342 460 73 salieron con el cuidado

1012 1383 497 79 de dar principio á la caza

1018 1424 592 89 para si el mónstruo encuentran

1021 1483 495 78 lograr toda su esperanza.

1024 1526 467 80 Con el deseo que llevan

1025 1578 466 75 todo el monte paseaban

1028 1622 510 83 sin que se logre el intento

1028 1670 512 79 que Dios así lo ordenaba.

1035 1721 452 84 Viéndose muy fatigado

1031 1752 646 99 don Claudio, luego se encontraba

1038 1822 433 70 en la choza ó casería,

1043 1868 466 74 sin que nadie lo notara.

1044 1911 452 79 Estaba su triste esposa

1047 1960 487 77 en un trasportal sentada,

1049 2015 491 72 siendo raudales sus ojos,

1052 2052 534 83 muchas veces los limpiaba.

1057 2104 452 83 ¡Ay esposo de mi vida!

1056 2144 529 87 cada instante pronunciaba!

1060 2199 542 86 ¡quién te diera el desengaño

1069 2244 500 85 y se fuera en tu compaña!

1065 2291 534 83 Quedó don Claudio confuso

1063 2345 472 94 de ver cosa tan estraña;
