1753 2480
209 97 507 82 Sal Matilde á ese balcon

163 158 527 72 y sal de ese tu aposento,

157 210 654 86 que relumbras más que el sol

157 270 515 73 estrella del firmamento.

198 341 496 70 Es Matilde más bonita

155 399 680 92 que el resplandor de la aurora,

154 464 468 60 con su cara cristalina

152 516 561 77 á todo el mundo enamora.

195 686 546 59 Al Pilar de tu hermosura

148 724 423 68 yo Pilar te llamaré,

147 783 542 76 es tanta la tu hermosura

147 850 493 67 ¿como adorarte podré?

192 920 428 62 Eres Pilar para mí

144 976 531 73 con tu vestir tan donoso,

147 1040 511 64 que me enamoras á mí

147 1091 580 82 con tus ojos tan hermosos.

191 1227 522 87 Es Francisca la dulzura

146 1292 445 76 de la caña del amor,

144 1362 496 65 de la nieve la blancura

144 1409 531 77 del lucero el resplandor.

191 1489 520 74 Entre todas las mujeres

143 1548 577 69 es Francisca más hermosa

141 1605 583 71 es más blanca que la nieve

146 1665 427 68 y ojitos de religiosa.

188 1733 554 78 Eres Francisca más rubia

141 1791 495 75 que los reflejos del sol,

141 1857 550 69 es tanta la tu hermosura

143 1916 575 76 que por tí muero de amor.

187 2057 404 71 Es Serafina sin fin

143 2121 459 62 el serafin de la tierra

140 2178 423 60 Serafina es para mí

140 2230 562 97 de las mujeres más bellas.

959 89 470 98 Serafina á tú te llamo

910 166 494 83 el serafin de los cielos:

912 225 558 69 cuando me darás tu mano

912 286 525 72 para ser tu dulce dueño.

957 355 512 77 Serafina es la que tiene

908 418 471 72 cautivo á mi corazon,

906 472 583 83 con la hermosura que tiene

908 531 512 71 y sus palabras de amor.

950 688 497 68 Manuela bordando está

901 742 537 73 el pañuelo de su amante,

905 800 462 66 y un letrero que dirá

901 854 603 71 los dos seremos constantes.

942 914 659 101 Cuando Manuela echa el canto

898 987 557 71 en su huerto de la vega,

899 1045 486 69 se aparece al ruiseñor

897 1100 613 80 cuando canta en la pradera.

942 1176 511 73 Es manuela mas bonita

897 1234 577 79 que la blancor de la nieve,

895 1295 563 75 que la fina y blanca china

895 1361 580 74 con tanta gracia que tiene.

941 1483 466 89 Isabel está bordando

894 1559 466 70 un ramillete de flores,

894 1612 475 75 y una rosita de mano

894 1676 558 75 para principio de amores.

939 1748 426 69 Isabel quieres venir

893 1803 460 76 á la fuente del amor,

895 1872 378 59 y cantaremos allí

891 1919 551 82 nuestras cosas de los dos.

935 1996 505 77 Isabel si tu me quieres

891 2058 488 70 ya te digo desde ahora,

890 2116 522 66 seamos fieles constantes

888 2170 582 81 y hagamos pronto la boda.
