1860 2629
335.0 157.0 1169.0 136.0 ORACIÓN Y MILAGROS

239.0 293.0 1399.0 151.0 De la Virgen de las Nieves

232.0 534.0 502.0 68.0 Oiga todo cristiano prodigío

190.0 576.0 360.0 61.0 de esta Virgen pura

195.0 622.0 337.0 48.0 con gran devoción

193.0 644.0 515.0 65.0 abogada de rayos y centellas

193.0 690.0 570.0 83.0 y de malas nubes de tribulación.

239.0 738.0 269.0 55.0 Venid y llegad

193.0 779.0 506.0 51.0 á pedir á la Virgen de Nieva

193.0 817.0 375.0 52.0 que nos da su gracia

197.0 865.0 261.0 48.0 para no pecar.

230.0 896.0 526.0 81.0 Cura cojos, tullidos, baldados

195.0 944.0 274.0 52.0 y de calenturas

193.0 974.0 359.0 60.0 con su gran bondad

195.0 1023.0 537.0 76.0 como á Madre de Misericordia

195.0 1060.0 333.0 55.0 de su mano franca

193.0 1104.0 285.0 48.0 la salud les da.

239.0 1137.0 225.0 59.0 Venid llegad

195.0 1169.0 436.0 62.0 que la Virgen nos llama

195.0 1218.0 423.0 57.0 que al que esté enfermo

193.0 1266.0 252.0 52.0 salud le dará.

232.0 1303.0 636.0 50.0 Seis enfermos postrados se hallaban

190.0 1338.0 573.0 61.0 con grande peligro de necesidad,

193.0 1380.0 535.0 54.0 entró un día repartiendo rosas

197.0 1419.0 377.0 57.0 y con su hijo alcanzó

193.0 1467.0 271.0 49.0 salud para dar.

232.0 1505.0 579.0 50.0 Un soldado en la guerra llamaba

193.0 1546.0 611.0 53.0 á esta Virgen pura con gran fervor

193.0 1586.0 601.0 54.0 en la chupa y sombrero ha sacado

190.0 1625.0 636.0 50.0 señal de balazos hasta treinta y dos.

236.0 1669.0 332.0 50.0 Prodigios de Dios,

190.0 1697.0 667.0 60.0 que las balas en el cuerpo no ofenden

195.0 1746.0 651.0 54.0 llevando estampa con gran devoción.

230.0 1833.0 616.0 64.0 Dos pastores se arriman á un árbol

193.0 1881.0 361.0 55.0 y allí vino una nube

195.0 1921.0 272.0 59.0 con gran rigor,

193.0 1952.0 594.0 65.0 cayó un rayo, que Jesús nos libre,

195.0 2002.0 557.0 79.0 y á uno de ellos lo hizo carbón,

195.0 2048.0 272.0 55.0 pero al otro no

195.0 2079.0 627.0 85.0 porque llevaba la estampa y retrato

193.0 2127.0 353.0 55.0 de esta Virgen pura

193.0 2168.0 344.0 60.0 con gran devoción.

984.0 527.0 549.0 82.0 Una mujer que de parto estaba

947.0 582.0 320.0 53.0 sentada en la silla

945.0 615.0 346.0 59.0 ya cuasi era mortal,

947.0 657.0 557.0 70.0 le pusieron la estampa y retrato

947.0 703.0 349.0 55.0 de esta Virgen pura

945.0 738.0 296.0 55.0 y la sacó en paz.

984.0 773.0 310.0 61.0 Dice con bondad

951.0 801.0 520.0 68.0 Viva, viva la Virgen de Nieva

945.0 852.0 585.0 79.0 y su precioso hijo rayo Universal.

987.0 957.0 601.0 81.0 Un cautivo en prisiones se hallaba

943.0 1025.0 574.0 63.0 en grandes fatigas de tribulación

945.0 1064.0 515.0 57.0 á la Virgen de Nieva llamaba

945.0 1101.0 561.0 79.0 que le favorezca en tanto dolor.

984.0 1152.0 283.0 48.0 Dice con fervor

945.0 1180.0 456.0 73.0 Madre mía del cielo reina

947.0 1229.0 316.0 59.0 librad á tu devoto

945.0 1275.0 309.0 59.0 en tanta aflicción.

987.0 1373.0 460.0 94.0 Al tiempo quedó dormido

945.0 1434.0 408.0 68.0 pensando en la Virgen,

947.0 1481.0 296.0 52.0 cuando dispertó,

945.0 1505.0 515.0 83.0 en España ya se hallaba libre

945.0 1555.0 333.0 55.0 de aquellos piratas

945.0 1599.0 362.0 57.0 y de aquella prisión.

982.0 1640.0 290.0 49.0 Dice con primor

943.0 1665.0 590.0 96.0 que la Virgen de Nieva ha obrado

943.0 1717.0 311.0 53.0 con aquel devoto

945.0 1761.0 324.0 66.0 pues que la llamó.

982.0 1870.0 592.0 66.0 Hombres, niños y mujeres traigan

947.0 1921.0 408.0 57.0 la estampa en el pecho

945.0 1965.0 342.0 48.0 con gran devoción.

945.0 2000.0 568.0 55.0 que la Virgen de Nieva nos libre

945.0 2037.0 517.0 59.0 de todo trabajo y tribulación.

982.0 2083.0 298.0 53.0 Decid con fervor

947.0 2120.0 522.0 51.0 Viva, viva la Virgen de Nieva

947.0 2162.0 283.0 59.0 y vivamos todos

940.0 2201.0 325.0 66.0 en gracia de Dios.

636.0 2409.0 583.0 84.0 Imps. Hospital, 19. «El Abanico»
