1753 2480
948.0 39.0 67.0 49.0 — 7 —

322.0 90.0 426.0 56.0 adios sant matrimoni:

322.0 132.0 449.0 62.0 bona l' hem feta Magí.

322.0 181.0 548.0 60.0 Entra l' Avia, saluda y diu.

188.0 217.0 655.0 66.0 Avia. Deu lo guart, senyó Rectó.

188.0 268.0 694.0 60.0 Rectó. Deu vos guart, Avia axerida.

190.0 320.0 610.0 56.0 Avia. Ya la veig la Margarida.

190.0 359.0 607.0 64.0 Rectó. Y be, ¿qué porteu de bó?

188.0 398.0 754.0 73.0 Avia. Després estaré per tú. (á Marg.)

322.0 446.0 626.0 72.0 (al Rec. )Senyó Rectó, escoltim bé;

322.0 491.0 422.0 67.0 que tot lo que li diré,

318.0 531.0 535.0 70.0 no vuy que ho senti ningú.

183.0 574.0 637.0 72.0 Rectó. Ja us escolto; aneu dient:

316.0 626.0 481.0 64.0 no sigueu gayre pesada.

183.0 671.0 720.0 62.0 Avia. No 'm passo avuy de bugada;

316.0 719.0 531.0 64.0 per aixó he vingut corrent.

183.0 762.0 579.0 70.0 Rectó. Deixeuvos de tonterías

320.0 799.0 477.0 64.0 y aneu al gra tot seguit.

183.0 847.0 679.0 58.0 Avia. Sí senyó que 'n tinch neguit

316.0 896.0 574.0 58.0 d' habersem mort las dos tías.

318.0 934.0 494.0 70.0 Pero vuy dirli que á casa

314.0 987.0 545.0 62.0 ens en passa una de grossa;

316.0 1035.0 634.0 60.0 ¿qué no veu que aquesta mossa

316.0 1072.0 481.0 58.0 está plorant com un asa?

316.0 1111.0 496.0 64.0 No sé per qué 'ls va casa;

316.0 1157.0 591.0 70.0 ¿qué no hu veya quen Saldoni

314.0 1206.0 490.0 58.0 no era bo pel matrimoni?

316.0 1248.0 543.0 68.0 jo hu vaig veure l' endemá.

314.0 1295.0 517.0 60.0 Fa dias que no s' arriman;

312.0 1339.0 572.0 62.0 sempre 's parlan ab quimera;

312.0 1386.0 574.0 62.0 que encara que tinch sordera,

312.0 1423.0 552.0 73.0 ja conech que no s' estiman.

312.0 1475.0 450.0 58.0 Es un gandul dit y fet;

312.0 1519.0 467.0 57.0 á la taberna 'l dia passa

310.0 1558.0 541.0 66.0 sempre allí fenne bromassa,

314.0 1612.0 471.0 59.0 y tot lo día á fe 'l gotet.

316.0 1651.0 428.0 56.0 Y sens donarme dinés

314.0 1696.0 521.0 56.0 vol que 'ls guisi bona teca:

312.0 1744.0 465.0 54.0 y á la tenda y á la fleca

314.0 1793.0 450.0 58.0 ja no 'ns volen fiá mes.

318.0 1833.0 500.0 53.0 ¡Ara vegi quánts de mals!

312.0 1872.0 519.0 62.0 y vosté que está enllustrat

314.0 1926.0 432.0 55.0 pot coneixa 'l disbarat

314.0 1977.0 500.0 42.0 que va cometre en casals.

312.0 2012.0 483.0 54.0 Al menos búsquili feyna

310 2056 523 62 ben poqueta y ben pagada...

175 2085 775 87 Marg. ¡No sigui, mare pesada! (La

624.0 2147.0 320.0 64.0 agafa pel bras.)

175.0 2178.0 786.0 103.0 Rectó. ¡Deu meu, y quina paciencia!...

1389.0 80.0 353.0 95.0 (Li gira l' esquena)

998.0 142.0 639.0 62.0 Avia. ¿Y tú que tens Margarida?

1128.0 181.0 540.0 67.0 ¿Quina mes ten ha passada?

1128.0 231.0 507.0 62.0 Sembla estás desesperada,

1130.0 279.0 408.0 59.0 y per demés afligida.

994.0 307.0 756.0 79.0 Marg. Lo Saldoni me ha fugit (cridant)

1126.0 367.0 606.0 67.0 y Deu sap ya ahont deu passá;

1124.0 409.0 451.0 66.0 ¿cóm podré jo descansá

1124.0 460.0 449.0 48.0 sense mon amat marit?

992.0 483.0 665.0 85.0 Avia. Si que ets ben desgraciada.

992.0 545.0 519.0 58.0 Rectó. Mes jo la consolaré;

1124.0 580.0 465.0 66.0 jó an Saldoni 't tornaré.

990.0 632.0 758.0 87.0 Marg. Per Deu no 'm porti enganyada:

1120.0 677.0 471.0 56.0 consideri el meu neguit

1120.0 719.0 438.0 68.0 si perdo lo meu marit,

1124.0 762.0 420.0 58.0 per tot lo mon aniría,

1120.0 801.0 502.0 75.0 allá ahont fos lo buscaría,

1122.0 851.0 438.0 62.0 y estiga ben persuadit

1124.0 905.0 401.0 53.0 que de pena moriría.

988.0 936.0 599.0 68.0 Rectó. Tingas confiansa que jó

1122.0 985.0 434.0 60.0 tel faré se bon minyó,

1122.0 1031.0 492.0 62.0 puig per tení enteniment

1122.0 1074.0 537.0 70.0 li tinch de fé un escarment,

1122.0 1128.0 413.0 50.0 correns lo faré agafá.

990.0 1165.0 756.0 70.0 (Mentres dura la conversa lo Rectó sen vá)

996.0 1219.0 622.0 60.0 Avia. Mira, el cor me está dient

1118.0 1260.0 459.0 52.0 que en Saldoni tornará,

1124.0 1299.0 469.0 62.0 y que ab tú se abrassará

1120.0 1343.0 517.0 58.0 mostrant s' arrepentiment;

1118.0 1390.0 517.0 54.0 preguem á Deu Margarida

1122.0 1440.0 387.0 56.0 que torni ben abiat,

1118.0 1475.0 461.0 56.0 que conegui el disbarat

1118.0 1521.0 523.0 62.0 que ha comés ab la fugida.

988.0 1568.0 721.0 68.0 (Se agenollan y fan la següent oració)

988.0 1614.0 626.0 57.0 A duo Deu meu teniu compassió

1116.0 1659.0 446.0 58.0 del desgraciat Saldoni,

1114.0 1698.0 502.0 62.0 que aconsellat del dimoni

1116.0 1754.0 411.0 46.0 camina á la perdició:

1116.0 1791.0 461.0 62.0 feu que torni arrepentit

1114.0 1839.0 413.0 49.0 ab la seva Margarida

1118.0 1882.0 461.0 62.0 y que vinga desseguida

1114.0 1928.0 463.0 49.0 com un verdader marit.

965.0 1957.0 783.0 72.0 Surt lo Saldoni y lo senyó Rectó que 'l

1023.0 2023.0 727.0 47.0 porta agafat de una orella y un bastó á

1021.0 2060.0 237.0 52.0 la altre má.

986 2095 593 70 Rectó. Dona á ta esposa la ma,

1108.0 2151.0 514.0 56.0 que ara 't vaitg á descasá.

975.0 2182.0 773.0 93.0 (S'agollona y dona la má á la Margarida)
