952 1446
192 41 328 39 de San Lorenzo Martyr.

678 41 48 42 19

2 73 762 53 noche gastaria en atormentarlo. Respondiò el santo

3 120 759 47 Martyr: Si asi es, esta noche será clara, y llena de

10 164 739 49 alegria, para mi, y no tendrà obscuridad alguna.

32 206 732 48 Finalmente, mandò el Tyrano aparejar un lecho

0 244 762 54 ò cama de hierro à manera de parrillas, tan grande,

1 291 754 52 que pudiese mantener el cuerpo del Santo, y deba-

0 339 764 48 jo mandò poner fuego manso, para que poco á po-

33 373 735 57 co se fuese quemando, y la muerte fuese tanto mas

56 419 709 54 cruel, quanto fuese mas prolija. Los verdugos con

0 467 761 47 grande presteza apercibieron aquella dura cama, y

0 509 764 48 encendieron el fuego. Desnudaron al Santo con gran-

0 554 766 47 de furia y rabia, y al quitarle la ropa, le renova-

0 596 766 49 ron todas sus heridas, que al descubrir aquel Sagra-

0 641 768 45 do cuerpo, se veian manar con grande abundancia la

61 676 707 55 sangre; pues de los tormentos pasados estaba tan

118 720 648 54 abierto, y arado, que daba lastima y compasion ver-

38 762 730 54 le tan llagado. Ya estaba el fuego en su sazon, y co-

45 807 723 53 mo le queria el Tyrano, y la cama casi hecha una

33 850 738 53 asqua, quando arrebatando furiosamente aquellos in-

75 894 696 49 humanos hombres con el Santo, le echaron sobre

0 938 768 52 ella con mucha algazara y contento de ver cumpli-

0 981 769 49 dos sus deseos. Ahora verémos, decian, si te bur-

0 1025 769 49 las de nuestros Dioses, de nuestros Principes, y de

3 1072 765 47 nosotros. Pensabas, que los tormentos eran todos

3 1115 494 45 unos ? Mira si con este te burlas.

60 1155 707 51 Estaba el Tyrano con los ojos encarnizados,

5 1200 762 48 echando espuma por la boca, con la cara turbada,

6 1245 764 49 dando bramidos de rabia, y de furor, porque con

8 1290 761 42 tantos martyrios y tantas trazas como havia inven-

10 1329 756 55 tado fu crueldad, no podia reducir, ni vencer al San-

412 1376 70 54 C2

694 1384 45 43 to.
