1754 2480
113.0 136.0 410.0 64.0 Al salir de la ciudad

111.0 177.0 474.0 75.0 por la puerta judiciaria,

113.0 245.0 433.0 54.0 se le pusieron delante

109.0 289.0 492.0 68.0 dos hermosas ciudadanas

107.0 334.0 358.0 62.0 hijas de Jerusalen:

113.0 382.0 499.0 74.0 y el Señor las consolaba.

103.0 431.0 521.0 81.0 No lloreis por mí, las dijo,

103.0 500.0 488.0 64.0 sino llorad por la causa

105.0 545.0 498.0 62.0 vosotras y vuestros hijos

109.0 605.0 573.0 54.0 que de este modo me tratan.

103.0 648.0 581.0 69.0 Llegando ya al sitio en donde

101.0 700.0 591.0 68.0 se ha de consumar la infamia,

103.0 752.0 498.0 64.0 unos la cruz le tomaron,

107.0 801.0 515.0 64.0 y mientras el hoyo caban.

101.0 845.0 426.0 72.0 la túnica le despojan

99.0 899.0 564.0 70.0 à aquel Cordero sin mancha,

105.0 958.0 561.0 65.0 y con la fuerza que hicieron,

99.0 1010.0 449.0 62.0 sus heridas renovaban,

99.0 1054.0 482.0 76.0 aumentando sus dolores,

107.0 1116.0 575.0 62.0 por que ya estaban cerradas,

99.0 1157.0 490.0 68.0 con el aire y con el frio

97.0 1217.0 500.0 66.0 de aquella noche pasada.

101.0 1264.0 513.0 69.0 Lo arrebataron con furia,

97.0 1310.0 535.0 72.0 sobre la cruz lo arrojaban,

95.0 1368.0 465.0 64.0 diciendo : tiéndete bien,

97.0 1421.0 556.0 60.0 esta has de tener por cama:

99.0 1471.0 517.0 56.0 mira lo que has merecido

103.0 1521.0 505.0 68.0 por tus enredos y trazas,

95.0 1572.0 473.0 64.0 aquí se verá quién eres.

97.0 1618.0 535.0 74.0 à ver si ahora te escapas.

95.0 1669.0 585.0 69.0 Mientras que la cruz barrenan

95.0 1723.0 562.0 62.0 sufre el Señor tanta infamia

95.0 1777.0 492.0 64.0 de los malvados sayones,

99.0 1820.0 507.0 77.0 que no puedo numerarlas,

91.0 1874.0 506.0 70.0 ni á referirlas me atrevo,

93.0 1922.0 601.0 76.0 tú alfà puedes contemplarlas

93.0 1973.0 523.0 66.0 La santa Cruz levantaron

93.0 2033.0 517.0 68.0 con gran grito y algazara,

101.0 2081.0 498.0 72.0 y á Jesus clavado en ella,

95.0 2128.0 420.0 62.0 riéndose le mofaban.

93.0 2176.0 525.0 72.0 Sobre la cruz le pusieron

93.0 2225.0 513.0 108.0 el títalo y por qué causa,

810.0 173.0 530.0 31.0 en las tres lenguas escrito,

812.0 186.0 517.0 74.0 griega, latina y hebráica;

821.0 250.0 442.0 57.0 para que fuese notorio

812.0 287.0 493.0 64.0 á las naciones estrañas.

812.0 343.0 495.0 57.0 Al pie de la santa Cruz

810.0 386.0 608.0 74.0 nuestra Madre y Reina estaba,

810.0 448.0 507.0 60.0 y san Juan al otro lado,

806.0 489.0 588.0 79.0 con las dos primas hermanas,

810.0 545.0 402.0 79.0 y Maria Magdalena

806.0 607.0 445.0 58.0 en lágrimas anegadas.

808.0 653.0 468.0 64.0 Rogó por sus enemigos

812.0 702.0 534.0 75.0 que fué la primer palabra

812.0 750.0 584.0 76.0 que el Señor dijo en la cruz.

819.0 808.0 548.0 72.0 para que tú aprendas, alma,

808.0 859.0 509.0 62.0 asi á rogar por los tuyos

817.0 911.0 531.0 60.0 por injurias que te hagan.

806.0 950.0 612.0 75.0 Cristo eucomienda á su Madre

806.0 1004.0 416.0 78.0 al discípulo que ama,

810.0 1060.0 569.0 70.0 y á Jnan se la dá por Madre

817.0 1120.0 510.0 62.0 para que de ella cuidara.

810.0 1167.0 606.0 62.0 Dimas, que es el ladron bueno

812.0 1217.0 551.0 66.0 y á la mano derecha estaba,

808.0 1256.0 567.0 72.0 le pide que de él se acuerde

808.0 1314.0 600.0 70.0 cuando á allá á su reino vaya;

806.0 1372.0 463.0 66.0 el Señor se lo concede,

810.0 1426.0 501.0 64.0 y le empeña su palabra

802.0 1469.0 465.0 68.0 de llevarlo al paraíso

804.0 1519.0 571.0 70.0 el mismo dia en que estaba.

810.0 1568.0 526.0 77.0 Vuelto después á su Padre,

802.0 1626.0 515.0 64.0 con muchisima constancia,

804.0 1680.0 474.0 58.0 de su grande desamparo

806.0 1725.0 457.0 73.0 tiérnamente se quejaba:

802.0 1773.0 635.0 89.0 »Sed tengo, dijo á los hombres,

802.0 1829.0 538.0 70.0 de que se laven las almas.»

806.0 1880.0 532.0 64.0 Trajeron luego una esponja

804.0 1936.0 482.0 64.0 y puesta ya en una caña

800.0 1975.0 453.0 79.0 llena de hiel y vinagre,

798.0 2029.0 503.0 72.0 á sus labios la aplicaban.

796.0 2089.0 540.0 70.0 »Consumatum est, les dijo,

802.0 2134.0 515.0 75.0 ya está la obra acabada.

800.0 2196.0 469.0 67.0 A su amantísimo Padre

798.0 2242.0 529.0 87.0 su espíritu encomendaba.
