1753 2480
161.0 165.0 603.0 68.0 cuan 'l ase diu no vull beure

163.0 217.0 616.0 62.0 tan seval que hu deixeu jeure,

163.0 254.0 502.0 64.0 y aixís no y aurá remey,

165.0 301.0 504.0 60.0 fins que Déu fará de rey,

165.0 345.0 401.0 62.0 y al dolén castigará

161.0 386.0 442.0 58.0 ab la justicia á la má.

165.0 427.0 517.0 69.0 Llavorans tots los dolens

163.0 471.0 527.0 60.0 mudarán los pensaments,

163.0 516.0 473.0 64.0 y veurem que nit y día

163.0 568.0 477.0 62.0 tot nos causará alegría.

165.0 620.0 482.0 47.0 pero fills, á mi me part

163.0 651.0 587.0 68.0 que aixó vindrá bastant tart;

161.0 694.0 562.0 58.0 pero en tal cas que vingués

165.0 744.0 475.0 59.0 ningú may perdría rés.

167.0 787.0 471.0 54.0 Toquem un altre cantó

163.0 828.0 448.0 60.0 per veure qui te rahó.

163.0 876.0 512.0 56.0 Jo vey que no es decorós

163.0 913.0 564.0 70.0 que un pobre siga orgullós,

161.0 963.0 550.0 64.0 com sabeu que molts ni há

159.0 1006.0 564.0 68.0 que apenas s' els pot parlá;

163.0 1058.0 504.0 62.0 perque ja que treballadó

161.0 1107.0 502.0 52.0 que si 's presenta ocasió

159.0 1144.0 560.0 58.0 de un treball se encarregat,

161.0 1190.0 558.0 58.0 ¡no si torna poch malvat...!

163.0 1229.0 450.0 60.0 Maltracta tota la gent,

159.0 1271.0 465.0 62.0 fa torná al amo dolent

159.0 1316.0 605.0 62.0 si es que el amo aigi estat bó.

159.0 1359.0 471.0 73.0 Que tal ¿veritat aixó?...

159.0 1409.0 572.0 66.0 Si homens si, que 'm direu,

163.0 1450.0 459.0 62.0 si jo filo per tot arreu.

163.0 1496.0 494.0 68.0 Si de tot aixó que passa

163.0 1550.0 455.0 47.0 ne se una mica massa.

165.0 1585.0 477.0 66.0 Aixó casi hu sap tutom

159.0 1628.0 523.0 62.0 si es dulén un majordóm.

165.0 1671.0 544.0 69.0 Veurém també algún pelat

157.0 1717.0 479.0 70.0 que vol aná ben mudat,

157.0 1773.0 452.0 58.0 que sense fé centinela

163.0 1808.0 461.0 60.0 li agrada gastá la pela,

157.0 1853.0 359.0 62.0 y cada día al café

155.0 1901.0 593.0 60.0 com aquell que ya hu pot fé;

159.0 1942.0 483.0 68.0 y vingan copas y puros

159.0 1990.0 523.0 62.0 y ananse jugan los duros,

155.0 2033.0 500.0 60.0 sense pará de fe mossas,

157.0 2072.0 527.0 67.0 y cap á conquistá móssas,

155.0 2114.0 388.0 70.0 y causá la perdisió

152.0 2157.0 464.0 66.0 de un altre treballadó,

152.0 2207.0 509.0 62.0 que haventli fet un favor

161.0 2258.0 581.0 100.0 me 'l deix pelat y mitj mort.

1039.0 169.0 523.0 66.0 Lo que aixó torbi ben fet

1041.0 219.0 503.0 51.0 no será sinó un ximplet,

1039.0 256.0 583.0 64.0 que tindría mol grós lo fetje

1039.0 301.0 540.0 58.0 ab sentiment d' un eretje.

1039.0 349.0 534.0 58.0 Sino que sempre tinch pó

1041.0 398.0 542.0 62.0 que vinguin de tras cantó.

1041.0 444.0 480.0 45.0 á ventarme un clatallót

1037.0 481.0 515.0 58.0 algun estrany ó ximplot,

1041.0 531.0 461.0 53.0 ya us en diría algunas

1037.0 572.0 571.0 54.0 ab las lletras com á prunas,

1041.0 613.0 497.0 58.0 pero ya me han ordenat

1039.0 659.0 604.0 60.0 que tingui el bech ben xullat,

1039.0 702.0 478.0 58.0 sinó 'm clavarían pera;

1039.0 750.0 443.0 58.0 y cantant la miserera

1037.0 793.0 410.0 54.0 m' auría de consolá

1041.0 834.0 434.0 58.0 sense pogué ximullá.

1039.0 870.0 561.0 72.0 De les noyas, que 'n dirém

1039.0 925.0 478.0 48.0 si acás no las retallém?

1041.0 963.0 412.0 60.0 També tenía pensat

1039.0 1012.0 523.0 56.0 de darlas un cop d' estat.

1037.0 1060.0 534.0 53.0 Ellas molt alegres viuhen

1035.0 1103.0 643.0 60.0 mentres de 'ls altres se riuhen,

1037.0 1151.0 635.0 58.0 sens pensá que moltas d' ellas,

1039.0 1198.0 546.0 58.0 tan casadas com donsellas,

1037.0 1235.0 567.0 67.0 que avuy fan cuasi be totas

1037.0 1277.0 534.0 62.0 mes faltas que las pilotas.

1039.0 1322.0 525.0 62.0 Ellas per na ben vestidas

1037.0 1366.0 587.0 60.0 se fórjan deu mil mentidas...

1039.0 1417.0 521.0 50.0 venense... lo que val mes

1039.0 1457.0 517.0 59.0 per la ambició delś calés.

1043.0 1502.0 559.0 64.0 ¡No 'n fan pocas de traficas

1037.0 1547.0 542.0 52.0 sols per aná ben bonicas...

1041.0 1587.0 507.0 68.0 y per menjá tots los días

1039.0 1628.0 484.0 68.0 las mes bonas llepolías;

1037.0 1682.0 589.0 58.0 pero en cabat. ¡Ay deu meu,

1035.0 1729.0 647.0 62.0 cuant surt alló que no 's véu!...

1039.0 1764.0 556.0 67.0 Quin llanto, santa Quiteria

1035.0 1808.0 569.0 68.0 cuan la cosa 's posa seria...!

1043.0 1851.0 509.0 71.0 Tot lo que abans era mel

1035.0 1893.0 517.0 64.0 se 'ls torna vinagre y fel;

1039.0 1950.0 472.0 60.0 y resulta tal ponsonya,

1037.0 1990.0 608.0 68.0 que yo, men dono vergonya...

1033.0 2029.0 490.0 66.0 en fí no hu vull esplicá,

1031.0 2077.0 469.0 62.0 aixó no hu vull retallá.

1041.0 2124.0 472.0 58.0 Y parlán de casaments,

1035.0 2165.0 519.0 58.0 ne fan uns de tan dolens,

1035.0 2207.0 608.0 70.0 que per que los tals nos fésin,

1039.0 2267.0 534.0 101.0 que las iglesias tanquesin,
