1114 1562
533 105 106 46 — 28—

185 154 798 43 kan y Pedro Lemoige corrieron con cuanta gente pudieron opo-

186 180 798 44 ner contra los españoles; mas estos habian tomado tan acerta-

187 211 797 44 damente sus disposiciones, que pronto se vieron los piratas ro-

189 241 786 43 deados por todas partes en tales términos, que por donde quiera

190 270 787 44 que volvian los ojos no tenian más que una nube de fuego y

191 301 791 42 balas que los abrasaba. En vano Juan Ojenkan y Lemoige mul-

191 329 791 44 tiplicaban su valor y resistencia hasta lo último. Desconcerta-

192 360 789 44 dos los piratas, principiaron á rendirse, y los dos jefes de aque-

191 391 789 41 lla temeraria empresa no tuvieron otro remedio que caer bajo

192 420 543 45 los golpes de la espada de Juan de Ortega.

232 449 750 43 Cuando los caudillos de los piratas se vieron atados y los

193 482 787 38 demás muertos ó rendidos, apareció Rosaura, cuya vista pro-

194 510 563 43 dujo en Ojenkan un asombro extraordinario.

248 538 733 42 —Ya veo que todo es obra tuya,—le dijo con acento deses-

196 566 683 45 perado.—Bien caro me cuesta el haber sido tan nécio.

239 600 555 40 Rosaura le miró con compasion y le replicó:

235 630 747 39 —¿Creias, desgraciado, que podias vencerme? Nó. Solo sien-

197 658 787 42 to el término fatal que la ley concede á tu vida, y haré todo

196 689 789 47 lo posible para que te se perdone; por lo demás, quien tal hizo

195 719 197 44 que tal pague.

239 738 746 44 En seguida se rescató de nuevo todo el tesoro que habia

197 774 788 42 sido sacado del navío San Pablo, y se dispuso volver á Tierra

197 804 788 59 Firme, para dar cuenta á aquel Gobernador del resultado de la

196 841 124 47 empresa.
