1033 1437
420 2 139 41 — 11—

79 49 793 34 tigas de la guerra. Parecióles á los nuestros que no era bien que en

83 73 787 45 paz y tranquilidad se volviesen quienes tanta sangre de sus compa¬

86 113 786 39 ñeros habian hecho derramar, y decidieron salirles al encuentro.

82 140 794 46 Hubo consejo de capitanes en Paccia, y se resolvió reunir todas las

82 177 788 42 fuerzas para esta jornada, desamparando Paccia, Rodosto y Madyto,

85 207 792 48 y quedando en Galípoli las mujeres y tesoros con solo una guarnicion

82 244 794 43 de doscientos infantes y veinte caballos al mando y gobierno de

83 277 793 43 Muntaner, á quien se ofreció un quinto del tercio de la presa y otro

86 313 779 42 para su gente. Mas de dos mil mujeres se encerraron en Galípoli, y

86 342 788 47 y por esto dice Muntaner en su crónica «Romanguí mal acompanyat de

83 376 449 44 homens y len acompanyat de fembres.»

113 414 764 42 «George, gefe de los alanos y matador de Roger de Flor, llevaba

83 450 787 36 seis mil infantes, tres mil caballos y una multitud de niños y mujeres,

85 479 788 47 y estaba á doce jornadas de distancia. Los catalanes hicieron unas rá-

87 512 790 48 pidas marchas y descubrieron al enemigo ántes de que pasase el

88 547 780 45 monte Hemo. Los historiadores dicen que el combate fué terrible y

87 583 786 44 espantoso, desastrosa la batalla. Ofrecieron una resistencia desespera¬

87 620 790 41 da los alanos que peleaban por defender sus mujeres, sus hijos y las

88 652 786 42 riquezas que habian adquirido en servicio del imperio, de otra cosa.

87 687 791 41 empero, no les sirvieron el valor y el esfuerzo, que de hacer mas

86 719 791 42 gloriosa su derrota. La mortandad que hicieron los nuestros en los

86 749 786 46 enemigos fué mucha, el botin que recogieron inmenso. De los prime¬

88 785 786 41 ros que perecieron á manos de los almogávares fué George, en cuya

88 826 610 38 muerte vengaron así la de su valiente caudillo Rojer.

117 851 756 50 «De referir es un hecho que tuyo lugar en esta jornada y que co¬

92 888 384 40 mo notable cuentan las historias.

121 920 753 41 «Al ver la batalla perdida y dueñas ya del campo las armas ca¬

92 959 779 39 talanas, un jóven y valiente mesageta que se habia batido bizarra¬

91 991 783 42 mente, corrió presuroso á las tiendas que comenzaban ya á invadir

88 1025 790 41 los nuestros y sacando de una de ellas á una muger tan jóven como

91 1058 787 42 hermosa esposa suya ó querida, la colocó sobre un caballo y él en

92 1094 413 40 otro, tomando el camino del monte.

118 1122 758 46 « Tres almogávares que se llamaban Guillen Bellver, Arnau Miró,

92 1154 787 50 y Berenguer Ventayola, echaron á correr tras de los fugitivos, movidos

89 1191 789 43 de la hermosura maravillosa de aquella muger. El mesageta, para

91 1227 786 38 escapar á los que le seguian, espoleaba con la punta de su alfange

91 1266 788 47 el caballo de la mujer, animándole al propio tiempo con voces, pero
