1037 1453
512 0 114 43 — 3—

176 37 770 55 E tauuillo calalan, y para celebrar su bucna suerte y para obsequiar

178 73 775 55 le mas y mas, se le ofreció un soberbio banquesos cual asistió

175 105 778 56 Rojer. Es de advertir que su esposa María se habia eepe,

174 144 779 53 de él ántes de entrar en la ciudad de Andrinópolis en donde

172 175 777 56 le esperaba la muerte. Tan confiada estaba la pobre esposa, que, sa¬

173 211 776 55 biendo que Rojer debia acudir á Constantinopla, se dirigia con su se

175 248 771 51 quito al palacio de su padre para preparar al esposo una buena aco

173 284 777 51 gida de parte del emperador, del cual se temia alguna mala accion. E!

176 319 777 51 pérfido y villano Andrónico habia abusado por completo de la buena

168 353 782 52 fé de los catalanes; les habia pagado con monedas que no tenian el

172 386 774 52 valor que representaban; habíales dejado varias veces espuestos á to

167 423 781 50 da clase de peligros, peligros de los cuales los calalanes habian sa¬

165 457 787 49 bido librarse á fuerza de heroismo y portentosas batallas. Tantas eran

165 491 785 50 las tropelias que habia cometido con los calalanes, que se temió e!

165 526 785 49 monarca el que un dia sus mismos aliados le arrojasen del trono. En

164 560 711 46 esta situacion supo y aprobó el plan de Rir Miguel y George.

192 595 755 50 Celebróse el espléndido banquete; ricamente engalanado el salon.

164 629 780 47 soberbiamente puesta la mesa encontró el Cesar Rojer de Flor. Sen¬

163 664 785 47 tóse en la mesa y con la franqueza que le era habitual, comenzó á

162 697 581 45 ha blar jovialmente con los que estaban á su lado.

191 737 759 42 Cuéntase que ya al entrar, al ver algunos de los que le rodeaban

162 767 788 49 y al conocerles por enemigos suyos, sospechó; pero esta sospecha no

159 801 544 44 llegó á traslucirse en su franca y valerosa faz.

188 834 762 48 Al servirse el segundo plato, se abrieron de golpe las puertas

159 869 785 50 del salon y se arrojaron espada en mano, sobre Rojer, varios corte¬

159 903 784 49 sanos capitancados por George. Rojer, indefenso como se hallaba

159 938 785 46 no pudo oponer ni la mas débil resistencia. Alzóse de la mesa, y de¬

161 980 787 38 safiando á sus contrarios permaneció en pié, mirándoles de hito en

161 1012 783 42 hito por algun rato; pero su cuerpo fué traspasado por varias espadas

158 1046 782 41 á la vez, y un mar de sangre inundó sus vestidos. Mas ¡oh valor

158 1075 788 45 Rojer no obstante de estar cubierto de heridas aun se sostuvo en pié

158 1112 783 49 por mucho tempo. Al lin vino al suelo, victima de una infame trai¬

158 1143 785 48 cion, y con él cayó la columna que habia sostenido hasta entonces

158 1181 216 64 el trono de Grecia.
