1133 1669
513 118 106 43 — 24—

464 241 199 52 CAPITULO V.

170 342 789 50 Los piratas se encuentran sin sus barcos.—Medidas que se ven obligados á

169 384 794 32 adoptar.—Encuentro de los dos hermanos.—Hasta dónde llega el talento y dis-

170 406 789 32 crecion de la hermosa Rosaura.—Retirada de los piratas.—Saqueamiento de

172 426 783 45 los españoles.—Ultimo combate.—Derrota completa de los ladrones de mar.

206 536 750 50 La noticia que el hijo de Pedro Lemoige habia dado á los

169 573 788 41 piratas no podia ser más exacta. Rosaura habia llevado á feliz

170 604 789 43 término su expedicion, y pudo apoderarse fácilmente del Mi-

170 633 787 42 lano en razon á que la mayoría de sus tripulantes estaban en

170 662 788 46 persecucion del codiciado tesoro. Los prisioneros españoles del

169 693 787 43 San Pablo fueron inmediatamente puestos en libertad y arma-

167 724 786 40 dos con las muchas armas que los ladrones llevaban á bordo,

168 752 787 42 por lo que la valiente cuanto hermosa española dió órden á

169 784 783 42 éstos que hicieran rumbo hácia Tierra Firme, mientras ella,

167 815 789 40 al frente de su tropa, subia en contra de la corriente del

167 842 788 48 rio Panamá con la fundada esperanza de encontrar á su

168 873 128 36 hermano.

211 899 743 40 Ageno estaba éste de todos aquellos felices sucesos porque

167 931 787 42 la fortuna coronaba la empresa llevada á tan buen término por

166 963 789 37 su valiente hermana; encontrábase desesperado y triste por la

167 991 785 37 pérdida del tesoro, cuando despues de dos dias de terrible an-

167 1020 786 41 siedad los exploradores que él habia mandado vinieron á anun-

166 1049 786 40 ciarle que Rosaura y su tropa subian con direccion á Panamá.

167 1080 784 40 Esta noticia llenó de alegría á Juan de Ortega, el cual, ha-

167 1110 785 38 biéndose informado de que solo una legua seria la distancia

166 1141 786 37 que lo separaba de su idolatrada hermana, corrió á su encuen-

166 1173 786 33 tro, no tardando una bora en que los dos hermanos se encon-

167 1200 785 39 trasen estrechamente abrazados y reunidos los españoles de

166 1234 267 36 una y otra columna.

208 1257 744 44 Al principio no hubo entre aquellos dos séres que tanto

166 1294 784 31 se estimaban sino afectuosas demostraciones de cariño; pero

165 1319 786 38 cuando pasaron las espansiones del corazon vinieron á darse

165 1348 785 50 sus mútuas explicaciones, de lo que resultó que Rosaura con-
