1753 2480
93.0 126.0 401.0 78.0 espetera. cucharones,

86.0 192.0 538.0 58.0 un tiesto en que beba el gato,

86.0 237.0 408.0 62.0 manteles y servilletas,

88.0 270.0 492.0 73.0 jofainas y demás vidriado.

93.0 328.0 432.0 56.0 un candil y palmatoria.

90.0 365.0 404.0 62.0 bujías y candelabros.

84.0 411.0 412.0 64.0 cubiletes, cuajaderas,

93.0 462.0 469.0 52.0 mandil, escoba, estropajo,

88.0 498.0 389.0 60.0 alcuza para el aceite

88.0 543.0 503.0 60.0 y para el vinagre un frasco

88.0 589.0 457.0 55.0 cestillo para los fósforos

90.0 632.0 453.0 66.0 y un clavo para colgarlo;

88.0 673.0 474.0 66.0 en el corredor dos mapas,

90.0 721.0 453.0 58.0 un almanaque y diarios;

93.0 766.0 409.0 60.0 un farol en la escalera

88.0 810.0 559.0 60.0 que de noche esté alumbrando,

90.0 859.0 453.0 52.0 cordon de la campanilla,

90.0 901.0 433.0 47.0 unos tiestos en el patio,

97.0 915.0 516.0 85.0 y un banco ó escaño grande

86.0 981.0 430.0 58.0 en él habrá preparado,

93.0 1025.0 454.0 60.0 para que sentarse pueda

93.0 1074.0 471.0 54.0 el que esté alli esperando

90.0 1113.0 426.0 58.0 todo lo que he referido

93.0 1159.0 492.0 60.0 le costará (y no me alargo,

90.0 1198.0 583.0 70.0 si ha de hacerle como he dicho)

90.0 1248.0 503.0 60.0 muy cerca de mil ducados.

97.0 1293.0 457.0 58.0 ¡Lo que cuesta una mujer

93.0 1335.0 510.0 66.0 despues de tantos cuidados!

95.0 1376.0 432.0 60.0 Y si luego sale traviesa

88.0 1415.0 435.0 70.0 y de génio endiablado,

93.0 1473.0 452.0 58.0 amiga de pelendengues,

93.0 1510.0 405.0 60.0 de visitar los estrados,

86.0 1550.0 449.0 68.0 inclinada á los cortejos,

93.0 1601.0 432.0 64.0 y cada dia ir mudando

90.0 1647.0 472.0 58.0 de trages de mejor gusto,

93.0 1684.0 450.0 58.0 tan comun en estos años,

90.0 1731.0 478.0 56.0 que cargue Judas con ella

93.0 1775.0 452.0 64.0 y se la lleven los diablos

90.0 1822.0 459.0 60.0 ¡Que cueste tanto dinero

97.0 1868.0 341.0 51.0 un enemigo diario,

93.0 1893.0 508.0 72.0 que siempre tiene el castigo

93.0 1953.0 485.0 59.0 para el marido en la mano!

93.0 1990.0 477.0 72.0 Tambien se ha de proveer

93.0 2043.0 390.0 69.0 de todo lo necesario,

773.0 121.0 444.0 77.0 como es, aceite, carbon,

779.0 161.0 537.0 87.0 vinagre. especias, garbanzos,

775.0 231.0 438.0 60.0 y las demás zarandajas

773.0 268.0 436.0 62.0 para el consumo diario;

779.0 318.0 411.0 51.0 y si no, contínuamente

775.0 357.0 477.0 58.0 habrá de estar aguantando

777.0 398.0 401.0 67.0 el pobre los apellidos

777.0 450.0 477.0 62.0 que la mujer le va dando;

779.0 475.0 603.0 78.0 pues si acaso es Juan su nombre,

777.0 529.0 409.0 70.0 le dirá con desenfado:

773.0 572.0 550.0 64.0 Juan, carnero; Juan, carbon;

779.0 609.0 591.0 73.0 Juan, especias; Juan garbanzos:

779.0 671.0 508.0 54.0 Juan, aceite; Juan, vinagre;

781.0 698.0 610.0 74.0 Juan, tomates; Juan, espárragos;

785.0 758.0 540.0 56.0 Juan, lechuga; Juan, limones;

783.0 801.0 542.0 56.0 Juan, huevos; Juan, bacalao;

785.0 847.0 560.0 60.0 Juan, acelgas; Juan pimientos;

785.0 886.0 529.0 62.0 Juan, zanahorias; Juan, ajos;

779.0 932.0 544.0 62.0 Juan, cisco, si es en invierno;

781.0 971.0 546.0 64.0 Juan, nieve, si es en verano:

781.0 1014.0 475.0 71.0 y tambien Juan chocolate;

781.0 1051.0 647.0 73.0 ya es Juan dulce, ya es Juan agrio.

781.0 1113.0 546.0 56.0 hasta que, enfadado el pobre,

779.0 1153.0 548.0 60.0 dice: Juan cuernos me llamo.

783.0 1196.0 444.0 62.0 Y ha de ir él á buscarlo

775.0 1244.0 457.0 53.0 ó ha de tener un criado,

781.0 1283.0 451.0 60.0 pues para ella es preciso

779.0 1328.0 440.0 58.0 un sirviente que al lado

777.0 1359.0 488.0 73.0 la esté para que disponga

783.0 1419.0 451.0 54.0 de la comida y fregado.

783.0 1459.0 504.0 68.0 Por San Andrés la matanza

779.0 1506.0 403.0 58.0 es otro preciso gasto;

783.0 1529.0 581.0 83.0 pues un cerdo de ocho arrobas,

781.0 1593.0 486.0 66.0 que es un peso moderado,

783.0 1636.0 413.0 58.0 le ha de venir á costar

777.0 1678.0 442.0 58.0 seiscientos reales largos

789.0 1727.0 432.0 58.0 y cincuenta para avíos,

781.0 1769.0 413.0 57.0 los matadores, recado,

783.0 1812.0 461.0 58.0 mas tripas, especias. sal,

783.0 1849.0 478.0 68.0 pimenton, cebolla y ajos

783.0 1893.0 395.0 68.0 No quiero poner aquí

783.0 1944.0 455.0 62.0 de vestido y de calzado,

783.0 1988.0 438.0 58.0 ni el alquiler de la casa

785.0 2019.0 562.0 109.0 en que han de vivir, en claro,
