1753 2480
194.0 82.0 376.0 58.0 Al poble van arribá

148.0 130.0 414.0 56.0 y del firal á la plassa

142.0 171.0 467.0 56.0 lo pitéu ab molta trassa

142.0 210.0 449.0 60.0 en un pilá 'l va fermá.

188.0 248.0 475.0 72.0 Hi havía á terra, parada

140.0 297.0 461.0 60.0 de vasos, de casserolas,

140.0 345.0 515.0 62.0 de pláts, topins y cassolas

142.0 386.0 480.0 72.0 y molta pisa escampada.

190.0 438.0 440.0 62.0 Aquell crach aixeridet,

138.0 481.0 488.0 54.0 molt satisfet y mol terna

138.0 527.0 511.0 55.0 sen va aná á una taberna,

136.0 574.0 484.0 58.0 es clá, cap á fe'l cuartet.

186.0 611.0 351.0 58.0 Un rato va reposá

136.0 663.0 624.0 66.0 com qui diu «no m' encaparro»

138.0 700.0 457.0 62.0 allí va fe 'l seu cigarro

138.0 752.0 440.0 56.0 y junt ab altres garlá.

183.0 785.0 509.0 70.0 Esplicán que duya un ase

136.0 843.0 546.0 58.0 que era mol valén y tendre,

138.0 878.0 482.0 64.0 y que éll lo volía vendre

138.0 932.0 498.0 60.0 y entornarsen cap á casa.

181.0 971.0 484.0 62.0 Mentres éll se estaba allí

134.0 1010.0 502.0 60.0 parlán ab molta catxassa,

136.0 1062.0 511.0 62.0 escoltéu lo que á la plassa

132.0 1103.0 444.0 58.0 al ruch li va suchsehí.

181.0 1147.0 492.0 64.0 Un xicot de molta gresca

132.0 1196.0 479.0 52.0 allí al burro 's va acostá

134.0 1233.0 384.0 64.0 y á l' aurella li ficá

134.0 1291.0 517.0 48.0 ensesos dos mistos d' ésca.

179.0 1326.0 482.0 58.0 Lo burro, al sentirse alló

130.0 1374.0 576.0 60.0 que 'l cremava ab gran excés

130.0 1419.0 550.0 60.0 de cossas non vulguéu mes;

132.0 1471.0 382.0 54.0 estava que feya pó.

173.0 1506.0 540.0 68.0 Se va rompre las murrallas,

130.0 1554.0 366.0 51.0 no podía assosegá,

128.0 1589.0 409.0 62.0 tot lo de terra axafá,

130.0 1645.0 512.0 60.0 y la gent ab grans riallas.

175.0 1684.0 500.0 64.0 L' amo de aquella parada

128.0 1727.0 547.0 62.0 cuan va veure aquell desfet,

128.0 1775.0 523.0 58.0 se va torná boig y ximplet

128.0 1814.0 483.0 66.0 de veures l' obra xafada.

179.0 1855.0 476.0 73.0 Va arreplegá un samalé,

130.0 1905.0 583.0 66.0 y al burru, sens cumpliments,

124.0 1953.0 520.0 59.0 de cops ni va doná á cents

128.0 1998.0 461.0 58.0 deixantlo tot fet malbé.

183.0 2041.0 505.0 67.0 ¡Pobre animal!.... va fugí;

124.0 2089.0 473.0 62.0 alló semblava una fiera,

126.0 2132.0 419.0 60.0 y feu cap á una riera

126.0 2178.0 547.0 85.0 y allí crech que 's va abaltí.

952.0 82.0 437.0 56.0 Lo pagés torná al firal

907.0 121.0 488.0 67.0 per vendre 'l burro aviat,

905.0 175.0 486.0 58.0 y va quedá mort, glassat

899.0 219.0 417.0 49.0 al no trobá l' animal.

946.0 254.0 463.0 70.0 Va preguntá y li van dí

897.0 299.0 454.0 66.0 lo que havía suchsehit;

897.0 351.0 494.0 62.0 «que 'l burro havía fugit

899.0 392.0 529.0 64.0 y 'l mal que hi havía allí».

940.0 446.0 527.0 60.0 Que si aquell burro malvat

897.0 487.0 405.0 50.0 era seu, que pagaría

895.0 522.0 533.0 69.0 tot lo mal que allí hi havía,

897.0 578.0 492.0 58.0 y aixó tot com á amistat.

938.0 620.0 521.0 55.0 Lo pagés va pensá un rato

893.0 667.0 467.0 62.0 y va dí: que no era seu;

895.0 715.0 508.0 51.0 y va anyadí ab baixa veu:

890.0 752.0 557.0 60.0 «si d' acás lo trobo 'l mato».

934.0 791.0 488.0 64.0 Nada que 'l va abandoná

888.0 843.0 511.0 58.0 perquè no 'l fes sufrí mes,

890.0 890.0 424.0 52.0 y sense ruch ni dinés

888.0 930.0 532.0 59.0 al seu poble s' en va torná.

932.0 973.0 500.0 64.0 Dos gitanos mol trempats

886.0 1020.0 534.0 67.0 que també á la fira anavan,

888.0 1066.0 412.0 62.0 per la riera passavan

886.0 1099.0 517.0 79.0 y 's van quedá tots parats.

932.0 1153.0 533.0 66.0 Lo mes vell se 'n va adoná,

884.0 1192.0 488.0 64.0 y com si alló no fos cert,

884.0 1242.0 589.0 66.0 va di: Batu, ay, quin Quért (1)

886.0 1291.0 393.0 52.0 va tot sol á pastorá.

928.0 1337.0 479.0 60.0 L' altra va dí: mala sort,

882.0 1376.0 451.0 60.0 ya podém tocá gelén (2)

884.0 1419.0 490.0 60.0 ¿sentiu quina cantipén? (3)

880.0 1473.0 515.0 54.0 anemsen que deu se mort.

926.0 1506.0 587.0 68.0 No que s' viu va dí 'l mes vell

882.0 1552.0 521.0 64.0 «á gelát (4) del seu cuartel

880.0 1599.0 515.0 60.0 perque de tan de marel (5)

878.0 1647.0 416.0 53.0 li foradaban la pell.»

924.0 1690.0 386.0 64.0 Li van la cua agafá

878.0 1731.0 440.0 69.0 dantli bonas estiradas,

880.0 1777.0 507.0 64.0 y ab tres ó cuatra patadas

878.0 1826.0 447.0 50.0 al últim lo van fe alsá.

924.0 1872.0 456.0 58.0 «A salao, ya está dret»

878.0 1915.0 469.0 58.0 va dí 'l jove tan contén:

878.0 1950.0 507.0 60.0 «nada nada, fem gelén (6)

876.0 2004.0 606.0 64.0 que 'n treurém algún cuartet».

924.0 2041.0 337.0 58.0 A la fira van aná

878.0 2085.0 579.0 60.0 lo burro y aquells dos garenos

899.0 2130.0 690.0 102.0 (1) Quért: vol dir burro. (2) Gelén: fugí. (3) Can-

878.0 2165.0 713.0 67.0 tipén: pudó. (4) Gelát: fugit. (5) Marél : cops

878.0 2196.0 254.0 104.0 (6) Gelén: fuigim.
