1860 2629
756 278 163 83 — 3 —

178 357 494 65 Todos á un tiempo la piden

178 401 492 63 que de la forma que pueda

173 442 537 70 les cuente su amarga historia,

178 492 407 58 que ya desean saberla.

175 540 497 48 Lanzando un nuevo suspiro

175 581 501 57 les respondió muy discreta:

172 625 503 61 no puedo negarme, padres,

173 667 480 63 siendo justa la obediencia,

172 714 368 63 á referir mi suceso,

173 755 472 58 si acaso el dolor me deja.

172 800 431 51 En la noble Salamanca

170 835 538 67 (esta es mi patria y mi tierra)

172 883 507 64 nací de muy nobles padres;

172 928 538 57 mi nombre propio es Teresa.

172 972 508 60 Apenas cumplí tres lustros

170 1023 512 59 (aquí mi desdicha empieza)

172 1057 587 69 murieron mi padre y mi madre

175 1104 473 57 Dios en el cielo los tenga.

172 1150 526 54 Bajo el poder de un hermano

173 1197 497 53 quedé y al instante intenta

172 1238 438 51 el entrarme á religiosa,

184 1280 467 53 y yo fuí de esto contenta.

172 1321 511 60 En este tiempo... ¡ay de mí!

175 1371 475 58 un caballero... ¡qué pena!

173 1413 458 63 galan discreto y bizarro,

175 1451 600 60 que es don Manuel de Contreras,

170 1502 423 56 á mi hermano le salvó

173 1539 490 69 la vida en una pendencia,

176 1586 480 65 y mi hermano agradecido

179 1631 427 60 y atento á tanta fineza,

173 1670 494 65 le llevó á mi casa; cuando

173 1717 502 67 ha entrado por ella apenas,

172 1761 438 63 él miróme y yo miréle,

175 1808 454 57 amor disparó una flecha;

173 1847 561 63 á un tiempo los dos quedamos

175 1895 418 62 heridos de tal manera

173 1938 480 57 en las coyundas de amor;

173 1983 462 55 él preso y yo prisionera,

172 2027 446 57 él cautivo y yo cautiva,

170 2073 471 60 él resuelto y yo resuelta.

170 2114 564 59 Creció nuestro amor, de suerte

170 2160 560 52 que su ardor pasó á violencia,

170 2205 506 57 pues reconoció mi hermano

172 2255 503 57 de nuestro amor la terneza.

172 2290 577 70 Quitó á don Manuel la entrada,

859 353 511 53 y á mí enojado me encierra;

863 397 396 52 valíme de una criada,

859 439 470 51 la cual una noche ordena

859 481 485 53 dar entrada á don Manuel,

863 524 504 64 y en mi mismo cuarto entra,

859 566 526 69 en ocasion que á mi hermano

860 611 348 65 el recelo no le deja

860 660 362 52 sosegar: se levantó,

862 695 483 70 y á mirar la casa empieza:

859 746 464 61 mas no fue tal su silencio

862 791 479 53 porque al abrir una puerta

860 832 479 63 le sentimos, y al momento

860 876 431 58 don Manuel con lijereza

859 918 456 64 quiso ausentarse, mas fue

860 962 396 61 pública su diligencia,

860 1003 462 67 porque al salir á la calle,

862 1057 488 53 la desgracia que lo ordena,

860 1096 402 57 se disparó una pistola,

862 1142 495 60 pregon fue de mi flaqueza.

860 1183 552 67 Creció en mi hermano la furia,

862 1231 447 54 reconociendo su afrenta,

862 1277 445 49 de lo que fue sospechoso

863 1315 430 53 sacó clara la evidencia;

862 1364 488 51 de los cabellos me arrastra

864 1403 421 59 llevado de su soberbia.

862 1448 409 56 A la mañana siguiente

862 1489 512 63 trató mi hermano ¡qué pena!

860 1537 431 52 de llevarme ¡qué pesar!

863 1578 504 63 á un convento ¡qué tristeza!

864 1619 446 65 violentada ¡qué tormento!

862 1669 435 54 para quien el alma deja

862 1710 415 55 en cautiverio amoroso:

862 1754 448 65 pero como amor no ceja,

862 1796 451 66 con papeles correspondo,

862 1841 461 60 que nunca faltan terceras

863 1892 443 50 para aquestas ocasiones;

866 1930 467 62 y hallándome yo resuelta,

862 1973 474 58 ordenamos que una noche

863 2019 511 62 por las tapias de una huerta

863 2068 437 51 del convento me sacase,

869 2107 494 60 y logrando el verme fuera,

862 2151 485 52 don Manuel que apercibido

863 2196 535 57 de muchas armas, me espera,

867 2234 532 64 y un caballo que á los vientos

863 2287 358 79 imita en su lijereza.
