1753 2480
386.0 1151.0 1180.0 225.0 LA FLOR DE LA CANELA.

899.0 1366.0 147.0 84.0 DEDICADA

543.0 1457.0 846.0 72.0 A UNA MORENA SANDUNGUERA.

245.0 1636.0 648.0 75.0 Si me pierdo, que me busquen

200.0 1680.0 537.0 78.0 hácia el sol del medio dia,

200.0 1738.0 517.0 70.0 donde nacen las morenas

208.0 1787.0 467.0 66.0 y la sal de Dios se cria.

345.0 1831.0 277.0 80.0 Ay! morena,

293.0 1880.0 560.0 79.0 ay morena de mi corazon,

293.0 1934.0 447.0 72.0 un beso y me aparto,

291.0 1984.0 366.0 57.0 dámelo por Dios.

245.0 2017.0 575.0 84.0 Todo el hombre que se casa

188.0 2077.0 496.0 64.0 con una muger bonita,

192.0 2116.0 560.0 89.0 hasta que llega á ser vieja,

196.0 2174.0 473.0 62.0 el susto no se le quita.

343.0 2225.0 363.0 104.0 Ay! morena, etc.

1015.0 1636.0 618.0 81.0 Todo el hombre que se muere

963.0 1696.0 510.0 60.0 sin tratar á una morena,

961.0 1744.0 570.0 68.0 se va de este mundo al otro

961.0 1787.0 543.0 79.0 sin saber lo que es canela.

1108.0 1841.0 386.0 72.0 Ay! morena, etc.

1010.0 1882.0 480.0 71.0 Los ojos de mi morena

963.0 1940.0 608.0 79.0 son lo mismo que mis males,

967.0 2000.0 529.0 60.0 grandes como mis fatigas,

963.0 2041.0 552.0 71.0 negros, como mis pesares.

1112.0 2095.0 372.0 58.0 Ay ! morena, etc.

1004.0 2126.0 465.0 75.0 Con el aire y el meneo

961.0 2184.0 533.0 64.0 que acostumbras á llevar ,

961.0 2223.0 589.0 110.0 á los hombres mas honestos
