1753 2480
229.0 206.0 380.0 64.0 el bello Sol resucita

235.0 252.0 443.0 72.0 y se vé dorado el Cielo.

512.0 301.0 70.0 62.0 20.

272.0 341.0 544.0 84.0 Cuando se arregla el peinado

233.0 398.0 438.0 67.0 yo quisiera ser su espejo

233.0 446.0 476.0 85.0 porque fuera muy mirado

930.0 214.0 457.0 75.0 del mas hermoso reflejo.

1205.0 266.0 74.0 54.0 21.

977.0 291.0 379.0 74.0 Tanto quisiera decir

932.0 353.0 411.0 62.0 de la que me da calor

932.0 407.0 502.0 66.0 que hoy mismo voy á pedir

930.0 462.0 446.0 75.0 que me regale su amor.

630.0 545.0 527.0 95.0 SEGURDA PARTE

277.0 653.0 481.0 62.0 Dulce prenda de mi alma;

229.0 704.0 428.0 58.0 consuelo de mi pasion;

231.0 741.0 478.0 65.0 va que me robas la calma

229.0 799.0 401.0 54.0 dame tu fiel corazon.

274.0 845.0 575.0 74.0 Dicen que elmundo es muy malo

229.0 894.0 467.0 60.0 por sus tan duras cadenas

227.0 942.0 484.0 56.0 házme tu pronto el regalo

227.0 985.0 496.0 60.0 de quitar mis duras penas.

277.0 1031.0 465.0 64.0 Tu sola me harás dichoso

227.0 1074.0 411.0 73.0 bella y plateada Luna

227.0 1138.0 434.0 58.0 ya ves que pido lloroso

225.0 1169.0 512.0 73.0 con tu amor hacer fortuna.

268.0 1231.0 525.0 62.0 Cada vez que nos hablamos,

221.0 1285.0 591.0 58.0 siempre me dices amañana....»

225.0 1322.0 475.0 70.0 ya que tanto nos amamos

221.0 1376.0 415.0 62.0 no seas ya mas tirana.

266.0 1426.0 438.0 66.0 Es muy fácil decir «Sin

223.0 1481.0 475.0 58.0 y á tí tanto que te cuesta

219.0 1523.0 547.0 66.0 cuando deseo ¡Ay de mi !...

219.0 1568.0 465.0 62.0 tan seductora respuesta.

264.0 1622.0 531.0 68.0 Cuando estoy á tu presencia

219.0 1674.0 500.0 66.0 va ves que de gozo muero:

219.0 1719.0 510.0 60.0 pues dime, con impaciencia

223.0 1769.0 488.0 62.0 «amor mio yo te quiero.»

264.0 1822.0 478.0 66.0 Mi cautiverio es horrible,

217.0 1870.0 403.0 56.0 es oscura mi prision:

217.0 1919.0 417.0 71.0 mi libertad es posible

219.0 1965.0 434.0 70.0 dándome tu el corazon.

260.0 2015.0 504.0 68.0 Si de una planta cualquiera

214.0 2058.0 430.0 64.0 nace una fragante flor,

221.0 2120.0 506.0 52.0 yo al verte por vez primera

214.0 2163.0 422.0 81.0 nació mi primer amor.

977.0 653.0 418.0 57.0 Despide rumor el mar

932.0 700.0 521.0 64.0 y es cosa que yo no admiro:

932.0 758.0 426.0 52.0 como lo he de admirar

926.0 801.0 527.0 71.0 si yo tambien por tí suspiro.

975.0 851.0 391.0 56.0 El valiente marinero

926.0 888.0 487.0 70.0 tranquilo el mar atraviesa;

928.0 940.0 527.0 64.0 de amor yo atravesar quiero

924.0 992.0 477.0 59.0 cosa que mas me interesa

975.0 1039.0 478.0 68.0 La Luna el mar cristaliza

930.0 1097.0 426.0 60.0 y á las nubes las platea

928.0 1151.0 463.0 53.0 y su hermosura electriza

926.0 1188.0 498.0 72.0 porque yo hermosa te vea.

969.0 1240.0 409.0 64.0 Las avecillas trinando

919.0 1287.0 410.0 66.0 saludan al nuevo dia:

921.0 1330.0 464.0 69.0 yo cantando y delirando,

919.0 1390.0 414.0 54.0 te saluda el alma mia.

965.0 1432.0 362.0 62.0 La brisa matutina!

917.0 1483.0 484.0 64.0 refresca el hermoso prado

921.0 1527.0 579.0 76.0 y yo en tu puerta, en el umbral

919.0 1581.0 499.0 68.0 me quedo fresco y helado.

963.0 1622.0 407.0 66.0 Los árboles á su suelo

917.0 1665.0 544.0 83.0 le brindan su fresca sombra,

919.0 1723.0 499.0 77.0 yo doy con un loco anhelo

915.0 1781.0 484.0 52.0 mi corazon por alfombra.

961.0 1818.0 452.0 77.0 El agua de cualquier rio

915.0 1878.0 439.0 62.0 besa á su amiga ribera,

915.0 1924.0 447.0 57.0 y el ardiente lábio mio.

915.0 1975.0 494.0 62.0 besar mucho mas quisiera.

965.0 2019.0 364.0 58.0 El rocío cual cristal

915.0 2062.0 449.0 70.0 sobre las flores descansa

917.0 2112.0 434.0 64.0 y mi amor tan sin igual

913.0 2161.0 447.0 102.0 reposa con la esperanza.
