1753 2480
159.0 57.0 535.0 62.0 que apar que diuhen rosaris,

161.0 101.0 541.0 66.0 y de baix en baix son pestas.

161.0 150.0 395.0 69.0 La mia no té tal mal,

157.0 194.0 535.0 68.0 ni me priva que m' alégria;

157.0 248.0 518.0 70.0 jo parlo ab quim' dòna gust,

157.0 303.0 510.0 56.0 tinch la llibertat cumplerta,

159.0 353.0 521.0 56.0 ni m' renya com á la Rosa :

159.0 403.0 564.0 59.0 no obstant tinch un altra pena;

159.0 450.0 479.0 62.0 perque tot ho porto á coll,

159.0 491.0 543.0 64.0 tant lo que en casa se ordena,

155.0 543.0 487.0 70.0 com lo cóurer las viandas,

159.0 589.0 457.0 64.0 y menjarets si convenen,

157.0 638.0 423.0 66.0 perque de la seva casa

157.0 688.0 527.0 62.0 may sen cuyda la mestressa.

161.0 733.0 424.0 62.0 Deixanla anar á visita,

161.0 791.0 512.0 62.0 y empleada en la juguesca;

157.0 832.0 353.0 60.0 es perfeta per axó,

157.0 874.0 502.0 68.0 no per manar ni fer feyna.

159.0 930.0 370.0 64.0 Al amo tè embobat,

155.0 975.0 475.0 72.0 perque es una paperera;

155.0 1025.0 520.0 60.0 quant li ha contat son papé,

155.0 1072.0 523.0 70.0 queda ab tanta boca oberta.

157.0 1120.0 436.0 62.0 No es molta la llibertat,

155.0 1169.0 547.0 73.0 perque he de fer tanta feyna;

155.0 1223.0 560.0 64.0 cert, filletas, que men canso,

157.0 1275.0 512.0 60.0 y no estich del tot contenta.

157.0 1314.0 496.0 70.0 No téns rahó de queixarte,

152.0 1364.0 464.0 62.0 va respóndrer la Elena :

152.0 1411.0 478.0 72.0 perque segons has contat,

155.0 1465.0 496.0 64.0 tu vens á ser la mestressa.

157.0 1516.0 448.0 62.0 Jo la casa que servesch,

152.0 1566.0 331.0 60.0 es axí suficienta ;

155.0 1601.0 442.0 68.0 també tinch la llibertat,

159.0 1655.0 550.0 74.0 mes peró no es tan cumplerta

157.0 1711.0 471.0 62.0 com la que tu has referit,

159.0 1758.0 419.0 58.0 encara que so lliberta,

161.0 1808.0 430.0 66.0 si gusto de passejarme

159.0 1853.0 401.0 58.0 en lo dia de la festa;

163.0 1901.0 432.0 64.0 si vull péndrer barená,

163.0 1950.0 504.0 60.0 per mi res se tanca en clau,

161.0 2004.0 401.0 54.0 tota la casa es oberta.

161.0 2043.0 525.0 60.0 Peró es molt gran lo treball,

163.0 2101.0 477.0 56.0 vos ho asseguro, filletas;

163.0 2145.0 562.0 70.0 puig sempre estich fins al coll,

161.0 2203.0 539.0 55.0 sempre vaig detrás la merda,

163.0 2254.0 444.0 85.0 per ser casa de familia;

1062.0 57.0 573.0 62.0 sempre la escombra per terra:

1064.0 93.0 391.0 64.0 tot lo dia me veuréu

1064.0 142.0 411.0 75.0 netejantlos lo darrera,

1066.0 202.0 496.0 58.0 fent jochs al un y al altre,

1064.0 243.0 451.0 64.0 y cantantlos cansonetas;

1062.0 289.0 552.0 64.0 cert que es cosa molt cansada

1064.0 349.0 480.0 62.0 lo víurer de esta manera,

1062.0 396.0 451.0 50.0 que sens tenir criaturas,

1064.0 431.0 453.0 73.0 tan carregada men veja.

1064.0 483.0 471.0 66.0 Ara en quant á lo demés,

1062.0 533.0 548.0 64.0 tant lo amo com la mestressa

1062.0 580.0 504.0 73.0 cert que son de bona pasta,

1066.0 640.0 531.0 56.0 personas que molt mereixen.

1062.0 686.0 492.0 55.0 Respongué la Margarida :

1062.0 725.0 407.0 68.0 Filletas, la mia pena

1062.0 775.0 523.0 72.0 es tan gran com la veuréu :

1064.0 826.0 449.0 66.0 perque la mia mestressa

1064.0 876.0 370.0 60.0 no fia de Jesucrist :

1062.0 919.0 552.0 68.0 fins de un trist diner de pebra

1062.0 967.0 476.0 70.0 tinch que donarni noticia,

1062.0 1023.0 498.0 64.0 no estant ja may satisfeta;

1062.0 1066.0 426.0 70.0 la sua boca may calla,

1066.0 1122.0 463.0 68.0 y mireu si es ben estreta

1066.0 1178.0 453.0 64.0 y en extrém interessada,

1062.0 1219.0 482.0 64.0 suposant vol que servesca

1068.0 1266.0 414.0 60.0 pera tres ó quatre nits

1068.0 1314.0 459.0 62.0 tot lo vinagre que queda

1068.0 1361.0 405.0 60.0 del enciam ó escarola

1068.0 1411.0 472.0 66.0 que tret de la taula resta.

1068.0 1459.0 447.0 62.0 Los lluquets los divideix

1068.0 1504.0 503.0 66.0 y fa de ells tantas esberlas,

1066.0 1554.0 455.0 70.0 que es un miracle poder

1066.0 1601.0 490.0 62.0 ab ellas lo foch encéndrer.

1064.0 1653.0 409.0 64.0 Consideréu del carbó,

1072.0 1700.0 463.0 73.0 y juntament de la llenya,

1064.0 1752.0 490.0 62.0 que cosas no té que dirne,

1064.0 1802.0 529.0 68.0 que si crema ó si no crema:

1066.0 1853.0 465.0 62.0 sis' trenca tassa ó brocal,

1064.0 1903.0 362.0 60.0 ó altra cosa casera

1064.0 1955.0 358.0 57.0 de olletas y tupins,

1064.0 1992.0 554.0 72.0 com també plats y escudellas,

1066.0 2054.0 441.0 49.0 ollas grans y tapadoras,

1066.0 2095.0 488.0 62.0 ó altras cosas de minestra,

1064.0 2145.0 484.0 58.0 aquí sí que es la quimera,

1064.0 2190.0 440.0 73.0 li dura dos ó tres horas,

1066.0 2244.0 422.0 107.0 y es tanta la sua pena,
