1753 2480
200 177 597 64 "aun que nos vayan celando."

242 224 569 62 Todo el de intenciones malas

197 270 536 62 que se entretiene en fisgar,

197 316 530 57 son sus obras despreciadas,

198 363 520 65 y al fin se viene á quedar

199 411 535 57 "por balcones y ventanas."

239 436 581 78 Aunque todo el mundo entero,

197 496 501 70 mil embarazos me ponga,

888 179 543 63 que á cada paso un tropiezo,

891 224 529 61 y la fortuna esté en contra,

886 270 563 63 "lograremos nuestro objeto."

930 314 566 69 Aunque yo no tenga entrada

888 365 461 57 en tu casa, dueño mio,

886 400 538 65 no te aflijas, prenda amada,

865 449 551 63 que tú te vendrás conmigo;

872 501 535 62 "no pases pena por nada."

562 559 670 66 ¿Qué quieres que haga, mi bien,

512 604 505 61 si todo en contra lo veo?

514 644 658 75 si quiero hablarte hay mil ojos

512 701 602 76 que impiden nuestros deseos.

239 770 547 63 No culpes, señora, á quien

199 815 440 58 no teme por adorarte,

198 859 482 55 ni me trates con desden:

202 899 467 74 ¿cómo podré yo mirarte?

198 944 641 83 "¿qué quieres que haga, mi bien?"

237 993 490 61 Es tan grande mi desvelo

197 1042 487 58 que muero por adorarte,

923 766 471 66 Prenda mia de mis ojos,

884 811 348 63 adorada de mi fe,

891 858 561 67 no busques, mi vida, enojos,

890 906 475 57 ni me trates con desden;

897 940 638 74 "si quiero hablarte hay mil ojos."

933 993 512 59 En cualquier parte me veo

882 1040 472 58 anegado en mis pesares,

880 1081 480 62 si intento desvanecerlos

899 1130 446 60 se presentan mil azares

893 1151 600 84 "que impiden nuestros deseos."

563 1234 440 59 En la escalera la ví

512 1281 491 70 una tarde que bajaba:

516 1329 614 73 yo la dije: adios, mi vida,

514 1384 611 77 y me dijo: adios, mi alma.

237 1446 494 61 La primer vez que la ví,

194 1490 407 68 con arrojo y bizarría

198 1543 380 48 el corazon la rendí,

197 1583 447 64 prestando luces al dia

204 1636 430 56 "en la escalera la ví."

239 1674 461 64 Aunque libre blasonaba

197 1720 439 51 no desdeñaba el amor,

198 1753 497 71 y á su beldad extremada

198 1791 558 79 quedé esclavo, y fue en rigor

195 1851 496 69 "una tarde que bajaba."

938 1446 459 66 Con voluntad no fingida

890 1490 466 65 la dije: que á su belleza

890 1538 431 58 tenia el alma rendida,

888 1577 476 69 y al verla sin extrañeza

890 1616 568 71 "yo la dije: adios, mi vida."

924 1659 574 85 Como me vió en dulce calma,

891 1712 404 62 y que de mi libertad

888 1759 463 67 se llevaba ella la palma,

877 1804 425 58 olvidó su gravedad,

882 1832 566 92 "y me dijo: adios, mi alma,"

568 1911 550 52 Por tí me muero de amor,

504 1948 583 81 por tí me alegro y suspiro,

510 2004 564 77 por tí se abrasa mi pecho,

510 2064 577 72 por tí muero y por tí vivo.

229 2110 420 72 Por tí padezco dolor,

188 2176 562 64 por tí apetezco y no alcanzo,

188 2211 514 70 por tí, válgame el Señor,

190 2262 483 76 por tí no tengo descanso,

921 2112 511 76 "por tí me muero de amor."

924 2165 455 71 Por tí me veo abatido,

883 2212 442 61 por tí ando congojoso,

884 2251 503 80 por tí me hallo sumergido
