1753 2480
101.0 140.0 401.0 60.0 Una noya vaig trobá

55.0 183.0 424.0 65.0 que buscava caragols

53.0 239.0 362.0 52.0 á vora d'una riera,

57.0 283.0 528.0 58.0 y'ns trovabam tots dos sols.

53.0 316.0 436.0 62.0 Ella estaba disgustada

53.0 376.0 434.0 51.0 perque no trovaba res;

49.0 415.0 523.0 66.0 li vaig ensenyá una brossa

51.0 465.0 457.0 55.0 que hi havía dos bovés.

18.0 502.0 395.0 49.0 —Y que eran ben grossos.

90.0 568.0 430.0 68.0 Lo Pau y la Doloretas

45.0 622.0 370.0 57.0 la grua feyan volá

47.0 667.0 517.0 54.0 y á las rametas d'un arbre

47.0 710.0 473.0 58.0 la qua se 'ls va enganxá.

45.0 762.0 453.0 58.0 Ell lo tunante estirava,

45.0 801.0 436.0 67.0 jo no sé per quin estil;

47.0 847.0 538.0 60.0 y es clá, ab tantas estiradas

41.0 896.0 428.0 58.0 al fí li va rompre'l fil.

14.0 936.0 655.0 62.0 —Y aixó que'l fil de la grua era molt fort.

86.0 996.0 651.0 89.0 Va veure un burro ab cinch potas

37.0 1056.0 496.0 60.0 un pagés, y'l va comprá;

39.0 1105.0 488.0 64.0 y quan va se á casa seva

37.0 1153.0 459.0 56.0 sols quatre ni va trobá.

39.0 1194.0 471.0 64.0 Lo piteu va disgustarse,

41.0 1248.0 407.0 56.0 y un gitano li va di:

37.0 1281.0 548.0 70.0 Quan ell veurá una sumera,

37.0 1326.0 473.0 58.0 cinch ne tornará á tení.

18.0 1372.0 525.0 66.0 —¡Vaya un fenómeno més estrany!

80.0 1419.0 465.0 104.0 Un casat de Cornudella

33.0 1492.0 390.0 72.0 á Barcelona va aná,

35.0 1550.0 498.0 59.0 y al torín á veure'ls toros

39.0 1593.0 424.0 60.0 un amich lo va portá.

39.0 1618.0 508.0 82.0 Y al veure aquella corrida

31.0 1680.0 469.0 62.0 desde un asiento de Sol

35.0 1713.0 541.0 70.0 va di: Vaja, que las banyas

33.0 1771.0 562.0 72.0 os dich que m'agradan molt.

26.0 1808.0 403.0 74.0 —Oh! y era casat de poch..

72.0 1884.0 453.0 71.0 Jo conech una modista

31.0 1934.0 463.0 62.0 que va vindre de París,

33.0 1967.0 560.0 81.0 y'm va dir: que aquell viatje

26.0 2017.0 455.0 72.0 li va semblá molt felís.

26.0 2068.0 443.0 60.0 No va quedá satisfeta,

24.0 2108.0 505.0 66.0 segons ella'm va esplicá,

26.0 2163.0 614.0 66.0 va di que'n va quedá ab ganas

28.0 2209.0 437.0 58.0 y encara hi vol torná.

18.0 2244.0 478.0 95.0 —Ja deu se un poble ben bonich.

901.0 148.0 411.0 54.0 A casa de certa noya

857.0 194.0 474.0 60.0 ningú hi entraba per ré,

853.0 237.0 525.0 64.0 tan sols cada mes hi anava

851.0 279.0 488.0 64.0 l'amo á cobrarli'l llogué.

857.0 322.0 519.0 68.0 Y com que ella no pagava,

849.0 372.0 474.0 59.0 l'amo tant se va enfadá,

853.0 415.0 610.0 64.0 que al cap de nou mesos justos

851.0 452.0 360.0 68.0 la va fe desocupá.

814.0 498.0 540.0 72.0 —Au, trastes al carré si no pagan.

895.0 572.0 438.0 62.0 Una noya en un brasé

847.0 628.0 455.0 58.0 s'escalfaba el devantal,

849.0 679.0 455.0 52.0 si'l seu xicot no l'avisa

847.0 710.0 562.0 67.0 es crema el quarto principal.

845.0 756.0 645.0 83.0 No us penseu que fossin bromas,

847.0 808.0 502.0 62.0 perque li va aná de prim;

847.0 845.0 540.0 76.0 pues de oló de pel de porch

845.0 899.0 341.0 53.0 se setía socarrím.

808.0 942.0 506.0 62.0 —Devia teni'l quarto plé de clin.

886.0 1012.0 536.0 75.0 A una dona molt prenyada

841.0 1056.0 440.0 62.0 li va dir un estudiant:

847.0 1105.0 463.0 62.0 Aquet vestit que porteu

847.0 1153.0 504.0 62.0 os es molt curt del deván.

841.0 1198.0 508.0 54.0 Ella's va torná molt roija,

847.0 1248.0 492.0 58.0 pero al moment contestá:

843.0 1295.0 517.0 48.0 No fou per falta de roba...

837.0 1326.0 490.0 64.0 tota la pessa hi va entrá;

802.0 1376.0 572.0 64.0 —Devia se una pessa de pocas canas.

882.0 1413.0 494.0 110.0 Un guino á la pescateria

837.0 1504.0 556.0 68.0 ne posava um pam de greix

837.0 1543.0 403.0 69.0 quan ocasió li venía

839.0 1595.0 527.0 64.0 de pogué robá algun peix.

841.0 1634.0 455.0 68.0 Un dia de mala estrella

837.0 1678.0 471.0 64.0 ba robarne una sardina,

837.0 1727.0 475.0 64.0 y al veureu la pescatera

839.0 1777.0 527.0 72.0 va darli una gran tunyina.

804.0 1808.0 440.0 72.0 —Tot es peix si no son cops.

878.0 1870.0 467.0 91.0 Un pobre robava llenya

839.0 1936.0 376.0 68.0 pera coures lo diná

835.0 1971.0 434.0 81.0 y va tení la desgracia

835.0 2031.0 450.0 64.0 que'l amo li va atrapá.

831.0 2070.0 436.0 66.0 L'esbirro... propietari

837.0 2122.0 541.0 64.0 quan va veure la jugada,

833.0 2157.0 434.0 68.0 sens tenirli compassió

833.0 2205.0 558.0 74.0 li va dar una gran llenyada.

795.0 2248.0 470.0 101.0 —Llenya ray pel seu damunt.
