<?xml version="1.0" encoding="UTF-8"?>
<alto xmlns:xsi="http://www.w3.org/2001/XMLSchema-instance"
      xmlns="http://www.loc.gov/standards/alto/ns-v4#"
      xsi:schemaLocation="http://www.loc.gov/standards/alto/ns-v4# http://www.loc.gov/standards/alto/v4/alto-4-2.xsd">
  <Description>
    <MeasurementUnit>pixel</MeasurementUnit>
    <sourceImageInformation>
      <fileName>Varios_467_3.jpg</fileName>
      
    </sourceImageInformation>
  </Description>
  
  <Tags>
    <OtherTag ID="BT1276" LABEL="CustomZone:impresorNum" DESCRIPTION="block type CustomZone:impresorNum"/><OtherTag ID="BT1277" LABEL="CustomZone:numero_pliego" DESCRIPTION="block type CustomZone:numero_pliego"/><OtherTag ID="BT1278" LABEL="CustomZone:title" DESCRIPTION="block type CustomZone:title"/><OtherTag ID="BT1279" LABEL="GraphicZone:illustration" DESCRIPTION="block type GraphicZone:illustration"/><OtherTag ID="BT1280" LABEL="GraphicZone:ornamentation" DESCRIPTION="block type GraphicZone:ornamentation"/><OtherTag ID="BT1281" LABEL="MainZone" DESCRIPTION="block type MainZone"/><OtherTag ID="BT1282" LABEL="MarginTextZone:colophon" DESCRIPTION="block type MarginTextZone:colophon"/><OtherTag ID="BT1283" LABEL="MainZone:columns" DESCRIPTION="block type MainZone:columns"/><OtherTag ID="BT1284" LABEL="MarginTextZone:note" DESCRIPTION="block type MarginTextZone:note"/><OtherTag ID="BT1285" LABEL="MusicZone" DESCRIPTION="block type MusicZone"/><OtherTag ID="BT1286" LABEL="NumberingZone:page" DESCRIPTION="block type NumberingZone:page"/><OtherTag ID="BT1287" LABEL="QuireMarksZone:catchwords" DESCRIPTION="block type QuireMarksZone:catchwords"/><OtherTag ID="BT1288" LABEL="QuireMarksZone:signature" DESCRIPTION="block type QuireMarksZone:signature"/><OtherTag ID="BT1289" LABEL="RunningTitleZone" DESCRIPTION="block type RunningTitleZone"/>
    <OtherTag ID="LT475" LABEL="DefaultLine" DESCRIPTION="line type DefaultLine"/><OtherTag ID="LT476" LABEL="CustomLine:propriedad" DESCRIPTION="line type CustomLine:propriedad"/><OtherTag ID="LT477" LABEL="CustomLine:trailer" DESCRIPTION="line type CustomLine:trailer"/><OtherTag ID="LT478" LABEL="HeadingLine" DESCRIPTION="line type HeadingLine"/>
  </Tags>
  
  <Layout>
    <Page WIDTH="1909"
          HEIGHT="2648"
          PHYSICAL_IMG_NR="341"
          ID="eSc_dummypage_">
      <PrintSpace HPOS="0"
                  VPOS="0"
                  WIDTH="1909"
                  HEIGHT="2648">
        
        <TextBlock HPOS="83"
                   VPOS="201"
                   WIDTH="1532"
                   HEIGHT="429"
                   ID="eSc_textblock_ba5e460d"
                   TAGREFS="BT1278">
          <Shape><Polygon POINTS="83 201 83 630 1615 630 1615 201"/></Shape>
          
          
          <TextLine ID="eSc_line_1c07e383"
                    TAGREFS="LT478"
                    BASELINE="421 293 1298 283" 
                    HPOS="417"
                    VPOS="194"
                    WIDTH="880"
                    HEIGHT="148">
            <Shape><Polygon POINTS="419 291 419 333 498 328 516 335 536 342 538 342 540 342 615 333 677 324 684 331 692 337 692 339 695 339 697 339 699 342 792 342 792 339 794 339 827 328 836 324 840 328 849 335 849 337 851 337 854 337 856 339 902 339 902 337 971 324 993 322 1019 324 1118 335 1121 335 1295 317 1297 282 1293 209 1178 194 1176 194 1174 194 1171 194 1154 207 1152 209 1001 211 993 205 984 198 984 196 982 196 979 196 924 196 922 196 884 205 843 214 798 203 774 198 772 198 748 203 717 209 666 203 635 198 633 198 600 200 478 216 417 200 419 291"/></Shape>
	    <String CONTENT="SAYNETE EN VERS"
                    HPOS="417"
                    VPOS="194"
                    WIDTH="880"
                    HEIGHT="148"></String>
          </TextLine>

          
          
          <TextLine ID="eSc_line_6800689b"
                    TAGREFS="LT478"
                    BASELINE="756 417 946 412" 
                    HPOS="756"
                    VPOS="379"
                    WIDTH="190"
                    HEIGHT="57">
            <Shape><Polygon POINTS="931 379 909 379 887 379 865 379 843 379 820 379 798 379 776 379 765 388 756 417 756 436 946 430 946 412 944 406 931 379"/></Shape>
	    <String CONTENT="TITUTA"
                    HPOS="756"
                    VPOS="379"
                    WIDTH="190"
                    HEIGHT="57"></String>
          </TextLine>

          
          
          <TextLine ID="eSc_line_bc14020d"
                    TAGREFS="LT478"
                    BASELINE="123 602 1586 584" 
                    HPOS="121"
                    VPOS="503"
                    WIDTH="1465"
                    HEIGHT="145">
            <Shape><Polygon POINTS="1577 534 1569 522 1536 503 1533 503 1511 503 1489 503 1467 503 1445 503 1423 503 1401 503 1399 503 1156 511 1041 503 1039 503 1037 503 1035 503 1035 505 1024 514 935 505 933 505 931 505 929 505 860 556 856 556 849 593 827 593 805 593 783 593 761 593 739 593 717 593 695 593 673 593 651 595 628 595 606 595 584 595 562 595 540 595 518 595 496 595 474 598 452 598 430 598 408 598 386 598 364 598 342 598 320 598 297 598 275 600 253 600 231 600 209 600 187 600 165 600 143 600 121 600 123 602 123 628 178 628 180 628 200 646 200 648 203 648 205 648 207 648 474 646 662 622 673 622 739 622 779 642 781 642 783 642 785 642 823 622 984 639 986 639 988 639 1019 628 1085 635 1088 635 1090 635 1092 635 1092 633 1112 617 1149 617 1171 635 1171 637 1174 637 1176 637 1178 637 1401 635 1586 609 1586 584 1584 556 1577 534"/></Shape>
	    <String CONTENT="D Y LA MARGARIDA"
                    HPOS="121"
                    VPOS="503"
                    WIDTH="1465"
                    HEIGHT="145"></String>
          </TextLine>

          
        </TextBlock>
        
        <TextBlock HPOS="643"
                   VPOS="752"
                   WIDTH="417"
                   HEIGHT="83"
                   ID="eSc_textblock_7862bfdf"
                   TAGREFS="BT1278">
          <Shape><Polygon POINTS="643 752 643 835 1060 835 1060 752"/></Shape>
          
          
          <TextLine ID="eSc_line_ecc52cac"
                    TAGREFS="LT478"
                    BASELINE="681 805 1015 805" 
                    HPOS="681"
                    VPOS="732"
                    WIDTH="334"
                    HEIGHT="99">
            <Shape><Polygon POINTS="681 805 681 831 1015 820 1015 805 1015 748 681 732 681 805"/></Shape>
	    <String CONTENT="PERSONAS"
                    HPOS="681"
                    VPOS="732"
                    WIDTH="334"
                    HEIGHT="99"></String>
          </TextLine>

          
        </TextBlock>
        
        <TextBlock HPOS="291"
                   VPOS="844"
                   WIDTH="215"
                   HEIGHT="147"
                   ID="eSc_textblock_2d7de4d7"
                   TAGREFS="BT1281">
          <Shape><Polygon POINTS="291 844 291 991 506 991 506 844"/></Shape>
          
          
          <TextLine ID="eSc_line_fc34bb1a"
                    TAGREFS="LT475"
                    BASELINE="342 887 478 887" 
                    HPOS="342"
                    VPOS="856"
                    WIDTH="136"
                    HEIGHT="59">
            <Shape><Polygon POINTS="474 862 452 860 430 860 408 858 386 858 364 856 346 873 342 887 342 909 476 915 478 887 478 862 474 862"/></Shape>
	    <String CONTENT="Recto"
                    HPOS="342"
                    VPOS="856"
                    WIDTH="136"
                    HEIGHT="59"></String>
          </TextLine>

          
          
          <TextLine ID="eSc_line_96aab5b9"
                    TAGREFS="LT475"
                    BASELINE="344 957 463 955" 
                    HPOS="342"
                    VPOS="895"
                    WIDTH="121"
                    HEIGHT="109">
            <Shape><Polygon POINTS="452 951 430 953 417 917 377 895 375 895 372 895 342 895 344 957 344 1004 463 1004 463 955 459 951 452 951"/></Shape>
	    <String CONTENT="AvA"
                    HPOS="342"
                    VPOS="895"
                    WIDTH="121"
                    HEIGHT="109"></String>
          </TextLine>

          
        </TextBlock>
        
        <TextBlock HPOS="1121"
                   VPOS="826"
                   WIDTH="301"
                   HEIGHT="153"
                   ID="eSc_textblock_e9da2d16"
                   TAGREFS="BT1281">
          <Shape><Polygon POINTS="1121 826 1121 979 1422 979 1422 826"/></Shape>
          
          
          <TextLine ID="eSc_line_9dbcf9f7"
                    
                    BASELINE="1143 878 1324 878" 
                    HPOS="1143"
                    VPOS="856"
                    WIDTH="181"
                    HEIGHT="50">
            <Shape><Polygon POINTS="1319 876 1297 876 1275 856 1253 856 1231 856 1209 856 1187 856 1165 856 1145 858 1143 878 1143 906 1324 898 1324 878 1324 871 1319 876"/></Shape>
	    <String CONTENT="Salaer"
                    HPOS="1143"
                    VPOS="856"
                    WIDTH="181"
                    HEIGHT="50"></String>
          </TextLine>

          
          
          <TextLine ID="eSc_line_64ffcaba"
                    
                    BASELINE="1143 948 1381 948" 
                    HPOS="1143"
                    VPOS="902"
                    WIDTH="238"
                    HEIGHT="93">
            <Shape><Polygon POINTS="1363 946 1341 946 1319 917 1297 917 1275 917 1253 917 1231 917 1209 917 1187 917 1165 917 1156 902 1143 902 1143 948 1143 993 1216 975 1227 986 1231 988 1231 990 1233 990 1235 990 1295 995 1297 995 1299 995 1302 995 1302 993 1313 984 1348 995 1350 995 1352 995 1355 995 1357 995 1381 975 1381 948 1379 942 1363 946"/></Shape>
	    <String CONTENT="Margarid."
                    HPOS="1143"
                    VPOS="902"
                    WIDTH="238"
                    HEIGHT="93"></String>
          </TextLine>

          
        </TextBlock>
        
        <TextBlock HPOS="62"
                   VPOS="1036"
                   WIDTH="757"
                   HEIGHT="1410"
                   ID="eSc_textblock_60a1e76e"
                   TAGREFS="BT1283">
          <Shape><Polygon POINTS="62 1036 62 2446 819 2446 819 1036"/></Shape>
          
          
          <TextLine ID="eSc_line_feb889d3"
                    TAGREFS="LT475"
                    BASELINE="121 1092 785 1085" 
                    HPOS="119"
                    VPOS="1041"
                    WIDTH="666"
                    HEIGHT="64">
            <Shape><Polygon POINTS="759 1050 737 1048 715 1048 692 1048 670 1048 648 1048 626 1045 604 1045 582 1045 560 1045 538 1045 516 1045 494 1043 472 1043 450 1043 428 1043 406 1043 384 1043 361 1041 339 1041 317 1041 295 1041 273 1041 251 1041 229 1041 207 1045 185 1048 163 1052 141 1054 119 1054 121 1092 121 1105 783 1101 785 1085 774 1059 759 1050"/></Shape>
	    <String CONTENT="Figurará la escena una casa pobre."
                    HPOS="119"
                    VPOS="1041"
                    WIDTH="666"
                    HEIGHT="64"></String>
          </TextLine>

          
          
          <TextLine ID="eSc_line_3f8afb81"
                    TAGREFS="LT475"
                    BASELINE="77 1165 787 1156" 
                    HPOS="75"
                    VPOS="1103"
                    WIDTH="712"
                    HEIGHT="86">
            <Shape><Polygon POINTS="119 1118 97 1123 75 1125 77 1165 77 1176 143 1189 145 1189 231 1178 264 1173 304 1178 370 1184 372 1184 465 1178 560 1171 606 1178 635 1182 637 1182 640 1182 642 1182 646 1178 662 1169 686 1178 697 1182 699 1182 701 1182 787 1178 787 1156 781 1105 406 1118 384 1114 350 1107 348 1107 308 1116 297 1118 291 1116 253 1103 251 1103 249 1103 174 1120 167 1120 163 1120 128 1107 119 1118"/></Shape>
	    <String CONTENT="Margarida. Encara al senyó Rectó"
                    HPOS="75"
                    VPOS="1103"
                    WIDTH="712"
                    HEIGHT="86"></String>
          </TextLine>

          
          
          <TextLine ID="eSc_line_983f9c6d"
                    TAGREFS="LT475"
                    BASELINE="211 1209 686 1200" 
                    HPOS="209"
                    VPOS="1160"
                    WIDTH="477"
                    HEIGHT="62">
            <Shape><Polygon POINTS="562 1160 540 1160 518 1160 496 1160 474 1160 452 1160 430 1162 408 1162 386 1162 364 1162 342 1162 320 1162 297 1162 275 1162 269 1162 209 1167 211 1209 211 1220 684 1222 686 1200 681 1162 564 1160 562 1160"/></Shape>
	    <String CONTENT="Saldoni, li estém debent"
                    HPOS="209"
                    VPOS="1160"
                    WIDTH="477"
                    HEIGHT="62"></String>
          </TextLine>

          
          
          <TextLine ID="eSc_line_5e7e8cde"
                    TAGREFS="LT475"
                    BASELINE="211 1253 644 1246" 
                    HPOS="209"
                    VPOS="1207"
                    WIDTH="435"
                    HEIGHT="61">
            <Shape><Polygon POINTS="408 1207 386 1207 364 1207 342 1207 320 1209 297 1209 275 1209 253 1209 231 1209 209 1209 211 1253 211 1268 642 1264 644 1246 640 1207 430 1207 408 1207"/></Shape>
	    <String CONTENT="la paga del casament."
                    HPOS="209"
                    VPOS="1207"
                    WIDTH="435"
                    HEIGHT="61"></String>
          </TextLine>

          
          
          <TextLine ID="eSc_line_4adbbf53"
                    TAGREFS="LT475"
                    BASELINE="77 1297 768 1290" 
                    HPOS="75"
                    VPOS="1235"
                    WIDTH="693"
                    HEIGHT="84">
            <Shape><Polygon POINTS="626 1248 604 1248 582 1248 560 1248 538 1248 516 1248 494 1251 472 1251 450 1251 428 1251 406 1251 384 1251 361 1251 339 1253 317 1253 295 1253 231 1255 207 1246 187 1240 185 1240 183 1240 130 1244 119 1248 97 1255 75 1257 77 1297 77 1319 567 1306 765 1315 768 1290 761 1235 642 1251 626 1242 626 1248"/></Shape>
	    <String CONTENT="Saldoni. Non passis ansia de aixó,"
                    HPOS="75"
                    VPOS="1235"
                    WIDTH="693"
                    HEIGHT="84"></String>
          </TextLine>

          
          
          <TextLine ID="eSc_line_bee5035b"
                    TAGREFS="LT475"
                    BASELINE="211 1341 609 1337" 
                    HPOS="209"
                    VPOS="1297"
                    WIDTH="400"
                    HEIGHT="62">
            <Shape><Polygon POINTS="275 1297 253 1297 231 1297 209 1297 211 1341 211 1359 606 1359 609 1337 604 1297 297 1297 275 1297"/></Shape>
	    <String CONTENT="mes me estimaria jo"
                    HPOS="209"
                    VPOS="1297"
                    WIDTH="400"
                    HEIGHT="62"></String>
          </TextLine>

          
          
          <TextLine ID="eSc_line_4b19c421"
                    TAGREFS="LT475"
                    BASELINE="211 1385 688 1379" 
                    HPOS="209"
                    VPOS="1343"
                    WIDTH="479"
                    HEIGHT="62">
            <Shape><Polygon POINTS="209 1361 211 1385 211 1405 686 1392 688 1379 681 1343 220 1348 209 1361"/></Shape>
	    <String CONTENT="tenir per mí que per ell:"
                    HPOS="209"
                    VPOS="1343"
                    WIDTH="479"
                    HEIGHT="62"></String>
          </TextLine>

          
          
          <TextLine ID="eSc_line_4c168aa8"
                    TAGREFS="LT475"
                    BASELINE="211 1432 787 1425" 
                    HPOS="209"
                    VPOS="1374"
                    WIDTH="578"
                    HEIGHT="80">
            <Shape><Polygon POINTS="673 1381 651 1381 628 1381 606 1381 584 1381 562 1381 540 1381 518 1383 496 1383 474 1383 452 1383 209 1387 211 1432 211 1454 785 1445 787 1425 781 1374 673 1376 673 1381"/></Shape>
	    <String CONTENT="com no vá el Rectó al burdell"
                    HPOS="209"
                    VPOS="1374"
                    WIDTH="578"
                    HEIGHT="80"></String>
          </TextLine>

          
          
          <TextLine ID="eSc_line_48af275e"
                    TAGREFS="LT475"
                    BASELINE="211 1476 805 1467" 
                    HPOS="209"
                    VPOS="1427"
                    WIDTH="596"
                    HEIGHT="71">
            <Shape><Polygon POINTS="785 1432 717 1427 717 1427 695 1427 673 1427 655 1427 646 1434 481 1429 474 1429 452 1429 430 1429 408 1429 386 1432 364 1432 342 1432 209 1440 211 1476 211 1485 395 1485 401 1487 428 1498 430 1498 432 1498 496 1487 518 1485 527 1489 538 1493 540 1493 542 1493 545 1493 547 1493 547 1491 551 1489 558 1482 573 1489 589 1493 591 1493 593 1493 805 1489 805 1467 803 1463 785 1432"/></Shape>
	    <String CONTENT="que &#39;ls vol guanyar descansat."
                    HPOS="209"
                    VPOS="1427"
                    WIDTH="596"
                    HEIGHT="71"></String>
          </TextLine>

          
          
          <TextLine ID="eSc_line_217401db"
                    TAGREFS="LT475"
                    BASELINE="81 1522 704 1513" 
                    HPOS="81"
                    VPOS="1471"
                    WIDTH="623"
                    HEIGHT="64">
            <Shape><Polygon POINTS="631 1471 609 1471 587 1471 564 1471 542 1471 540 1471 538 1476 538 1478 101 1478 101 1480 83 1509 81 1522 81 1535 701 1533 704 1513 699 1476 640 1471 631 1471"/></Shape>
	    <String CONTENT="Aprg. Saldoni no es ben pensat"
                    HPOS="81"
                    VPOS="1471"
                    WIDTH="623"
                    HEIGHT="64"></String>
          </TextLine>

          
          
          <TextLine ID="eSc_line_b5b29253"
                    TAGREFS="LT475"
                    BASELINE="214 1564 739 1560" 
                    HPOS="211"
                    VPOS="1513"
                    WIDTH="528"
                    HEIGHT="73">
            <Shape><Polygon POINTS="697 1515 675 1515 653 1515 631 1515 609 1515 587 1515 564 1515 542 1518 520 1518 498 1518 476 1518 454 1518 432 1518 410 1518 388 1520 366 1520 344 1520 322 1520 300 1520 278 1520 256 1520 233 1522 211 1522 214 1564 214 1586 737 1582 739 1560 732 1513 697 1513 697 1515"/></Shape>
	    <String CONTENT="lo que tú dius; si no pagas"
                    HPOS="211"
                    VPOS="1513"
                    WIDTH="528"
                    HEIGHT="73"></String>
          </TextLine>

          
          
          <TextLine ID="eSc_line_ad54f169"
                    TAGREFS="LT475"
                    BASELINE="214 1608 662 1608" 
                    HPOS="214"
                    VPOS="1571"
                    WIDTH="448"
                    HEIGHT="57">
            <Shape><Polygon POINTS="214 1608 214 1621 659 1628 662 1608 662 1571 214 1571 214 1608"/></Shape>
	    <String CONTENT="al Rectó lo que li deus"
                    HPOS="214"
                    VPOS="1571"
                    WIDTH="448"
                    HEIGHT="57"></String>
          </TextLine>

          
          
          <TextLine ID="eSc_line_dfdf77d0"
                    TAGREFS="LT475"
                    BASELINE="214 1652 690 1648" 
                    HPOS="211"
                    VPOS="1604"
                    WIDTH="479"
                    HEIGHT="68">
            <Shape><Polygon POINTS="653 1610 631 1610 609 1610 587 1610 564 1610 542 1610 520 1610 498 1610 476 1610 454 1610 432 1610 410 1610 388 1610 366 1610 344 1610 326 1610 211 1610 214 1652 214 1672 688 1666 690 1648 684 1604 655 1604 653 1610"/></Shape>
	    <String CONTENT="nos tindrá per uns jueus"
                    HPOS="211"
                    VPOS="1604"
                    WIDTH="479"
                    HEIGHT="68"></String>
          </TextLine>

          
          
          <TextLine ID="eSc_line_e9cc3efe"
                    TAGREFS="LT475"
                    BASELINE="218 1696 768 1690" 
                    HPOS="216"
                    VPOS="1655"
                    WIDTH="552"
                    HEIGHT="55">
            <Shape><Polygon POINTS="218 1696 218 1710 765 1703 768 1690 761 1655 216 1659 218 1696"/></Shape>
	    <String CONTENT="y &#39;ns fará vendre las bragas."
                    HPOS="216"
                    VPOS="1655"
                    WIDTH="552"
                    HEIGHT="55"></String>
          </TextLine>

          
          
          <TextLine ID="eSc_line_393422bb"
                    TAGREFS="LT475"
                    BASELINE="81 1743 776 1736" 
                    HPOS="81"
                    VPOS="1699"
                    WIDTH="695"
                    HEIGHT="66">
            <Shape><Polygon POINTS="101 1701 83 1730 81 1743 81 1765 776 1758 776 1736 770 1699 101 1699 101 1701"/></Shape>
	    <String CONTENT="Sald. Donchs Margarida, jo &#39;t dich"
                    HPOS="81"
                    VPOS="1699"
                    WIDTH="695"
                    HEIGHT="66"></String>
          </TextLine>

          
          
          <TextLine ID="eSc_line_6a85cf38"
                    TAGREFS="LT475"
                    BASELINE="216 1787 688 1782" 
                    HPOS="214"
                    VPOS="1745"
                    WIDTH="474"
                    HEIGHT="62">
            <Shape><Polygon POINTS="216 1787 216 1807 686 1796 688 1782 681 1745 214 1747 216 1787"/></Shape>
	    <String CONTENT="que el Rectó no cobrará,"
                    HPOS="214"
                    VPOS="1745"
                    WIDTH="474"
                    HEIGHT="62"></String>
          </TextLine>

          
          
          <TextLine ID="eSc_line_4694ca1e"
                    TAGREFS="LT475"
                    BASELINE="216 1833 754 1827" 
                    HPOS="214"
                    VPOS="1780"
                    WIDTH="540"
                    HEIGHT="64">
            <Shape><Polygon POINTS="677 1785 655 1785 633 1785 611 1785 589 1785 569 1785 214 1791 216 1833 216 1844 752 1840 754 1827 748 1780 677 1780 677 1785"/></Shape>
	    <String CONTENT="surti el sol per hont voldrá;"
                    HPOS="214"
                    VPOS="1780"
                    WIDTH="540"
                    HEIGHT="64"></String>
          </TextLine>

          
          
          <TextLine ID="eSc_line_12df3d16"
                    TAGREFS="LT475"
                    BASELINE="216 1875 688 1875" 
                    HPOS="216"
                    VPOS="1833"
                    WIDTH="472"
                    HEIGHT="60">
            <Shape><Polygon POINTS="216 1875 216 1886 686 1893 688 1875 688 1835 216 1833 216 1875"/></Shape>
	    <String CONTENT="á mí me falta un abrich"
                    HPOS="216"
                    VPOS="1833"
                    WIDTH="472"
                    HEIGHT="60"></String>
          </TextLine>

          
          
          <TextLine ID="eSc_line_7b458cf0"
                    TAGREFS="LT475"
                    BASELINE="218 1922 812 1915" 
                    HPOS="216"
                    VPOS="1866"
                    WIDTH="596"
                    HEIGHT="69">
            <Shape><Polygon POINTS="679 1877 657 1877 635 1877 613 1877 591 1877 569 1877 547 1877 525 1877 503 1877 481 1877 459 1877 436 1877 414 1877 392 1877 370 1877 348 1877 326 1877 304 1877 282 1877 260 1877 238 1877 216 1877 218 1922 218 1933 809 1935 812 1915 805 1866 681 1866 679 1877"/></Shape>
	    <String CONTENT="hi els primés dinés que guanyi"
                    HPOS="216"
                    VPOS="1866"
                    WIDTH="596"
                    HEIGHT="69"></String>
          </TextLine>

          
          
          <TextLine ID="eSc_line_fd232ed0"
                    TAGREFS="LT475"
                    BASELINE="220 1966 657 1961" 
                    HPOS="218"
                    VPOS="1924"
                    WIDTH="439"
                    HEIGHT="57">
            <Shape><Polygon POINTS="220 1966 220 1981 655 1981 657 1961 651 1924 218 1926 220 1966"/></Shape>
	    <String CONTENT="una capa &#39;m compraré"
                    HPOS="218"
                    VPOS="1924"
                    WIDTH="439"
                    HEIGHT="57"></String>
          </TextLine>

          
          
          <TextLine ID="eSc_line_555d299c"
                    TAGREFS="LT475"
                    BASELINE="218 2012 637 2005" 
                    HPOS="216"
                    VPOS="1968"
                    WIDTH="421"
                    HEIGHT="57">
            <Shape><Polygon POINTS="218 2012 218 2025 635 2019 637 2005 631 1968 216 1968 218 2012"/></Shape>
	    <String CONTENT="y al Rectó no li daré"
                    HPOS="216"
                    VPOS="1968"
                    WIDTH="421"
                    HEIGHT="57"></String>
          </TextLine>

          
          
          <TextLine ID="eSc_line_ff7c0d99"
                    TAGREFS="LT475"
                    BASELINE="220 2056 781 2047" 
                    HPOS="218"
                    VPOS="1999"
                    WIDTH="563"
                    HEIGHT="75">
            <Shape><Polygon POINTS="681 2008 659 2008 637 2005 615 2008 598 2008 562 2010 496 2014 483 2010 461 2010 445 2010 439 2014 328 2012 306 2012 284 2012 262 2012 240 2012 218 2012 220 2056 220 2074 779 2069 781 2047 779 2012 750 1999 748 1999 745 1999 681 2001 681 2008"/></Shape>
	    <String CONTENT="un xavo, més que s&#39; escanyi."
                    HPOS="218"
                    VPOS="1999"
                    WIDTH="563"
                    HEIGHT="75"></String>
          </TextLine>

          
          
          <TextLine ID="eSc_line_eb5ff8da"
                    TAGREFS="LT475"
                    BASELINE="86 2102 701 2094" 
                    HPOS="86"
                    VPOS="2054"
                    WIDTH="615"
                    HEIGHT="66">
            <Shape><Polygon POINTS="348 2056 326 2056 304 2056 282 2056 260 2056 238 2056 236 2054 189 2054 172 2056 150 2058 128 2061 105 2063 92 2080 86 2102 86 2120 701 2107 701 2094 697 2056 359 2054 348 2056"/></Shape>
	    <String CONTENT="Marg. Ay Saldoni, yo tinch por"
                    HPOS="86"
                    VPOS="2054"
                    WIDTH="615"
                    HEIGHT="66"></String>
          </TextLine>

          
          
          <TextLine ID="eSc_line_d010c50c"
                    TAGREFS="LT475"
                    BASELINE="218 2144 748 2140" 
                    HPOS="216"
                    VPOS="2098"
                    WIDTH="532"
                    HEIGHT="64">
            <Shape><Polygon POINTS="218 2144 218 2160 730 2162 732 2162 734 2162 737 2162 748 2151 748 2140 741 2098 216 2102 218 2144"/></Shape>
	    <String CONTENT="que si el Rectó sens enfada"
                    HPOS="216"
                    VPOS="2098"
                    WIDTH="532"
                    HEIGHT="64"></String>
          </TextLine>

          
          
          <TextLine ID="eSc_line_1166fc07"
                    TAGREFS="LT475"
                    BASELINE="220 2191 692 2186" 
                    HPOS="218"
                    VPOS="2142"
                    WIDTH="474"
                    HEIGHT="58">
            <Shape><Polygon POINTS="681 2142 659 2142 637 2142 615 2142 593 2142 571 2142 549 2142 529 2142 474 2142 461 2144 439 2144 417 2144 395 2144 372 2144 218 2144 220 2191 220 2200 692 2197 692 2186 686 2142 681 2142"/></Shape>
	    <String CONTENT="ans jugará una passada;"
                    HPOS="218"
                    VPOS="2142"
                    WIDTH="474"
                    HEIGHT="58"></String>
          </TextLine>

          
          
          <TextLine ID="eSc_line_89b8a7df"
                    TAGREFS="LT475"
                    BASELINE="220 2235 622 2230" 
                    HPOS="218"
                    VPOS="2191"
                    WIDTH="404"
                    HEIGHT="62">
            <Shape><Polygon POINTS="220 2235 220 2253 620 2241 622 2230 615 2191 218 2193 220 2235"/></Shape>
	    <String CONTENT="tal volta fora millor,"
                    HPOS="218"
                    VPOS="2191"
                    WIDTH="404"
                    HEIGHT="62"></String>
          </TextLine>

          
          
          <TextLine ID="eSc_line_c3abc8ef"
                    TAGREFS="LT475"
                    BASELINE="220 2277 686 2277" 
                    HPOS="220"
                    VPOS="2235"
                    WIDTH="466"
                    HEIGHT="55">
            <Shape><Polygon POINTS="222 2268 220 2277 220 2288 684 2290 686 2277 684 2235 240 2235 222 2268"/></Shape>
	    <String CONTENT="qque lo anésim á trobar,"
                    HPOS="220"
                    VPOS="2235"
                    WIDTH="466"
                    HEIGHT="55"></String>
          </TextLine>

          
          
          <TextLine ID="eSc_line_26fd744c"
                    TAGREFS="LT475"
                    BASELINE="220 2325 620 2319" 
                    HPOS="218"
                    VPOS="2279"
                    WIDTH="402"
                    HEIGHT="57">
            <Shape><Polygon POINTS="593 2279 571 2279 549 2279 527 2279 505 2279 483 2279 461 2279 439 2279 417 2279 395 2279 372 2279 350 2279 328 2279 306 2279 284 2279 262 2279 240 2279 218 2279 220 2325 220 2336 617 2330 620 2319 615 2279 593 2279"/></Shape>
	    <String CONTENT="li podriam demanar"
                    HPOS="218"
                    VPOS="2279"
                    WIDTH="402"
                    HEIGHT="57"></String>
          </TextLine>

          
          
          <TextLine ID="eSc_line_aedac243"
                    TAGREFS="LT475"
                    BASELINE="222 2369 706 2361" 
                    HPOS="220"
                    VPOS="2321"
                    WIDTH="486"
                    HEIGHT="62">
            <Shape><Polygon POINTS="485 2323 463 2323 441 2323 419 2323 397 2323 375 2323 353 2323 331 2325 308 2325 286 2325 264 2325 242 2325 240 2321 220 2321 222 2369 222 2383 704 2376 706 2361 699 2321 496 2321 485 2323"/></Shape>
	    <String CONTENT="que per cobrar s&#39; esperés"
                    HPOS="220"
                    VPOS="2321"
                    WIDTH="486"
                    HEIGHT="62"></String>
          </TextLine>

          
          
          <TextLine ID="eSc_line_2d17e5d4"
                    TAGREFS="LT475"
                    BASELINE="225 2414 692 2409" 
                    HPOS="222"
                    VPOS="2369"
                    WIDTH="470"
                    HEIGHT="91">
            <Shape><Polygon POINTS="225 2414 225 2449 366 2442 392 2447 448 2460 450 2460 452 2460 483 2447 485 2447 560 2458 562 2460 677 2460 677 2458 679 2458 681 2458 692 2447 692 2409 686 2369 222 2372 225 2414"/></Shape>
	    <String CONTENT="que ara no tenim dinés."
                    HPOS="222"
                    VPOS="2369"
                    WIDTH="470"
                    HEIGHT="91"></String>
          </TextLine>

          
        </TextBlock>
        
        <TextBlock HPOS="873"
                   VPOS="1015"
                   WIDTH="810"
                   HEIGHT="1427"
                   ID="eSc_textblock_04d4b1ed"
                   TAGREFS="BT1283">
          <Shape><Polygon POINTS="873 1015 873 2442 1683 2442 1683 1015"/></Shape>
          
          
          <TextLine ID="eSc_line_1063de55"
                    TAGREFS="LT475"
                    BASELINE="1012 1460 1533 1451" 
                    HPOS="1010"
                    VPOS="1410"
                    WIDTH="523"
                    HEIGHT="68">
            <Shape><Polygon POINTS="1012 1460 1012 1478 1531 1469 1533 1451 1527 1410 1010 1423 1012 1460"/></Shape>
	    <String CONTENT="y ens posará en tals aprets"
                    HPOS="1010"
                    VPOS="1410"
                    WIDTH="523"
                    HEIGHT="68"></String>
          </TextLine>

          
          
          <TextLine ID="eSc_line_56f5ded7"
                    TAGREFS="LT475"
                    BASELINE="1015 1507 1540 1498" 
                    HPOS="1012"
                    VPOS="1458"
                    WIDTH="528"
                    HEIGHT="62">
            <Shape><Polygon POINTS="1015 1507 1015 1520 1538 1518 1540 1498 1533 1458 1012 1467 1015 1507"/></Shape>
	    <String CONTENT="que es capás de publicarho"
                    HPOS="1012"
                    VPOS="1458"
                    WIDTH="528"
                    HEIGHT="62"></String>
          </TextLine>

          
          
          <TextLine ID="eSc_line_f3f37919"
                    TAGREFS="LT475"
                    BASELINE="1012 1549 1560 1540" 
                    HPOS="1010"
                    VPOS="1504"
                    WIDTH="550"
                    HEIGHT="58">
            <Shape><Polygon POINTS="1549 1504 1275 1504 1253 1504 1231 1504 1209 1504 1187 1504 1165 1504 1143 1507 1121 1507 1099 1507 1076 1507 1054 1507 1032 1507 1030 1504 1010 1504 1012 1549 1012 1562 1558 1557 1560 1540 1555 1509 1549 1504"/></Shape>
	    <String CONTENT="ó al peu del altá predicarho."
                    HPOS="1010"
                    VPOS="1504"
                    WIDTH="550"
                    HEIGHT="58"></String>
          </TextLine>

          
          
          <TextLine ID="eSc_line_ed0a97c4"
                    TAGREFS="LT475"
                    BASELINE="884 1595 1577 1588" 
                    HPOS="882"
                    VPOS="1542"
                    WIDTH="695"
                    HEIGHT="71">
            <Shape><Polygon POINTS="1147 1549 1125 1549 1114 1549 1110 1553 1107 1555 1103 1553 1092 1549 1081 1549 1068 1549 1063 1553 1054 1549 1037 1549 1019 1549 988 1555 900 1544 882 1553 884 1595 884 1613 1575 1613 1577 1588 1571 1542 1165 1553 1160 1551 1152 1546 1147 1549"/></Shape>
	    <String CONTENT="Marg. Y dochs ¿cóm ho hem de fer?"
                    HPOS="882"
                    VPOS="1542"
                    WIDTH="695"
                    HEIGHT="71"></String>
          </TextLine>

          
          
          <TextLine ID="eSc_line_85cb62a9"
                    TAGREFS="LT475"
                    BASELINE="1015 1637 1445 1637" 
                    HPOS="1015"
                    VPOS="1602"
                    WIDTH="430"
                    HEIGHT="53">
            <Shape><Polygon POINTS="1015 1637 1015 1655 1445 1652 1445 1637 1445 1602 1015 1602 1015 1637"/></Shape>
	    <String CONTENT="sí no tením cap diner."
                    HPOS="1015"
                    VPOS="1602"
                    WIDTH="430"
                    HEIGHT="53"></String>
          </TextLine>

          
          
          <TextLine ID="eSc_line_7dd4e394"
                    TAGREFS="LT475"
                    BASELINE="878 1061 1469 1050" 
                    HPOS="876"
                    VPOS="1015"
                    WIDTH="593"
                    HEIGHT="55">
            <Shape><Polygon POINTS="1449 1021 1427 1021 1405 1021 1383 1021 1361 1021 1339 1019 1317 1019 1295 1019 1273 1019 1251 1019 1229 1017 1207 1017 1185 1017 1163 1017 1140 1017 1118 1015 1096 1015 1074 1015 1052 1015 1030 1015 1008 1015 986 1015 964 1017 942 1017 920 1019 898 1021 876 1021 878 1061 878 1070 1469 1065 1469 1050 1465 1023 1449 1021"/></Shape>
	    <String CONTENT="Sald. Ja veurás tú Margarida"
                    HPOS="876"
                    VPOS="1015"
                    WIDTH="593"
                    HEIGHT="55"></String>
          </TextLine>

          
          
          <TextLine ID="eSc_line_7780e042"
                    TAGREFS="LT475"
                    BASELINE="880 1683 1644 1674" 
                    HPOS="878"
                    VPOS="1628"
                    WIDTH="766"
                    HEIGHT="73">
            <Shape><Polygon POINTS="1628 1646 1617 1628 1617 1628 1615 1628 1430 1637 1430 1639 1408 1639 1394 1639 1352 1641 1249 1646 878 1637 880 1683 880 1701 1644 1701 1644 1674 1641 1672 1628 1646"/></Shape>
	    <String CONTENT="Sald. Oh, es qu&#39; encara que &#39;n tingués"
                    HPOS="878"
                    VPOS="1628"
                    WIDTH="766"
                    HEIGHT="73"></String>
          </TextLine>

          
          
          <TextLine ID="eSc_line_85618688"
                    TAGREFS="LT475"
                    BASELINE="1010 1103 1553 1094" 
                    HPOS="1008"
                    VPOS="1048"
                    WIDTH="545"
                    HEIGHT="70">
            <Shape><Polygon POINTS="1538 1070 1516 1056 1502 1048 1452 1048 1449 1052 1427 1052 1405 1052 1383 1052 1361 1052 1339 1054 1317 1054 1295 1054 1273 1054 1257 1054 1246 1054 1229 1056 1207 1056 1185 1056 1174 1056 1099 1056 1096 1059 1090 1059 1008 1059 1010 1103 1010 1118 1553 1114 1553 1094 1551 1092 1538 1070"/></Shape>
	    <String CONTENT="del modo que el Rectó crida"
                    HPOS="1008"
                    VPOS="1048"
                    WIDTH="545"
                    HEIGHT="70"></String>
          </TextLine>

          
          
          <TextLine ID="eSc_line_c9d1996e"
                    TAGREFS="LT475"
                    BASELINE="1010 1147 1425 1140" 
                    HPOS="1008"
                    VPOS="1105"
                    WIDTH="417"
                    HEIGHT="60">
            <Shape><Polygon POINTS="1010 1147 1010 1162 1421 1165 1425 1140 1419 1105 1008 1107 1010 1147"/></Shape>
	    <String CONTENT="si dinés no li portém,"
                    HPOS="1008"
                    VPOS="1105"
                    WIDTH="417"
                    HEIGHT="60"></String>
          </TextLine>

          
          
          <TextLine ID="eSc_line_cc285b9f"
                    TAGREFS="LT475"
                    BASELINE="1021 1725 1547 1721" 
                    HPOS="1019"
                    VPOS="1683"
                    WIDTH="528"
                    HEIGHT="62">
            <Shape><Polygon POINTS="1021 1725 1021 1745 1544 1745 1547 1721 1540 1683 1019 1688 1021 1725"/></Shape>
	    <String CONTENT="pe &#39;l Rectó no hi haurá res."
                    HPOS="1019"
                    VPOS="1683"
                    WIDTH="528"
                    HEIGHT="62"></String>
          </TextLine>

          
          
          <TextLine ID="eSc_line_68acaa75"
                    TAGREFS="LT475"
                    BASELINE="1012 1196 1496 1184" 
                    HPOS="1010"
                    VPOS="1145"
                    WIDTH="486"
                    HEIGHT="75">
            <Shape><Polygon POINTS="1012 1196 1012 1220 1494 1202 1496 1184 1489 1145 1010 1156 1012 1196"/></Shape>
	    <String CONTENT="y per mes que li diguém"
                    HPOS="1010"
                    VPOS="1145"
                    WIDTH="486"
                    HEIGHT="75"></String>
          </TextLine>

          
          
          <TextLine ID="eSc_line_99de8271"
                    TAGREFS="LT475"
                    BASELINE="1012 1237 1558 1231" 
                    HPOS="1010"
                    VPOS="1187"
                    WIDTH="548"
                    HEIGHT="64">
            <Shape><Polygon POINTS="1012 1237 1012 1248 1555 1251 1558 1231 1551 1187 1010 1200 1012 1237"/></Shape>
	    <String CONTENT="que á casa no hi há un diné"
                    HPOS="1010"
                    VPOS="1187"
                    WIDTH="548"
                    HEIGHT="64"></String>
          </TextLine>

          
          
          <TextLine ID="eSc_line_1c0046d5"
                    TAGREFS="LT475"
                    BASELINE="884 1771 1591 1767" 
                    HPOS="882"
                    VPOS="1723"
                    WIDTH="709"
                    HEIGHT="64">
            <Shape><Polygon POINTS="1280 1725 1257 1725 1235 1725 1213 1725 1191 1725 1169 1725 1147 1725 1125 1725 1103 1725 1081 1725 1059 1725 1037 1725 1035 1723 896 1723 893 1723 891 1723 889 1723 889 1725 882 1730 884 1771 884 1787 1591 1780 1591 1767 1586 1725 1288 1723 1280 1725"/></Shape>
	    <String CONTENT="Marg. Donchs? ¿cóm se compon aixó?"
                    HPOS="882"
                    VPOS="1723"
                    WIDTH="709"
                    HEIGHT="64"></String>
          </TextLine>

          
          
          <TextLine ID="eSc_line_aaf6d70e"
                    TAGREFS="LT475"
                    BASELINE="1012 1279 1549 1275" 
                    HPOS="1010"
                    VPOS="1233"
                    WIDTH="539"
                    HEIGHT="68">
            <Shape><Polygon POINTS="1363 1235 1341 1235 1319 1235 1297 1235 1288 1235 1273 1242 1198 1235 1187 1237 1165 1237 1143 1237 1121 1237 1105 1237 1010 1244 1012 1279 1012 1301 1549 1293 1549 1275 1544 1242 1374 1233 1363 1235"/></Shape>
	    <String CONTENT="no &#39;s voldrá entendre de ré;"
                    HPOS="1010"
                    VPOS="1233"
                    WIDTH="539"
                    HEIGHT="68"></String>
          </TextLine>

          
          
          <TextLine ID="eSc_line_64bacc08"
                    TAGREFS="LT475"
                    BASELINE="1012 1326 1509 1319" 
                    HPOS="1010"
                    VPOS="1279"
                    WIDTH="499"
                    HEIGHT="60">
            <Shape><Polygon POINTS="1012 1326 1012 1339 1507 1332 1509 1319 1502 1279 1010 1290 1012 1326"/></Shape>
	    <String CONTENT="dirá que som condemnats"
                    HPOS="1010"
                    VPOS="1279"
                    WIDTH="499"
                    HEIGHT="60"></String>
          </TextLine>

          
          
          <TextLine ID="eSc_line_42607fff"
                    TAGREFS="LT475"
                    BASELINE="884 1818 1480 1811" 
                    HPOS="882"
                    VPOS="1769"
                    WIDTH="598"
                    HEIGHT="64">
            <Shape><Polygon POINTS="1346 1769 1324 1769 1302 1769 1280 1769 1268 1769 1264 1776 1017 1771 1015 1771 993 1771 971 1771 948 1771 926 1771 904 1771 889 1771 882 1776 884 1818 884 1833 1478 1833 1480 1811 1476 1776 1357 1769 1346 1769"/></Shape>
	    <String CONTENT="Sald. Anant á trobá al Rectó."
                    HPOS="882"
                    VPOS="1769"
                    WIDTH="598"
                    HEIGHT="64"></String>
          </TextLine>

          
          
          <TextLine ID="eSc_line_9e45f33f"
                    TAGREFS="LT475"
                    BASELINE="1012 1372 1544 1363" 
                    HPOS="1010"
                    VPOS="1317"
                    WIDTH="534"
                    HEIGHT="79">
            <Shape><Polygon POINTS="1496 1321 1474 1321 1452 1321 1430 1321 1408 1321 1405 1321 1341 1321 1341 1324 1339 1324 1010 1332 1012 1372 1012 1396 1542 1385 1544 1363 1538 1317 1496 1317 1496 1321"/></Shape>
	    <String CONTENT="perque estém los dos casats"
                    HPOS="1010"
                    VPOS="1317"
                    WIDTH="534"
                    HEIGHT="79"></String>
          </TextLine>

          
          
          <TextLine ID="eSc_line_e4b9c454"
                    TAGREFS="LT475"
                    BASELINE="1015 1416 1463 1410" 
                    HPOS="1012"
                    VPOS="1374"
                    WIDTH="451"
                    HEIGHT="60">
            <Shape><Polygon POINTS="1015 1416 1015 1432 1458 1434 1463 1410 1456 1374 1012 1379 1015 1416"/></Shape>
	    <String CONTENT="sense pagarli los drets,"
                    HPOS="1012"
                    VPOS="1374"
                    WIDTH="451"
                    HEIGHT="60"></String>
          </TextLine>

          
          
          <TextLine ID="eSc_line_a04f5b98"
                    TAGREFS="LT475"
                    BASELINE="887 1864 1438 1858" 
                    HPOS="884"
                    VPOS="1820"
                    WIDTH="554"
                    HEIGHT="57">
            <Shape><Polygon POINTS="887 1864 887 1877 1436 1871 1438 1858 1432 1820 884 1824 887 1864"/></Shape>
	    <String CONTENT="Marg. Anémhi donchs aviat"
                    HPOS="884"
                    VPOS="1820"
                    WIDTH="554"
                    HEIGHT="57"></String>
          </TextLine>

          
          
          <TextLine ID="eSc_line_44994157"
                    TAGREFS="LT475"
                    BASELINE="1017 1908 1580 1899" 
                    HPOS="1015"
                    VPOS="1846"
                    WIDTH="565"
                    HEIGHT="82">
            <Shape><Polygon POINTS="1434 1860 1414 1860 1412 1862 1339 1860 1324 1860 1302 1860 1280 1860 1257 1860 1235 1862 1213 1862 1191 1862 1171 1862 1154 1869 1149 1871 1015 1871 1017 1908 1017 1928 1580 1917 1580 1899 1575 1864 1443 1846 1441 1846 1438 1846 1434 1860"/></Shape>
	    <String CONTENT="que &#39;n sembla estará enfadat."
                    HPOS="1015"
                    VPOS="1846"
                    WIDTH="565"
                    HEIGHT="82"></String>
          </TextLine>

          
          
          <TextLine ID="eSc_line_e0932dca"
                    TAGREFS="LT475"
                    BASELINE="887 1950 1419 1946" 
                    HPOS="884"
                    VPOS="1902"
                    WIDTH="535"
                    HEIGHT="61">
            <Shape><Polygon POINTS="1392 1904 1370 1904 1348 1904 1326 1904 1304 1904 1282 1906 1260 1906 1238 1906 1216 1906 1193 1906 1171 1906 1149 1908 1127 1908 1105 1908 1083 1908 1061 1908 1039 1908 1017 1908 1012 1902 896 1902 893 1902 891 1902 889 1902 889 1904 887 1904 884 1904 887 1950 887 1963 1416 1959 1419 1946 1414 1904 1392 1904"/></Shape>
	    <String CONTENT="Sald. Anémseni tot seguit"
                    HPOS="884"
                    VPOS="1902"
                    WIDTH="535"
                    HEIGHT="61"></String>
          </TextLine>

          
          
          <TextLine ID="eSc_line_6fc85ca9"
                    TAGREFS="LT475"
                    BASELINE="1021 1997 1571 1992" 
                    HPOS="1019"
                    VPOS="1946"
                    WIDTH="552"
                    HEIGHT="77">
            <Shape><Polygon POINTS="1021 1997 1021 2023 1569 2010 1571 1992 1564 1946 1019 1957 1021 1997"/></Shape>
	    <String CONTENT="que ja &#39;n voldría habé eixit."
                    HPOS="1019"
                    VPOS="1946"
                    WIDTH="552"
                    HEIGHT="77"></String>
          </TextLine>

          
          
          <TextLine ID="eSc_line_7ab63e21"
                    TAGREFS="LT475"
                    BASELINE="889 2058 1591 2049" 
                    HPOS="887"
                    VPOS="1997"
                    WIDTH="704"
                    HEIGHT="75">
            <Shape><Polygon POINTS="1271 1997 1268 1997 1233 2010 999 2001 997 2001 995 2001 973 2012 907 2001 904 2001 902 2001 900 2001 887 2010 889 2058 889 2072 1588 2063 1591 2049 1586 2008 1273 1997 1271 1997"/></Shape>
	    <String CONTENT="Mutació de escena, habitació del Rec¬"
                    HPOS="887"
                    VPOS="1997"
                    WIDTH="704"
                    HEIGHT="75"></String>
          </TextLine>

          
          
          <TextLine ID="eSc_line_a97711f8"
                    TAGREFS="LT475"
                    BASELINE="951 2102 1586 2098" 
                    HPOS="948"
                    VPOS="2052"
                    WIDTH="638"
                    HEIGHT="61">
            <Shape><Polygon POINTS="951 2102 951 2113 1584 2109 1586 2098 1580 2052 948 2058 951 2102"/></Shape>
	    <String CONTENT="tó, apareia sentat ab lo breviari á"
                    HPOS="948"
                    VPOS="2052"
                    WIDTH="638"
                    HEIGHT="61"></String>
          </TextLine>

          
          
          <TextLine ID="eSc_line_e9a2d515"
                    TAGREFS="LT475"
                    BASELINE="951 2149 1083 2144" 
                    HPOS="948"
                    VPOS="2102"
                    WIDTH="135"
                    HEIGHT="56">
            <Shape><Polygon POINTS="951 2149 951 2158 1083 2153 1083 2144 1079 2107 948 2102 951 2149"/></Shape>
	    <String CONTENT="la má."
                    HPOS="948"
                    VPOS="2102"
                    WIDTH="135"
                    HEIGHT="56"></String>
          </TextLine>

          
          
          <TextLine ID="eSc_line_9fabe7bf"
                    TAGREFS="LT475"
                    BASELINE="953 2211 1602 2204" 
                    HPOS="951"
                    VPOS="2136"
                    WIDTH="651"
                    HEIGHT="105">
            <Shape><Polygon POINTS="973 2149 960 2149 951 2158 953 2211 953 2228 1163 2241 1165 2241 1235 2228 1238 2228 1332 2239 1335 2239 1602 2224 1602 2204 1595 2147 1423 2153 1419 2151 1403 2138 1403 2136 1401 2136 1399 2136 1396 2136 1321 2147 1187 2138 1185 2138 1063 2160 997 2160 979 2149 973 2149"/></Shape>
	    <String CONTENT="RECTÓ, SALDONI y la MARCARIDA"
                    HPOS="951"
                    VPOS="2136"
                    WIDTH="651"
                    HEIGHT="105"></String>
          </TextLine>

          
          
          <TextLine ID="eSc_line_91ef5843"
                    TAGREFS="LT475"
                    BASELINE="891 2272 1527 2268" 
                    HPOS="889"
                    VPOS="2224"
                    WIDTH="638"
                    HEIGHT="70">
            <Shape><Polygon POINTS="891 2272 891 2294 1046 2283 1191 2292 1204 2292 1207 2292 1209 2292 1211 2292 1240 2281 1522 2288 1527 2268 1520 2224 889 2224 891 2272"/></Shape>
	    <String CONTENT="Bectó. ¡Válgam Deu! lo Rectó es"
                    HPOS="889"
                    VPOS="2224"
                    WIDTH="638"
                    HEIGHT="70"></String>
          </TextLine>

          
          
          <TextLine ID="eSc_line_f0eacb5b"
                    TAGREFS="LT475"
                    BASELINE="1021 2317 1460 2317" 
                    HPOS="1021"
                    VPOS="2272"
                    WIDTH="439"
                    HEIGHT="58">
            <Shape><Polygon POINTS="1021 2317 1021 2328 1458 2330 1460 2317 1458 2272 1021 2275 1021 2317"/></Shape>
	    <String CONTENT="de tot el poble &#39;l criat,"
                    HPOS="1021"
                    VPOS="2272"
                    WIDTH="439"
                    HEIGHT="58"></String>
          </TextLine>

          
          
          <TextLine ID="eSc_line_e9d3ee81"
                    TAGREFS="LT475"
                    BASELINE="1021 2363 1441 2356" 
                    HPOS="1019"
                    VPOS="2319"
                    WIDTH="422"
                    HEIGHT="55">
            <Shape><Polygon POINTS="1021 2363 1021 2374 1438 2369 1441 2356 1434 2319 1019 2323 1021 2363"/></Shape>
	    <String CONTENT="tot lo dia está ocupat"
                    HPOS="1019"
                    VPOS="2319"
                    WIDTH="422"
                    HEIGHT="55"></String>
          </TextLine>

          
          
          <TextLine ID="eSc_line_f8d6b363"
                    TAGREFS="LT475"
                    BASELINE="1021 2407 1494 2403" 
                    HPOS="1019"
                    VPOS="2358"
                    WIDTH="475"
                    HEIGHT="111">
            <Shape><Polygon POINTS="1021 2407 1021 2436 1127 2436 1129 2436 1182 2464 1185 2464 1187 2464 1262 2447 1330 2467 1332 2467 1335 2469 1419 2469 1419 2467 1421 2467 1423 2467 1423 2464 1449 2438 1454 2436 1491 2438 1494 2403 1487 2358 1019 2365 1021 2407"/></Shape>
	    <String CONTENT="per fer &#39;l bé dels demés."
                    HPOS="1019"
                    VPOS="2358"
                    WIDTH="475"
                    HEIGHT="111"></String>
          </TextLine>

          
        </TextBlock>
        

        
      </PrintSpace>
    </Page>
  </Layout>
</alto>
