2148 3034
1020 205 175 106 — 11 —

431 283 1332 102 nos mandó levantar y retirar hasta el dia siguiente, que nos hi-

433 355 1335 83 zo llamar; puestos de nuevo en su presencia, haciendo los mis-

433 401 1332 87 mos acatamientos, nos dijo esperásemos un poco, pues queria

429 444 1337 88 fuéramos con él á hacer oracion á su mezquita. Mandó llamar á

426 498 1337 88 sus mayordomos, criados y acompañamiento, que se presentaron

426 552 1335 81 con la mayor prontitud en la anchurosa y espaciosa plaza delan-

428 598 1333 79 te del real palacio, cuyo séquito se componia de cuatrocientos

424 645 1334 81 caballos con sus ginetes armados; cuatrocientos de á pié igual-

423 692 1337 81 mente armados; á éstos seguian doscientos moros negros que eran

423 738 1335 84 los pajes; éstos traian hachas y armas; detrás venia un almudan

419 788 1337 85 o arzobispo, con cien alfaquíes, especie de abades, los que iban

418 836 1335 82 entonando en voz alta varias oraciones; seguíanle doce moras

418 884 1335 81 hermosísimas, ricamente vestidas de brocados de oro y plata, con

419 935 1336 84 tanta pedrería, que deslumbraba la vista á cuantos las miraban:

416 982 1340 81 a éstas las seguian otras doce jóvenes doncellas, igualmente

418 1031 1335 81 adornadas, tras de las que venia un hermoso carro triunfal, sobre

414 1078 1332 88 el cual iba un magnífico trono de oro guarnecido de brillantes,

413 1132 1340 78 cubierto con un pabellon de brocado de lo mismo, en el que iba

413 1174 1342 83 sentado aquel grande y poderoso señor, el célebre Tamerlan; sa-

413 1222 1340 84 lian de la carroza cincuenta cordones gruesos de oro, tejidos con

413 1274 1337 84 el mayor primor, y á cada uno iba asido un negro que tiraba de

409 1329 1341 71 él. Antes que diese principio la marcha, mandó el soberano fué-

408 1372 1343 86 semos á la inmediacion suya, cuya honra queria hacernos porque

409 1415 1212 86 éramos vasallos de su hijo el rey de Leon, segun él decia.

482 1469 1271 78 En esta forma caminamos á la mezquita: luego que entramos

406 1513 1342 81 en ella mandó que nos mostrasen todas las alhajas que habia, las

404 1570 1344 75 cuales eran tantas y tan costosas, que es imposible calcular su

402 1619 1346 74 número, como asimismo el valor á que podian ascender. Acabado

404 1660 1349 81 que fué aquel acto religioso, en el que hizo el Tamerlan los rezos

408 1709 1337 82 y oraciones segun su costumbre, mandó guiar la carroza por los

402 1754 1341 83 sitios mas públicos de la ciudad, para que nosotros viéramos su

402 1810 1343 77 grandiosidad y magnificencia, pues tiene sobre dos leguas de

399 1862 1346 76 largo. En esta forma dimos la vuelta á palacio, donde siendo ya

399 1899 1342 79 la hora de comer, ordenó se nos sirviese la comida al estilo de

397 1953 1341 81 nuestro país. Ellos, segun sus ritos, comen medio tendidos sobre

396 1997 1343 86 alfombras, en las cuales para la servidumbre de palacio, vimos

397 2051 1342 76 que pusieron hermosos guardamasiles y tapetes, y encima una

396 2095 1343 77 porcion de platos de oro y plata, muy finamente tallados, llenos

396 2150 1342 78 unos con sabrosísimos manjares y otros con ricas y esquisitas

391 2191 1347 82 frutas de que abunda aquel país. A nosotros nos presentaron al-

394 2241 1340 83 gunas frutas muy buenas, leche, miel, manteca y carnes de dro-

391 2292 1342 82 medario, elefante, marfil, camello y unicornio, que algunos la

389 2339 1344 84 comimos de mala gana y contra nuestra voluntad, solo porque no

387 2386 1344 123 creyeran haciamos desprecio. Veinte dias nos tuvo en su palacio
