1860 2629
118 1464 1293 192 CANSÓ DE LA CARBONERA.

86 1657 476 82 Fadrinets de Barcelona

37 1707 576 88 parlo ab los que porteu jech

36 1761 460 66 no penseu ab la Roseta

35 1800 628 95 que ya hi habeu perdut lo dret,

29 1850 553 88 perque diu que sent casada

29 1897 473 76 no vol tocá mes carbó.

26 1942 424 73 Mira tu la cara bruta

23 1995 450 84 per marit vol un señó.

70 2068 493 84 No fa mol que la Roseta

21 2123 532 78 era mes mansa que un bé,

24 2168 566 82 y ara densá que te un sastre

18 2224 553 90 crida mes que un gos paté.

809 1688 465 76 Aquet boix de la cutilla

809 1736 472 79 hi fa ullets ab lo punxó.

807 1784 410 67 Mira tu la cara bruta

805 1832 453 94 per marit vol un señó.

856 1907 498 83 Se pensa sé alguna cosa

802 1965 434 72 y al dia que's casará

800 2011 567 79 portará al dot den Comellas

805 2066 536 69 que no puch parlá mes clá

800 2110 469 74 per rentarse la persona

800 2154 529 80 no tindrá prou per sabó.

796 2202 413 69 Mira tu la cara bruta

791 2253 452 85 per marit vol un señó.
