2148 3034
513.0 290.0 415.0 71.0 Un aratxí á cal Mussega.

556.0 237.0 268.0 84.0 ¿Turbas manu?

518.0 341.0 514.0 55.0 Ab deu mes movent gran brega

526.0 381.0 372.0 66.0 Ferme pirá van volé...

483.0 422.0 670.0 78.0 (Per las enramadas del cap del avil Es

445.0 477.0 706.0 66.0 pensan aquets matons de pega que un hom

440.0 523.0 711.0 55.0 es de mel y sucre com aquells polkos de

442.0 561.0 706.0 63.0 butxaca neta y casaca ab curriolas, que

442.0 599.0 709.0 83.0 ab una ventallada corren mes terra que

442.0 639.0 122.0 58.0 Noé!...)

528.0 677.0 372.0 63.0 Fico baix á la butxaca:

559.0 723.0 237.0 55.0 Qui s' atraca?

518.0 750.0 458.0 81.0 Y ab la trifulca y la gresca,

561.0 801.0 162.0 58.0 ¡Ja se ve!

518.0 821.0 514.0 89.0 Men va endinyá á set la pesca,

516.0 879.0 377.0 76.0 Pels tiroys de cabanré.

518.0 948.0 458.0 81.0 Un dematí al obre-Panxas

556.0 1008.0 276.0 64.0 (¡Quinas anxas!)

516.0 1036.0 490.0 78.0 Diu un cuaja al meu derrera,

521.0 1094.0 453.0 53.0 Que so un pinxo de pastera

521.0 1130.0 453.0 68.0 Mes talós que un carbassó!

470.0 1173.0 686.0 65.0 (Válgam els set calses de amargura, y

437.0 1228.0 711.0 51.0 els primés sagraments que dirán demá á la

437.0 1266.0 714.0 79.0 missa!!! De pensarhi tan sols tinch las

1199.0 242.0 713.0 96.0 sanchs mes negras que 'l quitrá de la

1199.0 300.0 152.0 66.0 platxa!)

1285.0 328.0 486.0 79.0 Lí vento un bolet ab forma...

1325.0 381.0 253.0 61.0 ¡Quina morma!

1287.0 414.0 476.0 79.0 Y arrancant de la xarrasca...

1318.0 462.0 189.0 63.0 ¡Ay Senyó!

1285.0 490.0 460.0 71.0 Dexantlo ab la última basca

1282.0 546.0 352.0 70.0 yo vaig tocá pirandó.

1285.0 599.0 536.0 86.0 Veig un chinel que 'm fá 'l tato!

1320.0 662.0 200.0 63.0 ¡Pira, bato!

1287.0 697.0 461.0 64.0 Y ab aquins clissos diquela!

1282.0 738.0 511.0 68.0 No armem bronca! Manu-jela!

1280.0 778.0 415.0 61.0 No 'l resultés algun mal.

1239.0 809.0 668.0 75.0 (Vaya una fatxa estupenda! Set mesos ha

1201.0 859.0 706.0 66.0 que no ha jalat misto! Axís la viga de la

1199.0 905.0 708.0 63.0 esquena li pogués serví per cadireta del

1201.0 943.0 706.0 63.0 aragonés!... Pensá que haig de xepescá

1196.0 988.0 711.0 78.0 per ell y no 'n tindria per una ronda de

1196.0 1029.0 149.0 78.0 peñí...!)

1282.0 1059.0 509.0 71.0 Vaig á la cangrí si 'm cassa...

1323.0 1112.0 311.0 56.0 ¡Y axó es massa!...

1282.0 1137.0 491.0 76.0 T' embestexo si m' apuras...!

1320.0 1183.0 241.0 63.0 Mes... no val!

1277.0 1226.0 572.0 65.0 Sonsi á la muy!... Sols pels guras

1277.0 1269.0 425.0 71.0 Guilla el terue d' arrabal.

442.0 1433.0 1465.0 182.0 UNA PER LO POBLE BAIX

478.0 1638.0 321.0 96.0 Un refrán assegura

430.0 1706.0 369.0 68.0 que aquell que canta,

430.0 1754.0 397.0 61.0 si es espanyol, es prova

432.0 1800.0 291.0 55.0 que no te blanca:

430.0 1835.0 286.0 58.0 y ab cansons ara

437.0 1860.0 468.0 84.0 veig que tots se aficionan?. . .

556.0 1916.0 273.0 63.0 ¡senyal de gana!

470.0 1946.0 455.0 81.0 Com las cansons son pocas,

432.0 1987.0 251.0 73.0 jo m' imagino,

430.0 2022.0 498.0 73.0 que ab gust rebreu las moltas

432.0 2075.0 327.0 61.0 que aquí us dedico;

430.0 2121.0 280.0 58.0 perque ja tracto,

432.0 2141.0 448.0 83.0 sent pels pobres, de darlas

554.0 2199.0 248.0 84.0 bastant barato.

1345.0 1656.0 471.0 106.0 No espereu que aqui insulti,

1302.0 1719.0 291.0 60.0 com ara es moda,

1302.0 1754.0 332.0 63.0 per parcials agravis

1305.0 1797.0 288.0 63.0 may cap persona;

1308.0 1840.0 245.0 61.0 pero á vegadas

1300.0 1870.0 392.0 76.0 donaré á certas classes

1305.0 1919.0 273.0 60.0 bonas sumantas.

1340.0 1954.0 453.0 81.0 Con que, minyons y noyas,

1302.0 1999.0 319.0 59.0 ficant ma en bossa,

1300.0 2037.0 349.0 61.0 del paperet en cambi

1295.0 2075.0 288.0 63.0 deixeu la mosca:

1300.0 2116.0 288.0 68.0 no sigueu lendis,

1300.0 2159.0 433.0 58.0 que no 's perdrá cap casa

1300.0 2192.0 450.0 93.0 pas per CINCH CENTIMS.

498.0 2361.0 1341.0 139.0 Barcelona.—Impresos de Cristina Segura, Vda. de A. Llorens, Palma Sta. Catalina, 6.
