1753 2480
859 219 144 71 — 4 —

264 265 608 73 Formando el ocho, dirás,

260 322 506 59 que ochenta mil veces sea

260 365 573 70 por todo el mundo aplaudida

261 414 525 65 de Dios la ley verdadera.

261 462 535 69 Formarás el nueve, y luego

264 510 399 70 levantarás la cabeza

264 560 418 62 al cielo, donde verás

260 607 517 70 el sol, la luna y estrellas,

266 661 490 66 considerando en el nueve

264 702 602 70 los nueve coros que encierran

260 753 610 75 para que á Dios siempre alaben

264 808 405 62 divinas inteligencias.

266 849 531 72 Formarás el diez, pensando

268 907 498 64 que la ley de Dios ordena

263 954 612 68 que guarde diez Mandamientos,

262 1004 482 58 so pena de grande pena,

271 1054 548 56 de no quebrantar ninguno:

263 1098 606 67 tendrás siempre grande cuenta,

265 1150 586 66 ya que así Dios te lo manda

264 1202 531 56 razon es que le obedezcas;

272 1246 542 64 y mira que el diez se forma

264 1295 611 64 con dos números, que enseñan

263 1341 551 68 lo que va de Dios al mundo

263 1392 554 72 si entrambos los consideras.

263 1445 541 65 Con un uno y con un cero

261 1493 622 68 forma el diez, y al punto piensa

271 1541 542 66 que el uno es un solo Dios,

263 1591 561 66 y el cero al mundo semeja:

260 1642 394 60 si pones el cero solo

262 1680 494 70 y el uno por poner dejas,

262 1742 484 53 dirás: cero y no va nada,

261 1785 585 59 con que sin nada te quedas;

264 1826 411 71 y así podrás reparar

256 1883 630 66 que si del mundo haces cuenta,

257 1930 477 73 dirás cero y no va nada,

263 1981 596 67 y por el mundo á Dios dejas:

248 2025 607 78 deja el mundo y busca á Dios

260 2079 596 74 que en Dios están las riquezas,

945 276 652 65 porque el mundo es como el cero

949 326 573 54 que solo habla con la cuenta.

956 372 548 67 ¿Cuántos en aqueste mundo

950 422 506 68 habrás visto con riquezas,

949 475 522 62 y despues los verás pobres

949 516 575 73 pidiendo de puerta en puerta?

950 569 451 60 y si esto lo miras bien,

952 618 449 59 hallarás por cosa cierta

949 668 551 60 que las cosas de este mundo

950 720 440 54 son todas perecederas.

955 757 494 66 Verás un hombre llevado

949 812 438 60 de vanidad y soberbia

949 868 555 60 que no cabe en este mundo

949 912 497 68 por su valor y su fuerza;

950 963 571 59 mas en llegando á la muerte,

953 1009 420 61 el que tan temido era

950 1054 596 70 no cabiendo en todo el mundo,

949 1106 543 67 cupo en siete pies de tierra.

953 1154 546 61 Pues dí: cero y no va nada,

949 1204 589 63 que cuando menos lo piensas,

953 1253 500 57 vuelves á la misma nada

949 1302 511 66 por ser de la nada misma;

949 1352 546 67 por lo cual procura siempre

949 1401 553 64 en cuantas cosas emprendas,

953 1452 509 59 de poner á Dios primero,

952 1501 522 57 porque el uno valor tenga.

945 1554 548 56 Porque la cuenta no yerres,

952 1596 447 64 válete de aquella Reina

948 1647 534 54 que en todas las aflicciones

946 1696 481 64 por los pecadores ruega:

950 1747 468 56 rézala siempre el rosario

946 1793 461 57 con fervor y reverencia,

942 1836 514 63 saldrás con la cuenta bien

944 1888 457 65 como ella te favorezca.

945 1941 456 66 Aquí el poeta rendido

941 1990 482 60 á aquesta parte primera

937 2034 569 67 dá fin, porque en la segunda

940 2085 498 72 decir lo que falta intenta.

559 2178 715 78 FIN DE LA PRIMERA PARTE.
