1860 2629
261.0 315.0 601.0 88.0 à mes de aixó ja es de moda;

267.0 372.0 487.0 68.0 cada hu fe l' que li plau

265.0 429.0 447.0 61.0 los diumenges à sarau

269.0 477.0 439.0 66.0 vaig á santa Catarina;

269.0 527.0 487.0 71.0 la mestressa se amohina

269.0 580.0 494.0 77.0 y sempre està predicant,

269.0 641.0 520.0 55.0 mes ella de mi n' treu tan

267.0 685.0 489.0 59.0 com lo negre del sermó,

269.0 729.0 553.0 66.0 los peus frets y al cap caló;

271.0 786.0 498.0 66.0 jo servesch per estar be,

269.0 839.0 487.0 59.0 molestarme no m' convo

269.0 880.0 496.0 68.0 ni incomodarme tampoo

276.0 944.0 634.0 68.0 y aquest es sempre el meu joch

223.0 985.0 551.0 75.0 F. Lo altre dia hi vaig aná

276.0 1040.0 586.0 59.0 y ¡ sabs á qui hi vaig trobá ?

271.0 1082.0 437.0 79.0 la noya den Filoseta,

280.0 1152.0 465.0 61.0 y allí s' feya la coqueta

271.0 1202.0 555.0 59.0 tent broma ab cuatra xivals

274.0 1246.0 614.0 68.0 que entre tots no ſan tres rals:

274.0 1301.0 432.0 61.0 ella feya el desdeñós

263.0 1347.0 502.0 68.0 jugant ab un ram de flos

276.0 1404.0 425.0 61.0 que algu li habia dát,

265.0 1452.0 419.0 61.0 mig fent lo disimulát,

274.0 1500.0 544.0 73.0 mnes pegaba unas guipadas,

269.0 1551.0 507.0 70.0 y com portaba arracadas

274.0 1599.0 364.0 70.0 se las feya bellugá

280.0 1656.0 459.0 70.0 volent dir, podeu mirá

278.0 1706.0 529.0 68.0 que pocas n' hi ha con jo:

225.0 1746.0 555.0 72.0 M. ¿No tractaba an Miqueló,

274.0 1803.0 524.0 63.0 fill den Pampa del Ilostal ?

225.0 1849.0 617.0 72.0 F. Lo ha tractát un any cabal,

278.0 1903.0 377.0 75.0 pero ara la dexada

278.0 1949.0 419.0 77.0 y festeja una casada:

282.0 2013.0 531.0 66.0 jo no ho sé; si vols mentir

276.0 2065.0 471.0 68.0 digas lo que sentis dir;

274.0 2109.0 528.0 70.0 com no m' hi va ni m' vé

276.0 2162.0 467.0 70.0 poch treball me donaré

278.0 2210.0 397.0 77.0 per saber la veritat;

278.0 2269.0 417.0 62.0 si fos lo meu estimat

276.0 2317.0 458.0 60.0 ab los pasos que daria

282.0 2363.0 411.0 84.0 luego ho averigüaria.

958.0 324.0 612.0 81.0 M. ¿Y el teu xicot no tractaba

995.0 374.0 483.0 66.0 la noya den nas de ſaba

1000.0 427.0 454.0 65.0 antes de tractarte á tú

949.0 466.0 564.0 90.0 F. Be ho deyan ; pero ningó

1000.0 525.0 502.0 75.0 lo habia vist aná ab ella;

1002.0 580.0 439.0 72.0 si encara te pegadella

1002.0 624.0 559.0 83.0 y li penja el moch del nas;

1002.0 681.0 423.0 74.0 ¿qui será lo bordegás

991.0 720.0 500.0 94.0 que ab ella se empleará?

1055.0 786.0 500.0 74.0 Un cop li vaig preguntá,

1011.0 841.0 537.0 74.0 y m' va respondre enfadát

1013.0 898.0 632.0 68.0 que m' tens per tan desditxat

1006.0 937.0 540.0 66.0 que ab ella jo me empleés ?

1011.0 992.0 484.0 61.0 encara que no hi hagués

1004.0 1040.0 476.0 64.0 altre mosa en Barcelona

1006.0 1088.0 467.0 70.0 no voldria tal miñona;

1004.0 1141.0 430.0 70.0 no perque sia dolenta

1011.0 1200.0 568.0 61.0 pero es cosa que m' reventa

1006.0 1244.0 465.0 63.0 sentirla parlá ab lo nas

1011.0 1292.0 592.0 81.0 ple de mochs, com un cabás

1006.0 1345.0 577.0 68.0 cuan es ple de escombrarias,

1008.0 1406.0 569.0 64.0 no m' vingas ab porquerias

1008.0 1452.0 501.0 64.0 Francisca, te estimo á tú

1008.0 1500.0 481.0 73.0 y no m' parlis de ningú.

1059.0 1551.0 421.0 61.0 Maria ja es masa tart

1008.0 1605.0 529.0 70.0 y com lo amo no está fart

1017.0 1651.0 496.0 68.0 que encara te de esmorsá

1008.0 1700.0 391.0 68.0 me trobaria á faltá.

1048.0 1750.0 526.0 66.0 Si vols vení, en ben dinát

1006.0 1807.0 448.0 59.0 fes seña des del tarrát

1011.0 1851.0 574.0 72.0 que abuy vaig à la esplanada

1017.0 1903.0 476.0 73.0 que demá tenim bugada.

969.0 1954.0 601.0 68.0 M. Si, que diré á la mestressa

1015.0 2017.0 583.0 62.0 que tinch de rentá una pessa,

1015.0 2061.0 535.0 70.0 que m' dexi anar al safreig

1011.0 2109.0 537.0 77.0 y ens ne ananirém á paseig.

993.0 2160.0 421.0 72.0 Maria, quedem axí

1006.0 2212.0 470.0 66.0 no t' descuidis de vení;

1011.0 2258.0 493.0 75.0 á Dios de aquí á la tarda

1015.0 2315.0 540.0 81.0 que la Francisca te aguarda.

500.0 2460.0 881.0 87.0 Barcelona: imprenta de Ignasi Estivill. 1857

888.0 2444.0 68.0 36.0 FL.
