1753 2480
818 20 205 79 — 3 —

225.0 132.0 428.0 74.0 no me hagas penar más.

270.0 200.0 488.0 76.0 Mátame ó dame consuelo,

227.0 260.0 463.0 52.0 á tus pies estoy rendido,

227.0 297.0 465.0 62.0 sino dime que pretendes

229.0 351.0 477.0 58.0 primero pegarme un tiro,

227.0 394.0 455.0 64.0 salero, que aquí me tienes.

270.0 448.0 488.0 85.0 ¡Oh, cuando será aquel día!

227.0 506.0 405.0 68.0 que juntaremos la ropa

227.0 553.0 380.0 67.0 toda la tuya y la mía

227.0 595.0 440.0 76.0 en un arca muy preciosa.

270.0 657.0 422.0 76.0 Ojalá Dios lo permita

227.0 721.0 488.0 72.0 y aquella Virgen preciosa,

229.0 770.0 488.0 56.0 que el padre cura me diga

227.0 820.0 436.0 48.0 si te quiero por esposa,

229.0 851.0 471.0 81.0 ¡oh, cuando será aquel día!

270.0 930.0 397.0 68.0 Día me parece ahora

227.0 983.0 477.0 62.0 de hacer este casamiento,

233.0 1025.0 540.0 74.0 pues ya no quiero más gloria

231.0 1064.0 449.0 62.0 que lograr lo que deseo

231.0 1124.0 416.0 54.0 que juntaremos la ropa.

272.0 1169.0 430.0 83.0 Estoy esperando el día

231.0 1240.0 432.0 55.0 y lo pretendo alcanzar,

229.0 1283.0 428.0 60.0 Dios me dé luz y guía,

229.0 1326.0 461.0 69.0 digo que se ha de juntar

227.0 1374.0 405.0 74.0 toda la tuya y la mía.

272.0 1438.0 397.0 76.0 Eres mujer generosa,

233.0 1498.0 438.0 60.0 yo soy hombre regular,

231.0 1533.0 447.0 68.0 no quiero clavel ni rosa

229.0 1581.0 380.0 64.0 sino poderlo igualar

229.0 1622.0 461.0 80.0 en una arca muy preciosa.

277.0 1690.0 308.0 72.0 Amante fino seré,

231.0 1748.0 407.0 66.0 seré tu amor verdadero,

233.0 1791.0 329.0 71.0 primero me moriré

231.0 1822.0 447.0 97.0 que olvidarte, ángel bello.

277.0 1907.0 345.0 62.0 Niña no te dejaré,

229.0 1953.0 384.0 70.0 si tu palabra me dás

229.0 2002.0 395.0 66.0 á mi pecho advertiré

233.0 2050.0 490.0 64.0 que jamás se vuelva atrás,

231.0 2097.0 304.0 56.0 amante fino seré.

233.0 2145.0 432.0 103.0 Olvidarte nunca puedo

973.0 124.0 478.0 64.0 aunque me vaya á Roma,

973.0 175.0 445.0 58.0 sabes que yo te venero,

973.0 212.0 414.0 62.0 ojos de dulce paloma,

973.0 264.0 409.0 74.0 seré tu amor verdadero.

1017.0 328.0 502.0 81.0 A las lejanas tierras me iré

977.0 392.0 463.0 52.0 si tú quieres venir, niña,

975.0 431.0 412.0 62.0 padre y madre dejaré,

975.0 481.0 472.0 58.0 pero no á tí, prenda mía,

975.0 527.0 339.0 80.0 primero me moriré.

1021.0 593.0 488.0 74.0 Tú eres el sol que venero,

975.0 646.0 469.0 73.0 prenda del alma querida,

975.0 700.0 513.0 58.0 aunque me corten el cuello

973.0 741.0 480.0 62.0 más quiero perder la vida

975.0 781.0 432.0 78.0 que olvidarte ángel bello.

1021.0 865.0 440.0 56.0 Tu boca es flor nacarada,

973.0 909.0 430.0 60.0 tus ojos son dos estrellas,

975.0 952.0 434.0 68.0 y tus mejillas más bellas

975.0 1000.0 467.0 72.0 que la aurora cuando nace.

1023.0 1066.0 434.0 64.0 ¡Cuán bella y agraciada

975.0 1122.0 343.0 53.0 la sonrisa celestial

975.0 1149.0 583.0 74.0 que en tus labios siempre vaga!

977.0 1213.0 548.0 62.0 pues si en cada uno un coral,

975.0 1250.0 426.0 72.0 tu boca es flor nacarada.

1019.0 1320.0 465.0 68.0 Entre todas las hermosas

975.0 1376.0 467.0 64.0 eres tú la que descuellas,

975.0 1423.0 488.0 60.0 no desoigas mis querellas,

975.0 1471.0 455.0 58.0 si tus mejillas son rosas,

977.0 1516.0 430.0 73.0 tus ojos son dos estrellas.

1023.0 1572.0 519.0 81.0 ¡Oh! sí, eres, niña hermosa;

977.0 1628.0 496.0 64.0 sin par entre las doncellas,

975.0 1678.0 424.0 58.0 eres la más candorosa,

975.0 1727.0 420.0 52.0 es tu frente primorosa

977.0 1760.0 436.0 75.0 y tus mejillas más bellas.

1025.0 1841.0 486.0 74.0 Tus cabellos son fino oro,

977.0 1901.0 352.0 54.0 tu belleza satisface

977.0 1932.0 498.0 70.0 mis gustos, y así te adoro,

979.0 1990.0 445.0 66.0 pues vale más tu tesoro

977.0 2027.0 476.0 78.0 que la aurora cuando nace.

1019.0 2089.0 384.0 93.0 Jamás el olvido en mí

975.0 2159.0 407.0 83.0 tendra la menor cabida
