1923 2563
944.0 209.0 120.0 64.0 — 8 —

316.0 273.0 457.0 73.0 Obedecen el mandato ,

318.0 326.0 517.0 66.0 aunque ya de mala gana,

320.0 367.0 645.0 87.0 que hasta algunos de los turcos

320.0 416.0 449.0 62.0 sólo de oirla lloraban .

318.0 457.0 562.0 76.0 En fin, trajeron dos potros ,

335.0 510.0 487.0 68.0 y por las calles la sacan;

320.0 551.0 417.0 59.0 los  animales briosos

324.0 587.0 511.0 64.0 humildes se arrodillaban,

329.0 634.0 555.0 77.0 y entre tan grande tumulto

324.0 679.0 537.0 68.0 algunas piedras preparan ;

322.0 726.0 539.0 68.0 mas cuando á tirarle iban,

324.0 777.0 470.0 60.0 inmóviles se quedabañ;

333.0 813.0 472.0 69.0 y entre tanta confusión

329.0 858.0 472.0 71.0 volvieron á la cristiana

326.0 907.0 409.0 58.0 á casa del renegado

326.0 939.0 470.0 75.0 diciéndole lo que pasa.

324.0 993.0 485.0 68.0 El renegado se admira:

329.0 1033.0 521.0 71.0 un golpe al corazón daba,

335.0 1087.0 489.0 70.0 y conociendo sus yerros

329.0 1127.0 401.0 60.0 arrepentido lloraba,

333.0 1164.0 532.0 70.0 diciendo:—Divina Aurora,

331.0 1211.0 581.0 76.0 del Carmen Virgen Sagrada,

333.0 1264.0 517.0 58.0 si de aquí salgo con bien,

337.0 1309.0 504.0 62.0 yo te empeño mi palabra

333.0 1351.0 485.0 67.0 de hacer vida penitente

335.0 1401.0 494.0 53.0 en una áspera montaña.

339.0 1433.0 494.0 66.0 Y una noche, de secreto

337.0 1477.0 509.0 67.0 en una nave se embarcan

335.0 1518.0 538.0 96.0 los dos con algunos turcos

1006.0 279.0 562.0 58.0 que á voces pedían el agua

1008.0 320.0 605.0 66.0 del Bautismo, porque quieren

1010.0 367.0 517.0 62.0 morir en la ley de gracia,

1010.0 410.0 536.0 62.0 y veinte y ocho cristianos

1010.0 459.0 494.0 51.0 trajeron en su compaña.

1012.0 495.0 545.0 68.0 Les fué el tiempo tan feliz,

1014.0 551.0 556.0 59.0 que en breves días llegaron

1012.0 591.0 539.0 56.0 á  la gran ciudad de Roma

1012.0 627.0 552.0 69.0 á que los  absuelva el papa.

1010.0 677.0 504.0 57.0 Los turcos se bautizaron

1014.0 715.0 639.0 68.0 rindiéndole á Dios mil gracias.

1014.0 768.0 483.0 60.0 Don Juan Alonso se fué

1010.0 813.0 472.0 58.0 á cumplirle su palabra

1014.0 847.0 648.0 71.0 que dió á la Virgen del Carmen,

1017.0 899.0 527.0 64.0 nuestra Madre y abogada ,

1017.0 948.0 519.0 53.0 y después doña Francisca

1014.0 980.0 582.0 64.0 se fué á casa de su hermana,

1021.0 1038.0 581.0 66.0 y en ella halló los tres hijos

1021.0 1074.0 545.0 57.0 prendas queridas del alma.

1023.0 1125.0 502.0 60.0 Ya dieron fin los pesares

1025.0 1161.0 506.0 71.0 y las tristezas se acaban,

1027.0 1211.0 434.0 64.0 ya todos se regocijan

1025.0 1247.0 496.0 72.0 por maravillas tan altas.

1023.0 1296.0 500.0 62.0 A la Virgen del Carmelo

1021.0 1341.0 523.0 60.0 démosla infinitas gracias.

1025.0 1388.0 492.0 57.0 Y ahora el autor sumiso

1019.0 1431.0 446.0 59.0 á sus lectores reclama

1023.0 1475.0 615.0 62.0 que á sus mal trazados versos

1021.0 1516.0 481.0 102.0 les disimulen las faltas.

337.0 2231.0 1357.0 75.0 MADRID. Despacho : Libreria y Casa Editorial Hernando (S. A.), Arenal, 11.
