1753 2480
402 130 1126 141 La canción del soldado

775 231 417 112 SEGUNDA PARTE

249 275 389 58 Adios mi comandante

214 308 312 50 adios mi coronel,

214 347 389 51 adios mis compañeros

217 383 379 53 quedad en el cuartel,

214 420 346 42 ya licenciado estoy

216 449 417 52 y al pueblo en que naci

213 483 218 52 allá me voy,

212 515 355 55 a mi querida madre

212 562 390 44 muy pronto abrazaré,

214 596 403 57 y a mi estimada novia

213 632 306 45 mil besos le daré.

246 661 379 58 Por fin llegó la hora

208 699 370 50 de poder abandonar,

208 734 374 59 Melilla y el Larache

209 770 424 63 y los montes de Tetuán

208 807 376 54 madre de mi corazón

208 844 439 58 que contenta vas a estar

213 885 407 47 y yo ya estoy cumplido

206 918 403 47 de alegria vas a llorar

205 949 459 60 no derramaras mas llanto

188 987 459 64 que tu hijo te consolara

1163 296 391 56 Madre mia madre mia

1125 332 514 57 nunca de tu lado se separará

1127 369 384 48 un beso que al hogar

1125 400 494 68 envia la bandera al ondear.

1161 443 330 46 Al jurarla la besé

1125 468 447 62 y fué el beso una oracion

1123 512 405 48 madre mia madre mia

1123 542 528 65 el que te daria con el corazón

1123 581 446 56 El recuerdo de mi tierra

1123 621 490 65 en la paz como en la guerra

1120 657 211 49 conmigo vá

1117 684 425 60 alerta está, alerta está.

1150 724 414 61 Madre mia, patria mia,

1116 760 391 50 por tí con valor peleé

1117 794 447 56 en los campos de Melilla

1116 836 427 47 nunca el peligro reparé

1116 869 474 62 y gritando: ¡Viva Esgaña!

1113 903 351 61 la bandera tremolé,

1328 941 181 51 Hablando

1273 974 280 59 La voz del Jefe

1328 1018 150 45 y sigue.

235 1023 1406 293 QUE la MaR ES MUY TRAIDORA

917 1306 46 29 I

475 1306 788 82 Cuando en las noches claras de blanca luna

636 1357 294 46 canta mi amado.

491 1380 685 77 Hacía mi reja llegan sus dulces frases

632 1428 317 46 de ardiente amor.

497 1449 679 76 Ven adorada mía que aquí en la playa

633 1500 291 47 quiero a tu lado,

487 1519 820 87 Gozar del suave arrullo que el mar nos presta

629 1569 196 47 halagador.

491 1587 913 82 Y a su sentido canto que con la brisa llega hasta mi,

487 1635 881 76 A mi amoroso encanto desde mi reja contesto así:

698 1682 365 49 A la orilla de la mar

627 1705 432 64 No me vengas a esperar

625 1744 506 62 Que la mar es muy traidora.

695 1784 414 49 No es su arrullo de fiar

625 1813 484 58 Hoy tus plantas va a besar

624 1851 526 76 Luego te arrastra y te ahoga.

909 1907 43 64 II

485 1920 667 99 Ven al pie de mi reja que los arrullos

622 1993 280 46 de tus cantares.

478 2012 631 75 Son para el alma mía luz y alegría,

621 2063 210 46 del corazón

474 2085 624 78 Cántame tu cariño que es el alivio

618 2130 275 52 de mis pesares.

474 2147 745 86 Mientras leo en tus ojos el fuego ardiente

616 2204 257 45 de una pasión.

482 2214 908 91 Y en tanto que las olas allá en la arena van a morir,

478 2269 915 85 Yo aquí contigo a solas entre tus brazos quiero vivir

683 2310 369 70 A la orilla, etc., etc.
