1753 2480
95.0 66.0 541.0 62.0 de dar libertad á las mujeres

101.0 107.0 641.0 60.0 para ver si venía la regeneración,

95.0 148.0 527.0 54.0 Al darles un informe bonito

95.0 188.0 543.0 57.0 y rewolver permitirles llevar

90.0 221.0 550.0 68.0 las viejas que sean gruñonas

86.0 270.0 544.0 58.0 el bombo tendrán que tocar.

124.0 336.0 556.0 79.0 Para Presidenta de Ministros

84.0 394.0 625.0 60.0 una rubia habremos de nombrar

82.0 438.0 606.0 70.0 que empuñe bien la campanilla

84.0 479.0 424.0 60.0 cuando haya de tocar.

84.0 516.0 591.0 60.0 Todo el mundo estará contento

82.0 555.0 610.0 73.0 desde el rico hasta el trabajador

84.0 595.0 529.0 66.0 gobernando una muchacha

82.0 638.0 674.0 75.0 hermosa que nos haga algún favor.

80.0 673.0 527.0 110.0 En España todo será gloria

845.0 82.0 550.0 60.0 todos dicha y placer tendrán

843.0 113.0 684.0 68.0 que los hombres que hoy gobiernan

843.0 163.0 711.0 78.0 unos harán media, otros plancharán.

882.0 237.0 606.0 85.0 En la tropa de linea pondremos

841.0 297.0 473.0 50.0 mujeres de duro corazón

837.0 326.0 624.0 62.0 sobre todo muy bien informadas

837.0 372.0 653.0 68.0 que su tipo y talla sea de lo mejor.

837.0 413.0 620.0 70.0 Una banda cubriendo sus pechos

835.0 448.0 506.0 62.0 y de terciopelo el cinturón

833.0 489.0 527.0 66.0 sus vestidos de rosa franela

835.0 535.0 525.0 54.0 y zapatos de rosel y charol.

831.0 566.0 494.0 64.0 Por la espalda una correa

831.0 613.0 502.0 54.0 y una coraza por delantal

828.0 651.0 621.0 64.0 para que al entrar á la bayoneta

828.0 696.0 588.0 93.0 en cierta parte no pueda tocar.

82 927 1404 160 Desengaños del dia

119.0 1107.0 414.0 66.0 Ha venido una orden

78.0 1149.0 329.0 49.0 nueva de Madrid

76.0 1184.0 500.0 64.0 que castiguen los alcaldes

76.0 1227.0 647.0 66.0 á todos los pobres que vean pedir.

76.0 1264.0 517.0 66.0 Que conciencia más divina

72.0 1302.0 620.0 70.0 tienen los señores de esta capital

74.0 1351.0 630.0 64.0 y no saben que son ellos mismos,

74.0 1388.0 591.0 71.0 los que siempre pidiendo están

72.0 1426.0 430.0 59.0 unos piden consumos,

70.0 1469.0 372.0 58.0 otros contribución,

68.0 1504.0 421.0 58.0 empréstitos y quintas

70.0 1550.0 357.0 57.0 y venga el turron.

68.0 1591.0 370.0 54.0 y así que el artista,

70.0 1630.0 283.0 50.0 no puede vivir

68.0 1667.0 335.0 56.0 y nuca revientan

64.0 1707.0 289.0 55.0 de tanto pedir.

99.0 1777.0 676.0 103.0 Decía un abogado á la guardia civil

59.0 1835.0 550.0 70.0 por cada ladron que prendan

55.0 1882.0 550.0 62.0 doscientos reales tienen aquí

55.0 1924.0 527.0 62.0 al otro día bien demañana,

57.0 1959.0 472.0 66.0 vigilaba la guardia civil

57.0 2004.0 434.0 58.0 de su casa á la oficina,

59.0 2039.0 515.0 64.0 y al abogado vieron venir.

55.0 2085.0 585.0 107.0 y lo detuvieron diciéndole así:

828.0 1124.0 645.0 64.0 nuestros deberes debemos cumplir

828.0 1163.0 645.0 60.0 venga usted amarrado á la prisión

824.0 1202.0 707.0 97.0 y dé los dier duros que nos prometió.

866.0 1287.0 488.0 83.0 Desgraciado es el hembre

826.0 1345.0 337.0 64.0 que roba un real,

828.0 1384.0 391.0 64.0 porque lo persiguen

826.0 1421.0 447.0 64.0 y lo castiga el tribunal

824.0 1465.0 571.0 68.0 el que por casualidad pudiera

822.0 1504.0 519.0 60.0 alcanzar más de un millón

820.0 1541.0 614.0 66.0 no tenga ningún inconveniente

818.0 1583.0 527.0 64.0 y no deje perder la ocasión.

818.0 1630.0 420.0 62.0 si el tuno es disforme

816.0 1671.0 407.0 48.0 no tiene que temblar

816.0 1684.0 672.0 80.0 porque los aymados han de saludar

816.0 1748.0 670.0 72.0 y nadie en el mundo le dirá ladrón

812.0 1789.0 440.0 58.0 porque hoy es honrado

804.0 1829.0 444.0 90.0 el que roba un millón.

847.0 1917.0 701.0 89.0 Está la España llena de ferrocarril,

808.0 1971.0 723.0 93.0 y ladrones por caminos no pueden ir,

808.0 2019.0 475.0 78.0 ya no necesitan trabucos

806.0 2058.0 368.0 52.0 como antes usaban

802.0 2099.0 467.0 91.0 el ladrón lo que necesita
