2148 3034
447.0 371.0 48.0 63.0 4

404.0 374.0 430.0 119.0 Déjóla, y al retirarse;

402.0 467.0 480.0 61.0 el corazon quebrantado

404.0 510.0 570.0 76.0 le ofrece el amor disculpas,

402.0 568.0 534.0 61.0 que las admite el honrado.

407.0 604.0 637.0 73.0 Vuelta su esposa en su acuerdo,

402.0 662.0 460.0 68.0 su pena va duplicando

404.0 697.0 673.0 81.0 viendo que en su esposo obraban

407.0 755.0 465.0 69.0 los efectos del agravio.

404.0 804.0 544.0 70.0 No halla disculpa, ni halla

409.0 859.0 542.0 66.0 con qué aclarar del villano

409.0 897.0 471.0 71.0 la traicion, ni tampoco

409.0 943.0 532.0 80.0 por donde salir dei cargo;

412.0 1003.0 453.0 61.0 satísfacer con razones

414.0 1044.0 562.0 68.0 diciendo lo que ha pasado,

407.0 1087.0 599.0 73.0 no lo prueba, que es indicio.

412.0 1142.0 582.0 64.0 de que él, lo ha fomentado,

419.0 1188.0 494.0 76.0 y por disculpar su error

422.0 1243.0 481.0 61.0 quiere culpar al criado;

419.0 1279.0 587.0 83.0 y así, no hallando remedio,

417.0 1327.0 493.0 73.0 todo lo remite al llanto.

425.0 1377.0 554.0 76.0 Dijo su esposo: á esta fiera

425.0 1423.0 597.0 78.0 la habeis de sacar al campo,

430.0 1481.0 528.0 71.0 y de las mas altas peñas,

425.0 1527.0 435.0 65.0 cual precipitado rayo

425.0 1572.0 566.0 68.0 arrojadla, y luego al punto.

430.0 1623.0 521.0 70.0 abriendo el pecho tirano,

430.0 1676.0 427.0 66.0 sacaréisle el corazon ;

430.0 1719.0 523.0 78.0 con un dedo de la mano

427.0 1754.0 622.0 84.0 me lo traereis, porque quede

432.0 1817.0 542.0 66.0 satisfecho de este agravio.

440.0 1868.0 554.0 71.0 Vos, mayordomo, no ireis

430.0 1911.0 521.0 71.0 á ejecutar lo que mando,

432.0 1949.0 719.0 91.0 porque aunque os preciais de fino.

437.0 2012.0 486.0 63.0 estais muy apasionado;

442.0 2060.0 476.0 71.0 (parece que el corazon,

440.0 2093.0 518.0 86.0 la traicion está dictando.)

440.0 2151.0 491.0 76.0 Dos criados la cogieron,

442.0 2202.0 483.0 76.0 y retirándola al campo,

442.0 2245.0 552.0 76.0 entre peñas y entre riscos

447.0 2295.0 613.0 71.0 con gran dolor la han entrado.

452.0 2343.0 615.0 71.0 Van los dos muy convencidos

442.0 2386.0 564.0 314.0 de que es testimonio falso,

1120.0 343.0 463.0 139.0 y la inocencia del ama

1123.0 465.0 501.0 73.0 procuran dejar en salvo.

1120.0 510.0 504.0 71.0 Dijo el uno: yo, señora,

1125.0 561.0 630.0 73.0 y el que me está acompañando,

1128.0 616.0 420.0 61.0 somos leales y finos,

1125.0 647.0 577.0 73.0 no homicidas ni inhumanos;

1125.0 705.0 479.0 63.0 quedaos aquí, y el Cielo

1128.0 755.0 529.0 66.0 que todo lo está mirando,

1138.0 801.0 531.0 68.0 volverá por vuestra causa,

1135.0 844.0 474.0 63.0 y se despiden llorando.

1141.0 889.0 445.0 74.0 Dijo la señora : hijos,

1135.0 943.0 420.0 68.0 ejecutad el mandato

1135.0 988.0 625.0 71.0 de mi esposo, que no es justo

1138.0 1026.0 650.0 94.0 que os suceda algun quebranto.

1138.0 1087.0 496.0 63.0 Se fueron á un hospital,

1135.0 1127.0 582.0 81.0 donde una difunta hallando,

1148.0 1188.0 380.0 63.0 le sacan el corazon

1146.0 1228.0 526.0 74.0 para cumplir con su amo;

1151.0 1281.0 549.0 69.0 llevando tambien un dedo,

1146.0 1324.0 470.0 66.0 salieron de su cuidado.

1146.0 1375.0 468.0 61.0 Quedó la triste señora

1146.0 1415.0 526.0 74.0 sola afligida en el campo,

1151.0 1471.0 513.0 71.0 preñada de nueve meses,

1153.0 1519.0 471.0 61.0 y con dolores de parto.

1156.0 1562.0 503.0 68.0 Entre confusas angustias

1156.0 1613.0 463.0 73.0 y rigor tan inhumano,

1158.0 1656.0 537.0 78.0 parió dos infantes tiernos,

1156.0 1696.0 597.0 86.0 que al sol quitaban los rayos.

1158.0 1757.0 461.0 65.0 Pasó por alli una osa,

1161.0 1805.0 486.0 71.0 y un niño se ha llevado

1158.0 1855.0 491.0 58.0 á su cueva; pero el otro

1163.0 1888.0 582.0 76.0 lo tomó su madre en brazos.

1168.0 1946.0 519.0 66.0 Toda mortal y sin fuerzas

1168.0 1997.0 534.0 61.0 iba buscando en el campo

1168.0 2040.0 494.0 76.0 donde cristianar al niño,

1171.0 2080.0 551.0 74.0 no muera sin ser cristiano.

1178.0 2138.0 466.0 64.0 Vido bajar á un pastor

1176.0 2184.0 557.0 66.0 desde una altura á lo llano,

1173.0 2222.0 605.0 81.0 que al refresco de una fuente

1178.0 2280.0 514.0 66.0 viene el tal encaminado,

1178.0 2315.0 630.0 94.0 que el Cielo en tales conflictos

1173.0 2374.0 506.0 300.0 á nadie ha desamparado.
