1753 2480
128.0 95.0 440.0 70.0 aunque mil vidas tuviera

128.0 148.0 417.0 58.0 que rendir en sacrificio,

128.0 186.0 490.0 62.0 la ley de Dios resplandezca,

124.0 229.0 498.0 62.0 que Mahoma es un maldito:

130.0 274.0 413.0 52.0 síguele, que irá tu alma

128.0 316.0 432.0 47.0 á los profundos abismos.

126.0 347.0 452.0 60.0 Con esto Zaida indignada

126.0 388.0 448.0 58.0 salió afuera dando gritos:

124.0 427.0 448.0 58.0 ah de mis soldados, hola:

126.0 460.0 508.0 71.0 ah de mi guardia y ministres

126.0 508.0 461.0 64.0 venid, prended al instante

124.0 549.0 438.0 62.0 á este cristiano atrevido,

126.0 591.0 454.0 64.0 que quiso soberbio y loco

124.0 632.0 407.0 56.0 violentar el honor mio:

124.0 665.0 487.0 70.0 tome mi hermano venganza

121.0 715.0 472.0 57.0 de aqueste infame cautivo,

119.0 752.0 523.0 70.0 que no es razón que se quede

121.0 793.0 424.0 64.0 esta maldad sin castigo.

121.0 841.0 402.0 49.0 A las voces acudieron,

121.0 876.0 439.0 64.0 y prenden á don Jacinto,

119.0 915.0 453.0 64.0 y sin hacer mas probanza

121.0 958.0 416.0 60.0 que lo que la turca dijo

119.0 992.0 416.0 62.0 lo sentencian á quemar

119.0 1039.0 478.0 62.0 por blasfemo y por lascivo.

119.0 1072.0 383.0 64.0 Dejemos en la prisión

119.0 1118.0 410.0 57.0 entre cadenas y grillos

117.0 1161.0 449.0 62.0 á don Jacinto y pasemos,

115.0 1198.0 455.0 66.0 á la dama que es preciso,

115.0 1235.0 519.0 69.0 porque en este mismo tiempo

115.0 1283.0 467.0 66.0 etaba el moro encendido,

117.0 1326.0 389.0 48.0 en amores de Leonor,

115.0 1359.0 453.0 62.0 y que estaba tan perdido,

115.0 1401.0 457.0 64.0 trazando por mil maneras

113.0 1440.0 412.0 58.0 el rendirle á su apetito.

115.0 1475.0 463.0 68.0 Persuadióla muchas veces,

115.0 1519.0 478.0 59.0 mostrándosele amante fino:

113.0 1562.0 395.0 60.0 pero la discreta dama

115.0 1605.0 461.0 58.0 nunca dié á su amor oído.

115.0 1638.0 424.0 67.0 Un día la cogió á solas,

113.0 1684.0 453.0 66.0 que la desgracia lo quiso;

115.0 1727.0 443.0 62.0 encerróla en su retrete,

113.0 1769.0 420.0 62.0 y estas palabras le dijo:

115.0 1810.0 379.0 60.0 Hermosísima Leonor,

111.0 1849.0 418.0 64.0 rémora de mis sentidos,

111.0 1891.0 412.0 66.0 asi desprecias á un rey,

111.0 1932.0 372.0 54.0 señor de tal poderio?

111.0 1963.0 457.0 68.0 Reniega de Dios, reniega,

111.0 2006.0 494.0 66.0 que haciendo lo que te digo

109.0 2054.0 447.0 58.0 tendrás reinos y vasallos,

109.0 2093.0 445.0 56.0 joyas, diamantes, zafiros,

111.0 2132.0 531.0 71.0 pues siendo tu amante un rey.

109.0 2174.0 432.0 62.0 todo estará á tu servicio,

109.0 2219.0 451.0 87.0 y pues te tengo en paraje,

934.0 107.0 415.0 66.0 que por imposible miro

930.0 163.0 403.0 56.0 de mí te puedas librar,

930.0 192.0 450.0 66.0 he de hacer el gusto mío,

930.0 239.0 498.0 58.0 sin que las fuerzas te valgan

930.0 281.0 481.0 60.0 ni te aprovechen los gritos,

930.0 320.0 498.0 66.0 esto ha de ser de por fuerza,

930.0 361.0 436.0 60.0 si no quieres por cariño;

930.0 396.0 403.0 64.0 y advierte que soy rey,

928.0 442.0 432.0 58.0 en mis gustos tan altivo,

928.0 479.0 574.0 64.0 que á no hacer lo que te mando,

928.0 524.0 380.0 56.0 seré tu fiero enemigo.

930.0 562.0 490.0 62.0 Qué me respondes, Leonor?

930.0 607.0 407.0 58.0 Y ella suspirando dijo:

928.0 648.0 442.0 60.0 Eso es cansaros en vano,

928.0 692.0 378.0 54.0 y lo tengo á desvarío

926.0 733.0 428.0 54.0 el pedirme que reniegue

926.0 768.0 523.0 58.0 del Señor que el mundo hizo:

926.0 812.0 504.0 58.0 en cuanto á querer gozarme,

926.0 853.0 465.0 54.0 esto señor, bien lo afirmo,

926.0 892.0 506.0 52.0 que ha de ser bien imposible

926.0 930.0 388.0 55.0 el recabarlo conmigo.

924.0 973.0 442.0 58.0 Confieso de que eres rey,

928.0 1018.0 419.0 48.0 y como rey y señor mío

924.0 1049.0 427.0 56.0 la vida podrás quitarme,

924.0 1089.0 504.0 60.0 pero no el honor que estimo.

930.0 1134.0 471.0 58.0 Viendo el moro de Leonor

921.0 1167.0 399.0 60.0 su dureza con esquivo,

921.0 1211.0 445.0 64.0 fué á asirla para forzarla;

924.0 1248.0 425.0 68.0 y ella viendo su peligro,

924.0 1297.0 432.0 56.0 sacó al moro de la cinta

921.0 1337.0 406.0 51.0 el alfanje damasquino;

921.0 1376.0 490.0 58.0 prosigue el moro su intento,

924.0 1417.0 465.0 52.0 y ella resuelta le ha dicho:

921.0 1457.0 387.0 51.0 así defiendo mi honor

921.0 1490.0 449.0 57.0 aun de los reyes lascivos;

919.0 1535.0 360.0 56.0 y con un fiero revés

919.0 1570.0 490.0 56.0 le dejó un brazo en un hilo.

921.0 1612.0 461.0 62.0 Viéndola el moro resuelta,

921.0 1665.0 430.0 58.0 y viéndose mal herido,

921.0 1711.0 459.0 45.0 comenzó á llamar á voces

917.0 1742.0 480.0 58.0 á su guardia, y luego vino:

919.0 1787.0 449.0 50.0 A esta homicida cristiana

917.0 1822.0 457.0 60.0 prendedla, soldados míos;

921.0 1870.0 451.0 49.0 y haced que rinda la vida

915.0 1909.0 412.0 50.0 entre crueles martirios;

917.0 1944.0 523.0 58.0 pues su intento es el matarme

915.0 1990.0 453.0 51.0 con el misro alfanje mío,

915.0 2027.0 459.0 52.0 como en la mano lo tiene,

917.0 2060.0 432.0 60.0 le comprueba del delito.

917.0 2097.0 484.0 60.0 Ven al rey que está mortal,

917.0 2147.0 414.0 51.0 y con su sangre teñido:

917.0 2184.0 465.0 58.0 prendiéronla, y la llevaron

915.0 2223.0 439.0 122.0 adonde está don Jacinto.
