1057 1434
168 35 794 41 no tardaron el calor y la fatiga en rendir al pobre animal que se dejó

169 69 795 40 caer con su preciosa carga. Era ya imposible escapar. Bien hubiera

169 101 789 47 podido hacerlo el mesageta abandonando á la hermosa á su suerte,

167 139 794 42 pero léjos de esto se acercó á la muger, con quien se abrazó estrecha

169 169 786 48 y amorosamente despidiéndose de ella con lágrimas y besos, y ense¬

165 203 793 46 guida haciéndose dos pasos atrás, blandió el alfange y cortóle de una

162 241 793 42 cuchillada la cabeza. Tambien entonces hubiera aun podido escapar,

165 272 791 48 pero no satisfacia ya su fuga á su pasion de amante : era preciso

163 310 793 38 disputar el cadáver como habia tratado de salvar el cuerpo. Al pié

162 347 793 38 del cadáver esperó á los tres agresores, y con el alfange teñido en la

162 372 788 47 sangre de la hermosa quitó el brazo y la vida á Guillen Bellver e.

163 409 786 42 primero que se acercó, revolviendo en seguida sobre Miró y Venta¬

163 442 786 45 yola con quienes luchó desesperadamente dando y recibiendo cuchi¬

161 476 789 46 lladas sobre el cadáver de su amada, hasta que cayó sobre el mismo,

161 512 489 43 desangrado y exalando el último aliento.»

188 542 757 45 Posteriormente los catalanes continuaron su brillante espedicion:

161 575 783 46 y contra Turcos y Griegos lucharon, y á Griegos y Turcos vencie¬

157 615 791 39 ron; que para aquellos aguerridos campeones, nada eran los alfanges

157 652 793 38 de los unos, ni las lanzas de los otros. Cargados de botin, ceñidas

157 682 792 40 sus frentes de inmarcesibles lauros, centelleando sus ojos, respirando

155 714 794 46 gloria su corazon, así terminaron aquella campaña que costó la vida

156 749 792 43 á muchos millares de Turcos, Griegos y Genoveses y que remató con

157 781 791 47 la conquista del ducado de Atenas en la torrede cuya ciudadela ondeó

156 818 541 41 el pendon catalan por espacio de muchos años.

182 854 764 39 Gloria y prez á aquellos valientes que tanto enaltecieron las armas

155 885 790 45 catalanas y aragonesas en tierras tan lejanas y luchando contra toda

156 916 214 41 clase de enemigos.

498 2 166 42 –12–

532 1044 63 57 VI.

180 1151 761 48 Algun tanto relacionado con este asunto se ha representado en

154 1186 788 52 Madrid un drama cuyo argumento se dice histórico y que es como

159 1216 61 50 sigue.
