1753 2480
76.0 157.0 558.0 66.0 y entre las varias personas

72.0 206.0 490.0 60.0 que utilizarla quisieron

70.0 250.0 533.0 64.0 se hallaban dos señoritas,

74.0 301.0 589.0 68.0 guapas ambas y de ingenio,

70.0 353.0 533.0 62.0 que despues de proyectar

70.0 400.0 504.0 56.0 el mas venturoso medio

70.0 440.0 436.0 66.0 de cautivar al galan

74.0 498.0 449.0 60.0 y cumplido caballero,

68.0 535.0 572.0 82.0 haciéndole que en sus aras

66.0 593.0 444.0 68.0 deposite desde luego

70.0 644.0 479.0 56.0 los millones que tenia,

70.0 686.0 525.0 72.0 graciosa red le tendieron

72.0 731.0 492.0 72.0 y el resultado que tuvo

68.0 785.0 566.0 80.0 muy en breve lo sabremos.

370.0 888.0 49.0 64.0 II.

115.0 963.0 486.0 70.0 En una tarde de Junio

66.0 1023.0 492.0 68.0 solo el caballero estaba

70.0 1068.0 469.0 74.0 paseando en el Retiro,

66.0 1118.0 558.0 74.0 cuando una hermosa dama

70.0 1167.0 521.0 77.0 que en opuesta direccion

70.0 1217.0 517.0 70.0 tambien por allí pasaba,

68.0 1271.0 492.0 70.0 seguida de un lacayito

68.0 1324.0 545.0 58.0 de presencia muy bizarra,

68.0 1361.0 459.0 67.0 al hallar al habanero

68.0 1409.0 521.0 70.0 le miró con tanta gracia,

70.0 1459.0 488.0 66.0 que le dejó trastornado

68.0 1504.0 506.0 72.0 sin saber qué le pasaba.

70.0 1564.0 523.0 58.0 Recóbrase al fin un poco

72.0 1603.0 541.0 68.0 y tras de la bella marcha,

68.0 1653.0 413.0 66.0 decidido á no dejar

70.0 1702.0 461.0 65.0 el camino que llevara

68.0 1756.0 576.0 60.0 aun cuando por ir tras ella

68.0 1800.0 601.0 62.0 ni en tres meses descansara,

72.0 1851.0 459.0 66.0 pues duda no le cabia

70.0 1899.0 599.0 64.0 que aquella hechicera dama

70.0 1946.0 461.0 64.0 seria la que su mente

72.0 1998.0 575.0 60.0 buscó con tanta constancia,

72.0 2046.0 471.0 64.0 amable, rica y bonita,

74.0 2095.0 486.0 60.0 y de cuna encopetada.

74.0 2141.0 554.0 86.0 Mil proyectos en su mente

748.0 148.0 498.0 62.0 sobre qué decir forjaba,

748.0 194.0 535.0 66.0 cuando vió que la señora,

746.0 254.0 552.0 53.0 que así arrebata su calma,

746.0 295.0 521.0 58.0 se reclina en un asiento,

748.0 338.0 513.0 73.0 despues un pañuelo saca

754.0 388.0 457.0 77.0 y le pasa por su frente

750.0 436.0 502.0 68.0 una y otra vez y varias;

748.0 489.0 502.0 71.0 llama luego al lacayito,

748.0 531.0 552.0 70.0 que á respetable distancia

748.0 589.0 455.0 62.0 sin atreverse á llegar

750.0 634.0 500.0 62.0 mira afanoso á su ama,

756.0 667.0 562.0 89.0 y por señas, pues sin duda

752.0 729.0 459.0 68.0 ha perdido la palabra,

752.0 768.0 556.0 75.0 le pide que corra al punto

752.0 826.0 575.0 70.0 y agua que beber la traiga,

752.0 870.0 599.0 72.0 pues se le acaban las fuerzas

754.0 923.0 544.0 69.0 y hasta el aliento le falta.

752.0 975.0 523.0 64.0 Apenas partió el lacayo,

750.0 1020.0 463.0 65.0 el caballero á la dama

752.0 1058.0 554.0 80.0 se aproxima muy turbado

754.0 1116.0 566.0 72.0 y de esta manera le habla:

756.0 1159.0 606.0 81.0 —Si aceptar quereis, señora,

754.0 1213.0 562.0 62.0 una oferta que yo os haga,

754.0 1262.0 651.0 75.0 puesto que, segun comprendo,

752.0 1318.0 488.0 68.0 os sentis un poco mala,

754.0 1372.0 453.0 49.0 apoyaos en mi brazo,

752.0 1407.0 579.0 62.0 mi coche fuera os aguarda,

752.0 1457.0 494.0 70.0 dad la órden al cochero

754.0 1500.0 647.0 64.0 que os conduzca á vuestra casa.

758.0 1547.0 465.0 75.0 Y si despues permitís,

752.0 1607.0 599.0 62.0 que á saber de vos yo vaya,

754.0 1647.0 560.0 66.0 el mas feliz de los hombres

754.0 1700.0 573.0 62.0 me juzgaré con tal gracia,

756.0 1750.0 606.0 70.0 pues hasta encontraros buena

752.0 1798.0 587.0 68.0 no tendrá mi pecho calma;

760.0 1845.0 544.0 64.0 ¡tal impresion ha causado

756.0 1882.0 587.0 79.0 hoy en mí vuestra mirada!

756.0 1936.0 449.0 72.0 La jóven agradecida

758.0 1981.0 486.0 71.0 le dijo que si aceptaba

758.0 2033.0 507.0 72.0 todos sus ofrecimientos,

762.0 2093.0 536.0 66.0 y cuando fuera á su casa

760.0 2128.0 451.0 106.0 le contaria el motivo
