1860 2629
282.0 271.0 571.0 62.0 y al firal, qui mes qui menos

282.0 322.0 457.0 54.0 tothom desitja comprá.

329.0 359.0 533.0 63.0 Un escombriaire mol curro,

285.0 411.0 572.0 62.0 se presenta en aquell momén

285.0 455.0 484.0 59.0 dihent que pel seu intén

285.0 497.0 522.0 59.0 volía comprá aquell burro.

331.0 543.0 408.0 59.0 Un gitano tot seguit

287.0 580.0 476.0 68.0 lo va montá molt ligero;

282.0 624.0 520.0 70.0 alló semblava un guerrero

285.0 674.0 441.0 57.0 tan tiesu y tan aixerit.

333.0 718.0 454.0 64.0 Lo teya aná com volía,

285.0 762.0 493.0 59.0 á depressa á poch á poch

287.0 812.0 423.0 64.0 li feya cualsevol joch

289.0 850.0 489.0 74.0 perque y tenen maestría.

333.0 902.0 428.0 57.0 Lo tracte van arreglá

285.0 939.0 416.0 62.0 sense regatejá gaire,

291.0 985.0 481.0 66.0 y llavors lo escombriaire

287.0 1031.0 471.0 66.0 ab lo burro 's va quedá.

333.0 1069.0 471.0 76.0 Pero va suchsehí un cás

287.0 1121.0 664.0 57.0 que no es cap cás dels mes grans:

289.0 1167.0 496.0 62.0 que sen á las sevas mans

289.0 1209.0 522.0 68.0 ya no va volgué da un pas.

335.0 1253.0 450.0 65.0 Li dona una garrotada

291.0 1296.0 445.0 62.0 lo gitano en un costat,

291.0 1347.0 430.0 55.0 lo burro, tot decantat

296.0 1388.0 539.0 71.0 per pó de una altra pegada.

339.0 1432.0 422.0 59.0 Un altre cop de bastó

293.0 1474.0 485.0 61.0 li pega al costat contrari,

300.0 1524.0 476.0 55.0 y aquell burro perdulari

291.0 1562.0 408.0 72.0 ballava d' alló milló.

337.0 1612.0 441.0 66.0 Lo escombriaire va dí:

1035.0 262.0 553.0 66.0 «mireu com remena 'l cul...

1033.0 313.0 555.0 55.0 aixó ho fa que no es gandul

1035.0 359.0 447.0 66.0 y potser vol presumí.»

1081.0 396.0 458.0 70.0 Lo gitano molt trempat

1033.0 444.0 410.0 64.0 li va dí ab tota la fé:

1037.0 492.0 474.0 57.0 «cuan éll remena 'l rulé

1033.0 538.0 438.0 55.0 es que gasta vanitat».

1076.0 582.0 547.0 57.0 L' escombriaire mol content

1035.0 626.0 458.0 57.0 tot seguit va tocá 'l dos

1035.0 674.0 425.0 55.0 tot satisfet y orgullós

1035.0 712.0 533.0 72.0 de tení un ruch tan valent.

1081.0 755.0 421.0 68.0 Pero ya la va fe bona

1033.0 799.0 436.0 64.0 ab tot aquell presumí,

1037.0 850.0 474.0 57.0 que 'l ruch se li vu morí

1035.0 891.0 509.0 59.0 ans d' arribá á Barcelona.

1085.0 937.0 579.0 64.0 De plors ya non vulgueu mes

1041.0 981.0 518.0 59.0 y ab tot lo gran sentiment

1037.0 1027.0 491.0 64.0 lo va deixá en un torrent

1039.0 1064.0 531.0 77.0 perden lo burro y 'ls dinés.

1079.0 1110.0 511.0 66.0 Pero aquell que 'l va pelá

1037.0 1156.0 619.0 90.0 que era un blanqué feyu y vell,

1039.0 1204.0 439.0 64.0 va dí: que la seva pell

1037.0 1253.0 417.0 65.0 mol be la va aprofitá.

1083.0 1296.0 509.0 60.0 Ne van fe cosa molt bona,

1039.0 1342.0 520.0 64.0 pues sense rompres lo cap,

1041.0 1391.0 503.0 63.0 per Corpus tothom ya sap

1039.0 1426.0 566.0 72.0 que ya professó á Barcelona.

1083.0 1467.0 616.0 90.0 No l' busquéu per las estampas

1039.0 1516.0 507.0 65.0 lo gran cás, ya us el diré:

1041.0 1562.0 483.0 65.0 de aquella pell ne van fé

1039.0 1603.0 599.0 103.0 los dos timbals de las trampas.

559.0 1759.0 930.0 94.0 Mort lo ruch, morta l'historia

958.0 2046.0 136.0 107.0 FÍ

715.0 2414.0 607.0 109.0 Imps. Hospital, 19, «El Abanico»
