1753 2480
140.0 140.0 399.0 66.0 Una noya vaig trobá

88.0 194.0 430.0 47.0 que buscava caragols

86.0 229.0 368.0 58.0 á vora d'una riera,

93.0 268.0 531.0 66.0 y'ns trovabam tots dos sols.

88.0 320.0 441.0 62.0 Ella estaba disgustada

88.0 367.0 441.0 62.0 perque no trovaba res;

84.0 415.0 527.0 56.0 li vaig ensenyá una brossa

86.0 462.0 465.0 56.0 que hi havía dos bovés.

49.0 506.0 407.0 68.0 —Y que eran ben grossos.

128.0 570.0 436.0 64.0 Lo Pau y la Doloretas

82.0 620.0 376.0 64.0 la grua feyan volá

86.0 663.0 519.0 66.0 y á las rametas d'un arbre

84.0 715.0 480.0 60.0 la qua se'ls va enganxá.

84.0 756.0 455.0 62.0 Ell lo tunante estirava,

84.0 801.0 441.0 69.0 jo no sé per quin estil;

84.0 845.0 544.0 64.0 y es clá, ab tantas estiradas

82.0 894.0 430.0 58.0 al fí li va rompre'l fil.

47.0 921.0 668.0 87.0 —Y aixó que'l fil de la grua era molt fort.

128.0 1008.0 657.0 85.0 Va veure un burro ab cinch potas

78.0 1058.0 502.0 70.0 un pagés, y'l va comprá;

82.0 1111.0 490.0 62.0 y quan va se á casa seva

80.0 1153.0 463.0 58.0 sols quatre ni va trobá.

82.0 1200.0 476.0 60.0 Lo piteu va disgustarse,

84.0 1237.0 412.0 60.0 y un gitano li va di:

82.0 1287.0 550.0 70.0 Quan ell veurá una sumera,

80.0 1337.0 478.0 51.0 cinch ne tornará á tení.

47.0 1372.0 546.0 60.0 —¡Vaya un fenómeno més estrany!

126.0 1448.0 469.0 66.0 Un casat de Cornudella

82.0 1504.0 391.0 54.0 á Barcelona va aná,

84.0 1545.0 501.0 60.0 y al torín á veure'ls toros

84.0 1585.0 432.0 62.0 un amich lo va portá.

84.0 1632.0 515.0 60.0 Y al veure aquella corrida

80.0 1674.0 474.0 62.0 desde un asiento de Sol

84.0 1717.0 544.0 62.0 va di: Vaja, que las banyas

78.0 1769.0 564.0 66.0 os dich que m'agradan molt.

47.0 1812.0 436.0 76.0 —Oh! y era casat de poch...

121.0 1878.0 457.0 70.0 Jo conech una modista

80.0 1936.0 467.0 58.0 que va vindre de París,

80.0 1984.0 569.0 57.0 y'm va dir: que aquell viatje

80.0 2025.0 457.0 60.0 li va semblá molt felís.

80.0 2070.0 440.0 66.0 No va quedá satisfeta,

80.0 2120.0 502.0 60.0 segons ella 'm va esplicá,

80.0 2161.0 610.0 68.0 va di que'n va quedá ab ganas

82.0 2209.0 434.0 54.0 y encara hi vol torná.

41.0 2242.0 508.0 91.0 —Ja deu se un poble ben bonich.

936.0 148.0 415.0 48.0 A casa de certa noya

893.0 192.0 477.0 60.0 ningú hi entraba per ré,

888.0 235.0 530.0 50.0 tan sols cada mes hi anava

890.0 270.0 486.0 64.0 l'amo á cobrarli'l llogué.

893.0 316.0 525.0 68.0 Y com que ella no pagava,

895.0 365.0 467.0 62.0 l'amo tant se va enfadá,

890.0 407.0 612.0 70.0 que al cap de nou mesos justos

890.0 452.0 358.0 58.0 la va fe desocupá.

868.0 498.0 525.0 68.0 —Au, trastes al carré si no pagan.

932.0 562.0 442.0 74.0 Una noya en un brasé

890.0 628.0 451.0 54.0 s'escalfaba el devantal,

890.0 667.0 451.0 62.0 si'l seu xicot no l'avisa

886.0 706.0 563.0 62.0 es crema el quarto principal.

890.0 758.0 643.0 66.0 No us penseu que fossin bromas,

888.0 795.0 503.0 66.0 perque li va aná de prim;

893.0 853.0 537.0 58.0 pues de oló de pel de porch

888.0 899.0 339.0 53.0 se setía socarrím.

849.0 938.0 511.0 72.0 —Devia tení'l quarto plé de clin.

932.0 1008.0 537.0 79.0 A una dona molt prenyada

886.0 1058.0 441.0 58.0 li va dir un estudiant:

888.0 1105.0 468.0 66.0 Aquet vestit que porteu

888.0 1147.0 509.0 64.0 os es molt curt del deván.

890.0 1196.0 503.0 58.0 Ella's va torná molt roija,

888.0 1235.0 497.0 56.0 pero al moment contestá:

890.0 1279.0 515.0 64.0 No fou per falta de roba...

890.0 1333.0 486.0 53.0 tota la pessa hi va entrá;

851.0 1374.0 571.0 56.0 —Devia se una pessa de pocas canas.

930.0 1446.0 492.0 66.0 Un guino á la pescateria

888.0 1502.0 548.0 52.0 ne posava um pam de greix

886.0 1545.0 399.0 56.0 quan ocasió li venía

888.0 1587.0 521.0 56.0 de pogué robá algun peix.

890.0 1632.0 453.0 56.0 Un dia de mala estrella

890.0 1676.0 466.0 62.0 ba robarne una sardina,

886.0 1725.0 476.0 52.0 y al veureu la pescatera

890.0 1773.0 526.0 47.0 va darli una gran tunyina.

857.0 1808.0 437.0 64.0 —Tot es peix si no son cops.

934.0 1886.0 463.0 62.0 Un pobre robava llenya

888.0 1930.0 375.0 66.0 pera coures lo diná

890.0 1971.0 428.0 70.0 y va tení la desgracia

886.0 2017.0 451.0 68.0 que'l amo li va atrapá.

890.0 2066.0 428.0 62.0 L'esbirro... propietari

888.0 2114.0 497.0 64.0 quan va veure la jugada,

884.0 2159.0 434.0 58.0 sens tenirli compassió

888.0 2209.0 552.0 54.0 li va dar una gran llenyada.

849.0 2252.0 469.0 75.0 —Llenya ray pel seu damunt.
