1860 2629
377.0 1086.0 1017.0 72.0 CANCIÓN CON LOS MILAGROS QUE OBRÓ

228.0 1147.0 1320.0 125.0 EL SANTO ANGEL DE LA GUARDA

188.0 1340.0 520.0 64.0 Perezoso que estás en tu casa

155.0 1384.0 307.0 48.0 el tiempo se pasa

149.0 1428.0 294.0 48.0 sin querer rezar,

153.0 1465.0 233.0 53.0 ruega, ruega,

151.0 1502.0 392.0 51.0 al Angel de la Guarda

153.0 1546.0 371.0 48.0 que de estos peligros

149.0 1586.0 331.0 54.0 nos puede apartar.

188.0 1623.0 274.0 52.0 Debemos rogar

149.0 1660.0 537.0 55.0 á pedir al Angel de la Guarda

149.0 1704.0 381.0 48.0 que por buen camino

149.0 1746.0 305.0 52.0 nos quiera guiar.

186.0 1776.0 645.0 105.0 A la sombra de un árbol se hallaban

146.0 1855.0 634.0 61.0 dos niños durmiendo con una mujer

146.0 1901.0 494.0 55.0 que sin duda sería su madre

151.0 1943.0 640.0 55.0 y vino un lobo hambriento á la boca

151.0 1984.0 344.0 57.0 y les quiso morder;

146.0 2022.0 301.0 52.0 mas al despertar

144.0 2063.0 590.0 53.0 se abrazaron la madre y sus hijos

151.0 2109.0 436.0 55.0 y el Angel de la Guarda

149.0 2149.0 337.0 52.0 principió á llamar.

184.0 2219.0 620.0 59.0 Se aparece á la sombra de un árbol

149.0 2269.0 636.0 55.0 el Angel divino con gran resplandor

153.0 2309.0 384.0 57.0 y le dice al lobo; vete

149.0 2348.0 337.0 50.0 que de este rebaño

149.0 2383.0 296.0 75.0 yo soy el pastor.

903.0 1340.0 298.0 59.0 Y aquí me teneis

899.0 1373.0 574.0 68.0 si llamais al Angel de la Guarda

899.0 1424.0 338.0 50.0 en vuestra defensa

901.0 1463.0 373.0 55.0 siempre me hallareis.

938.0 1531.0 489.0 68.0 Cinco días una pobre viuda

901.0 1579.0 524.0 64.0 dentro de casa sin comer está,

899.0 1627.0 487.0 51.0 y por ser muy bien parecida

901.0 1665.0 351.0 56.0 le ofrecieron dinero

899.0 1704.0 274.0 55.0 si queria pecar,

901.0 1748.0 307.0 57.0 y no quiso ceder;

897.0 1778.0 585.0 119.0 se aparece el Angel de la Guarda

892.0 1818.0 266.0 66.0 le daba dinero

897.0 1860.0 337.0 67.0 y le dió de comer.

934.0 1934.0 504.0 64.0 Rodeado de cuatro ladrones

892.0 1982.0 595.0 57.0 un labrador solo por el campo va

899.0 2024.0 482.0 55.0 y volviendo atrás la cabeza

899.0 2070.0 399.0 52.0 al Angel de la Guarda

899.0 2107.0 333.0 57.0 principió á llamar;

899.0 2153.0 307.0 50.0 caso de admirar,

899.0 2193.0 590.0 54.0 se volvieron de piedra de mármol

894.0 2230.0 422.0 52.0 que ni atrás ni adelante

894.0 2276.0 292.0 55.0 pudieron pasar.

932.0 2348.0 506.0 57.0 Un anciano venía del monte

888.0 2390.0 640.0 63.0 con un fajo de leña sin poder andar
