1860 2629
493.0 771.0 912.0 140.0 GRACIOSA CANCION DE LA JITANA

559.0 887.0 759.0 131.0 Ó LA BUENA VENTURA.

511 1101 855 71 Ave María Purísima. !! —Sin pecao concebia.!!

302.0 1169.0 417.0 88.0 Aqui está la bailaora,

258.0 1237.0 516.0 77.0 la que encubre en su guaria

254.0 1294.0 414.0 59.0 los misterios de la via

250.0 1334.0 482.0 65.0 por recónditos que estén.

291.0 1373.0 467.0 70.0 Sin guiñar á naide el ojo

254.0 1424.0 447.0 57.0 arrepara bien, moreno,

258.0 1467.0 452.0 68.0 que si tú eres macareno

254.0 1516.0 425.0 72.0 macarena soy tambien.

429.0 1566.0 334.0 94.0 Yo soy la Jitana,

381.0 1643.0 336.0 54.0 la jembra que va

379.0 1689.0 360.0 61.0 sin hoy ni mañana

381.0 1730.0 351.0 57.0 de aqui para allá ;

377.0 1772.0 406.0 61.0 y erramo consuelos...

383.0 1818.0 391.0 68.0 y entono primores...

381.0 1868.0 360.0 59.0 y vendo pañuelos,

383.0 1908.0 327.0 63.0 y galas y flores;

377.0 1952.0 366.0 56.0 tambíen hago curas

379.0 1993.0 331.0 59.0 por poco parné :

375.0 2039.0 329.0 55.0 la guena ventura

379.0 2081.0 397.0 63.0 ¿quién la quie sabé ?

285.0 2114.0 528.0 116.0 Naide, naide toque audana,

945.0 1198.0 406.0 81.0 too lo dica la Jitana,

1063.0 1248.0 191.0 66.0 chachipé !

943.0 1296.0 482.0 71.0 venga el unto y el parné.

989.0 1342.0 421.0 79.0 La de los ojitos bajos

943.0 1404.0 561.0 81.0 que la dan los hombres mico,

938 1452 426 57 clariá y menes rodeo,

940.0 1485.0 560.0 88.0 que á mi no me engaña usté.

940.0 1531.0 503.0 79.0 Si están pregonando, niña,

940.0 1581.0 461.0 59.0 las rayitas de esa mano,

943.0 1629.0 577.0 82.0 que caerá mas de un cristiano

943.0 1675.0 416.0 68.0 prisionero en esa red.

1081.0 1708.0 419.0 86.0 Yo soy la Jitana, etc.

978 1774 506 66 Saque usté, salero, Pepe,

934.0 1824.0 377.0 62.0 esa mano soberana,

934 1870 498 51 que ahora mismo la Jitana

938.0 1914.0 470.0 59.0 con usté se va á enrear;

934.0 1952.0 498.0 63.0 la fortuna que hace luna...

940.0 1998.0 514.0 65.0 jui qué mano, santo Cielo!

936 2046 559 57 no echará usté muy guen pelo

943 2098 419 46 mientras esté por acá.

1070 2136 311 76 Yo soy la Jitana

736.0 2249.0 347.0 71.0 MADRID:=1854.

469.0 2276.0 919.0 120.0 Se hallará en la plazuela de la Cebada num. 96.
