1860 2629
955 186 59 78 — 4 —

338 261 370 58 La calle de la Princesa,

337 303 399 56 igual que la de Moncada,

338 341 383 50 sufrieron como las otras

340 378 403 47 toda suerte de desgracias.

340 407 408 60 Por la parte de Junqueras

340 454 405 48 penetro tambien el agua,

346 477 441 63 y por la ex-puerta del Angel

340 524 371 51 á la plaza de Santa Ana

340 553 380 57 siguió la calle del Pino,

343 594 415 55 por cuya Riera embocaba

343 626 374 53 abundante, roja y fiera

344 654 471 66 la que entraba por la Rambla.

343 703 406 47 Fué mayor alli el peligro,

343 740 424 53 pues la altura de las aguas

344 772 382 51 era tal, que solo á nado

346 809 396 46 alguien pudo atravesarla

350 847 371 48 y prestar á sus vecinos

349 879 412 54 socorros que demandaban

347 914 411 52 del peligro la inminencia

350 946 474 53 que en aquel punto arreciara.

355 993 436 42 Por fortuna son muy pocas

356 1026 351 51 las personas anegadas

355 1057 363 50 aquí dentro Barcelona:

356 1096 438 53 solo un jóven en la Rambla

359 1130 367 69 pereció al introducirse

1135 240 348 59 en una casa inundada.

1136 281 425 59 Como tan tristes recuerdos

1138 322 358 50 llenan de dolor el alma

1138 353 423 54 roguemos por la del pobre

1138 388 473 61 que sufrió tan gran desgracia,

1138 426 387 53 respetando los designios

1138 458 464 61 de aquel que todo lo manda.

1173 496 447 54 En fin por todos los pueblos

1141 536 445 55 que nuestro llano engalanan

1144 571 429 55 sufrieron las consecuencias

1142 606 419 58 mas ó menos desgraciadas

1144 641 460 55 de aquella tormenta horrible.

1145 676 454 64 San Gervasio, Sans y Gracia,

1145 717 351 55 Martorell y Serdañola

1148 746 403 54 ven sus tierras anegadas:

1148 785 409 57 Horta, San Martin y otras

1148 828 392 48 poblaciones son trocadas

1151 866 345 43 en lagunas pantanosas

1152 883 426 67 por aquellas turbias aguas.

1152 925 440 57 La catástrofe es tan grande,

1152 965 404 57 tan inmensa la desgracia,

1152 993 459 68 que en la historia de Barcino

1152 1039 408 54 quedará muy renombrada

1155 1072 398 55 como de las mas terribles

1160 1110 428 80 que se leen en sus páginas.

348 2166 1468 112 Se halla de venta en casa de Antonio Bosch, calle del Bou de la plaza Nueva, núm. 3.

353 2311 1454 160 Barcelona.— Impr. de Narciso Ramirez, calle de Escudillers, 40, piso principal,—1862.
