1129 1600
488 121 110 49 — 29—

144 184 784 24 aquellos jóvenes y tiernos esposos, y el más profundo dolor y pena

140 198 785 40 porque se ausentaban. El principito iba llorando á lágrima viva,

141 232 783 38 no de sentimiento, pues iba con sus padres, sinó de dulce pena,

139 264 786 40 por tener que abandonar todos aquellos lugares donde tan cariñosa

140 295 739 41 acogida había tenido siempre y donde tantos recuerdos dejaba.

183 329 740 40 Despues de varios días de feliz navegación llegaron á Marsella,

137 362 787 38 donde supieron la muerte de la madre del conde, la cual, llena de

136 393 787 43 remordimientos por su crueldad para con Adalmira, á quien había

139 427 781 40 creido siempre una aventurera y engañadora, enfermó de pena y

139 459 782 42 murió. A pesar del daño que tanto á ella como á su hijo les había

138 492 783 39 hecho, Adalmira sintió mucho su muerte y fué á llorar sobre su

136 528 785 39 tumba., En esto llegó una embajada de los húngaros, participando

135 560 785 35 que tenían grandes deseos de salir de la situación extraña en que

134 588 785 41 se hallaban, pues desde la muerte del rey Clotaldo, ni su hija Adal-

136 622 782 38 mira, ni el conde de Provenza su esposo y rey interino, daban se-

135 654 783 39 ñales de encargarse del gobierno; y que los pueblos se quejaban

133 687 785 40 de la orfandad en que se les tenía. Contóles el conde todo lo que

133 720 785 37 había pasado con el pormenor del nacimiento de las manos de

131 751 785 44 Adalmira, y partiéronse para Hungría con la promesa de que tan

131 786 781 41 pronto como arreglasen sus asuntos Adalmira y el conde y su niño,

130 816 782 39 tendrían mucha satisfacción en ir á visitar sus reinos, y que mien-

128 850 783 40 tras tanto confiaban de común acuerdo todos sus ámplios poderes,

129 882 782 44 facultades y privilegios reales al general húngaro á quien el conde

127 916 783 42 había resignado sus poderes al venirse de la guerra, para que en

126 948 781 39 nombre suyo y en el de su esposa gobernase el reino hasta que

126 980 352 41 Adalmira se encargase de él.

163 1012 743 41 Como Adalmira tenía todavía el carácter de abadesa del con-

127 1047 779 39 vento, hubo necesidad de despachar correos á Roma para que so-

126 1081 779 35 licitasen del Padre Santo dispensa para unirse á su esposo nueva-

122 1110 782 41 mente y para tomar el mando del reino, que por muerte de su pa-

123 1142 781 40 dre Clotaldo había heredado, y de allí á poco vino la contestación

121 1176 780 40 tan satisfactoria como era menester, acompañada de la bendición

120 1208 238 41 del Sumo Pontífice.

400 1259 227 52 CAPÍTULO XV.

118 1304 782 48 Como Adalmira y el conde parten para Hungría á tomar posesión del

143 1340 753 43 reino y de la abdicación que hicieron en favor del príncipe su hijo.

117 1397 779 43 Llegados que fueron los correos de Roma, el conde y Adalmira no

114 1430 781 49 quisieron demorar más tiempo el tomar posesión del reino, y á este
