1753 2480
186.0 126.0 415.0 74.0 Desde su primera edad

155.0 175.0 378.0 62.0 tuvo afición á la caza

159.0 208.0 488.0 73.0 siguiendo á su padre en ella

159.0 262.0 516.0 68.0 muestras dando de gran traza.

200.0 297.0 380.0 60.0 Con su afición varonil

157.0 338.0 465.0 60.0 se fué haciendo tan famosa

157.0 380.0 442.0 62.0 que el renombre se le dió

152.0 423.0 377.0 62.0 de Juana la Valerosa.

198.0 460.0 314.0 67.0 Su talento natural

157.0 506.0 320.0 49.0 en todo sobresalía

161.0 535.0 339.0 70.0 y en su pueril edad

157.0 576.0 463.0 68.0 completa instrucción tenía.

198.0 620.0 438.0 57.0 De los jóvenes del pueblo

161.0 665.0 438.0 60.0 era en extremo apreciada

159.0 702.0 384.0 62.0 y en particular de uno

155.0 741.0 438.0 60.0 que Panchito se llamaba.

204.0 785.0 416.0 58.0 Hijo era de un labrador,

155.0 830.0 409.0 62.0 hidalgo, muy orgulloso,

161.0 865.0 459.0 65.0 que no quiso que de Juana

150.0 907.0 397.0 68.0 fuera su hijo el esposo.

204.0 956.0 312.0 50.0 Otra boda le tenía

159.0 987.0 382.0 71.0 preparada más famosa

155.0 1035.0 380.0 62.0 con una rica heredera

159.0 1078.0 417.0 56.0 que llamaban Sinforosa.

206.0 1105.0 453.0 64.0 Al saberlo, dijo á él Juana:

155.0 1151.0 473.0 58.0 «ten cuidado en desairarme

157.0 1198.0 434.0 50.0 que si lo haces Panchito,

157.0 1233.0 463.0 58.0 mira que sabré vengarme».

198.0 1277.0 368.0 53.0 El joven le respondió

157.0 1312.0 477.0 58.0 de su amor haciendo alarde

159.0 1357.0 401.0 52.0 mas al fin llegó á ceder

159.0 1399.0 415.0 53.0 al mandato de su padre.

202.0 1438.0 420.0 58.0 Se puso al saberlo Juana

155.0 1477.0 336.0 54.0 como leona furiosa

161.0 1510.0 364.0 68.0 y juró luego vengarse

152.0 1558.0 422.0 60.0 de Panchito y Sinforosa.

200.0 1591.0 411.0 68.0 Las bodas se celebraron

157.0 1643.0 452.0 55.0 con gran pompa y alegría,

150.0 1678.0 435.0 55.0 sólo el corazón de Juana

155.0 1721.0 432.0 52.0 en llamas de rabia ardía.

194.0 1756.0 459.0 68.0 Entre el tumulto de gentes

155.0 1808.0 461.0 54.0 aprovechando el momento

155.0 1843.0 417.0 58.0 logró Juana introducirse

155.0 1888.0 432.0 50.0 del novio en el aposento.

206.0 1913.0 457.0 77.0 Y luego que los dos novios

157.0 1973.0 430.0 52.0 en su lecho se acostaron,

155.0 2008.0 481.0 58.0 en lugar de amor, la muerte

155.0 2050.0 473.0 55.0 á manos de Juana hallaron.

198.0 2091.0 366.0 54.0 Cosióles á puñaladas

157.0 2130.0 446.0 54.0 y con la sangre que mana

150.0 2163.0 424.0 60.0 hirviendo de sus heridas

155.0 2211.0 415.0 56.0 escribe su triunfo ufana:

198.0 2244.0 420.0 85.0 « A los filos de un puñal

959.0 124.0 488.0 66.0 » murió Pancho y Sinforosa,

961.0 175.0 457.0 50.0 » para vengar mis agravios

961.0 217.0 421.0 49.0 » yo, Juana la Valerosa».

965 252 479 51 Con la punta de un puñal.

961.0 293.0 471.0 56.0 bañado en sangre, grabado

963.0 334.0 432.0 58.0 en la pared de la alcoba,

959.0 372.0 471.0 62.0 este escrito fué encontrado.

959.0 450.0 382.0 58.0 tan bárbaro asesinato,

1000.0 419.0 451.0 56.0 Al divulgarse en el pueblo

965.0 496.0 378.0 59.0 uana se había fugado

961.0 543.0 390.0 50.0 de él para mucho rato.

1006.0 576.0 370.0 54.0 Tomando la carabina

963.0 613.0 417.0 58.0 del padre, y una pistola,

961.0 659.0 407.0 49.0 sin ser de nadie sentida

961.0 698.0 411.0 52.0 fugó aquella noche sola.

1004.0 737.0 434.0 60.0 Tres días por despoblado

963.0 781.0 473.0 62.0 huyendo anduvo al intento;

963.0 826.0 405.0 52.0 sólo las frutas silvestres

963.0 865.0 405.0 56.0 sirviéndole de alimento.

1000.0 905.0 399.0 58.0 Pero al declinar el día,

963.0 946.0 411.0 56.0 el tercero de su marcha,

963.0 987.0 496.0 54.0 vió á dos hombres la seguían

961.0 1029.0 463.0 51.0 mas no por eso se espanta.

1002.0 1068.0 461.0 52.0 Se pone detrás de un roble

963.0 1107.0 448.0 58.0 para hacer frente atrevida

963.0 1151.0 450.0 55.0 y les grita: « Alto, señores,

963.0 1190.0 461.0 52.0 caso que aprecien la vida».

1000.0 1227.0 467.0 52.0 Los hombres iban armados

959.0 1260.0 392.0 62.0 y le dicen: «Mira niña,

963.0 1306.0 426.0 58.0 que nosotros no venimos

961.0 1347.0 351.0 52.0 á tener contigo riña.

1002.0 1380.0 416.0 58.0 » Venimos solo á decirte

961.0 1423.0 372.0 62.0 que te has extraviado

963.0 1461.0 395.0 66.0 y volverte si tú quieres

961.0 1506.0 461.0 58.0 al camino que has errado.»

1000.0 1543.0 451.0 58.0 Pero á tan buenas razones

961.0 1585.0 479.0 64.0 su inquieto temor no calma,

963.0 1624.0 554.0 66.0 y repite: «¡Alto! ó el que avance

955.0 1665.0 576.0 71.0 que encomiende á Dios su alma»

998.0 1719.0 426.0 52.0 Avanzan sin presunción,

957.0 1754.0 399.0 60.0 que fuera tan decidida,

963.0 1793.0 426.0 64.0 pero ella haciendo fuego

955.0 1835.0 353.0 58.0 al uno quitó la vida.

1000.0 1872.0 420.0 62.0 Pretendió el otro vengar

955.0 1915.0 477.0 56.0 de su amigo la cruel suerte,

957.0 1961.0 442.0 51.0 dispara... pero no acierta;

957.0 1998.0 444.0 54.0 tira Juana y le dá muerte.

1004.0 2035.0 434.0 56.0 Y en la corteza del roble,

961.0 2077.0 415.0 59.0 que le sirvió de muralla,

955.0 2116.0 382.0 60.0 escribió con su puñal:

959.0 2145.0 558.0 72.0 «El que aquí estos muertos halle

961.0 2201.0 430.0 51.0 » que sepa que una mujer

963.0 2242.0 500.0 64.0 »les dió muerte y no alevosa
