1030 1419
438 3 120 47 –9–

464 175 57 43 IV.

128 312 761 38 La muerte de Rojer fué la señal de esterminio de la hueste cata¬

98 344 784 45 lana. En Andrinópolis y en Constantinopla, los catalanes fueron pa¬

100 380 777 42 sados á cuchillo, la sangre tiñó calles y plazas y hasta mujeres

99 415 792 40 niños fueron degollados sin piedad. Los griegos de aquella época

98 445 794 44 demostraron una vez mas, que si eran ineptos para soldados, servian

99 477 793 45 muy mucho para asesinos. Fué tan general la matanza, en especial

98 512 794 43 en Andrinópolis, que solo escaparon con vida de ella tres valientes

99 543 793 45 soldados, uno de ellos se llamaba Berenguer de Roudor y era natural

98 580 794 39 del llano de Llobregat. ¿Pero quién es capaz de pintar la venganza ó

100 611 786 42 mejor la justicia que llevó á cabo el grueso de la almogavería cuan¬

98 645 777 43 tuvo noticia de semejante desastre ? Hubo consejo. de capitanes

98 683 794 41 juróse tomar una venganza tan cumplida que hablasen de ella los

99 713 787 43 siglos venideros, y así aconteció. De pronto se nombraron tres em¬

98 749 794 39 bajadores, para que en nombre del ejército catalan se retase el empe¬

100 786 530 34 rador Andrónico por felon, villano y traidor.

128 814 575 42 Este nuevo hecho carecteriza el carácter catalan.

130 847 479 43 Ocho mil hombres retando á un imperio!

127 878 762 45 Los que siempre tratan de deprimir el valor catalan, que busquen

98 914 652 41 otro hecho análogo en la historia de las demás naciones.

127 944 762 45 Andrónico trató de apaciguar á los embajadores, disculpándose

96 983 582 43 del crímen que se le imputaba. Pero ya era tarde!

125 1014 766 41 Otra barbaridad de parte de los griegos acabó de romper la valla

94 1053 797 41 que contenia la mal enfrenada ira de los catalanes. Faltando á toda

94 1087 796 38 clase de deberes, los naturales de Rodosto, al atravesar su pais los

95 1119 795 41 embajadores los descuartizaron y colgaron en diferentes partes de la

95 1154 791 37 ciudad los sangrientos despojos de aquellos valerosos representantes

96 1190 401 39 del poder y de la lealtad catalana.

122 1219 762 43 No hubo ya freno que pusiese á raya, entónces, á los catalanes.

95 1248 799 61 Como un rio al salir de madre, se estendieron por toda la Grecia y
