1860 2629
1151 144 237 60 (Núm. 43.)

485 200 699 78 EL TRIGO Y EL DINERO.

387 1187 879 76 NUEVA RELACION

182 1244 1302 81 en que se refiere la disputa que tuvieron el Trigo y el Dinero, sobre cuál

517 1299 625 59 de los dos es de mayor excelencia.

222 1383 391 55 Pare su dorado carro

179 1422 380 61 el rubicundo planeta,

179 1464 399 60 la luna tenga su móvil

187 1508 404 65 y las errantes estrellas.

178 1551 483 62 Paren los cuatro elementos,

178 1597 435 54 todos los astros atiendan

176 1635 406 62 á una reñida pendencia

179 1682 491 64 entre el Trigo y la Moneda.

175 1723 393 66 Pido á todos atencion,

175 1776 419 56 para que con ella pueda

175 1814 397 58 á mi auditorio contarle

173 1857 443 57 la mas extraña contienda

175 1907 440 57 que han oido los nacidos,

173 1951 433 55 ni han escrito los poetas.

176 1990 395 56 y para que sea notorio

173 2037 472 55 quiero que todos lo sepan;

179 2076 512 62 y es que el Trigo y el Dinero

175 2126 466 50 están en gran competencia

175 2161 429 64 sobre cuál de los dos es

172 2206 530 78 de las mas sublimes prendas.

848 1371 461 67 Habló el Dinero, diciendo

848 1425 439 51 al Trigo de esta manera:

856 1464 476 60 —¿Cómo, villano, atrevido,

847 1505 440 62 te opones á mi grandeza,

848 1561 472 51 sabiendo que mis aplausos

845 1596 459 58 se ensalzan á las estrellas?

848 1644 440 56 Y por si acaso lo ignoras,

845 1682 426 57 será razon que lo sepas.

847 1726 497 60 Mi nombre propio es Dinero,

847 1770 482 60 hecho soy de tres materias,

844 1812 450 57 que es oro, plata y cobre,

845 1849 535 70 metales que el mundo aprecia.

843 1906 398 54 Soy caballero cruzado,

845 1939 562 73 pues traigo aquí la encomienda;

843 1986 441 58 el rey sus armas me dió,

847 2031 486 61 pues las traigo por defensa.

844 2073 456 66 Los mas nobles caballeros

848 2126 450 57 y señoras de altas prendas

843 2160 426 61 me dan su lado derecho

850 2205 405 82 y me sientan á la mesa.
