2148 3034
1031 161 186 86 — 15 —

450 278 1350 54 y con mucha majestad nos preguntó de qué nacion eramos y á

450 316 1350 58 qué parte se dirigia nuestro camino. El intérprete le contestó

451 369 1347 60 que éramos pobres peregrinos vasallos del rey de Leon, en Espa-

451 407 1346 68 ña, y pasábamos, si nos lo permitian, á besar la mano al Preste

443 453 1350 69 Juan. El califa respondió que no le engañáramos, porque si nos

445 509 1350 60 encontraba en alguna mentira nos haria quemar vivos    García

446 552 1349 63 Ramirez le aseguró de ser la verdad lo que decia: Pues bajo esa

448 601 1347 66 palabra, dijo, y por respeto á vuestro soberano, os doy salvo-

445 659 1352 50 conducto y ámplia licencia para que permanezcais en la ciu-

441 696 1351 62 dad, la paseis y marcheis cuando tuviéreis por conveniente.

446 743 1344 71 Todos le besamos la mano por la merced que nos dispensaba, y

441 790 1351 71 con su beneplácito nos retiramos. Tres dias paseamos la ciudad,

445 851 1348 54 en la que vimos por una gracia especial la gran mezquita, di-

445 888 1352 62 cha la Kaba, sostenida por 400 columnas de mármol é iluminada

445 945 1348 56 por 300 lámparas de plata que arden contínuamente, techada en

445 989 1347 59 parte con láminas de oro, con más de 160 puertas de maderas fi-

446 1045 1347 53 nas y colgadas de esquisitas tapicerías, donde está el sepulcro

445 1082 1345 64 ó zancarron de Mahoma, el que se halla en una suntuosísima ca-

445 1132 1345 61 pilla toda labrada de piedras preciosas: en medio de ella y en el

440 1184 1350 54 aire se ve el zancarron de aquel profeta, el cual está engastado

440 1232 1350 55 de fino acero: en cada uno de los ángulos de la capilla, que son

440 1281 1350 59 ocho, hay una loseta de piedra imán, y como cada una llama

441 1324 1347 59 igualmente para atraerse el acero del engaste del zancarron, es

441 1377 1347 55 la causa de que se sostenga en el aire sin inclinarse á ningun

443 1419 1342 62 lado, lo que atribuyen á milagro aquellos miserables fanáticos.

510 1466 1280 72 Despues nos dirigimos á ver los jardines reales, en los que

438 1515 1352 71 se ven tantas y tan maravillosas invenciones, que excedian á

440 1570 1350 63 cuantas hasta allí habiamos contemplado en los reinos y provin-

438 1613 1350 62 cias por donde transitábamos. Pasados tres dias, pagamos el tri-

440 1667 1350 64 buto de doce escudos de oro por cada uno, y nos dirigimos hácia

438 1712 1352 67 la tierra de los pigmeos, cuya estatura es de tres cuartas; la ca-

440 1761 1350 66 beza bastante gruesa y abultada; las piernas muy cortas; anchos

438 1810 1352 69 de hombros y espaldas; la voz es más gruesa de lo que parece

436 1860 1354 66 permitir su naturaleza; alcanzan mucha fuerza, siendo los peo-

436 1908 1354 65 res y más crueles hombres que hay en el mundo: es tanto lo que

433 1958 1357 64 abundan en número por todas partes, que á no estar contenidos

436 2002 1351 71 por un caudaloso rio que los separa y que no pueden salvar por

436 2053 1349 60 falta de conocimientos en la navegacion é industria, me parece

434 2103 1351 64 inundarian la mayor parte de la tierra habitable. En este país no

434 2154 1348 64 quisimos entrar, temerosos de algun fracaso, pasándonos por un

436 2192 1342 70 lado hácia la ciudad de Sonterra, donde habitan las amazonas,

433 2250 1354 62 cuyas mujeres son cristianas y viven sin hombre alguno: están

433 2292 1344 71 sujetas al Preste Juan: eligen entre ellas reina que las dirija y

431 2341 1356 99 justicia que las gobieme: labran sus campos, ejercitan todas.
