959 1454
344 11 230 49 Historia verdadera

216 52 463 51 Id, y llenad de religioso incienso

178 96 465 47 En fragrantes aromas los Altares:

175 138 467 49 Quitad los torpes ritos, no os acuse

173 183 429 46 Un sacrifico solo mil crueldades.

211 223 592 54 Dios, à quien disgustais con vuestros cultos,

175 275 460 44 Es tierno, es amoroso, y es save;

172 311 454 48 Y le son vuestras victimas odiosas,

171 361 478 47 Que ciegos consagras para enojarle.

216 400 511 50 Llorando os ruego, generosos Tyrios,

172 443 493 51 Que à vuestros fieles sacrificios baste

172 487 488 47 De indomitos Novillos ver las Aras

171 532 485 44 Salpicadas continuamente en sangre.

207 575 539 47 Mas si quieren los Dioses maldad tanta,

172 620 466 44 Y es en vuestro entender inevitable

171 662 518 50 El que en vuestros horrendos sacrificios

168 705 570 48 Se ha de quitar la vida al tierno infante,

168 752 593 48 Aqui estoy yo que le engendrè : en mi misma

166 793 556 48 Se cumplan vuestros votos. Ea, llevadme

168 836 576 52 A mi: què os deteneis ? Quièn os suspende?

168 883 478 46 Si no, porquè ha de seros favorable

168 923 462 50 Despojar à las Tierras Africanas

169 967 465 49 De a indole mejor de las edades ?

130 1008 729 52 Assi lloraba la piadosa Himilce los tiernos infantes

86 1053 773 52 que aquellos Barbaros sacrificaban: pero no bastò este

87 1100 771 47 razonamiento tan compasivo y lastimofo à que mitiga-

85 1140 772 52 sen sus crueldades, hasta que Dario Histapis las pro-

84 1182 774 49 hibiò, como dice Juſtino ; y fuè una de las condi-

84 1229 775 48 ciones que Gelon, Tyrano de Siracusa, puso en la

86 1273 772 47 paz que capitulò con ellos, prohibir las victimas hu-

84 1315 775 57 manas. Pero aunque suspendieron tan inhumanos

782 1356 44 50 fa-
