1860 2629
125.0 271.0 528.0 75.0 ya está la venganza hecha,

127.0 322.0 531.0 76.0 ya mi gusto está cumplido;

125.0 383.0 574.0 59.0 si hay alguno que se oponga,

125.0 433.0 522.0 70.0 salga á campaña conmigo,

129.0 486.0 572.0 77.0 porque al rigor de este brazo,

127.0 541.0 552.0 74.0 son pocos los de este siglo.»

164.0 593.0 401.0 77.0 El señor Corregidor

129.0 646.0 557.0 74.0 les dió aviso á sus ministros,

131.0 705.0 524.0 61.0 de que salgan á prenderla,

135.0 753.0 413.0 72.0 y acudieron infinitos.

177.0 814.0 413.0 62.0 A dos Alcaldes mató,

135.0 863.0 577.0 76.0 y hasta cinco ó seis ministros,

135.0 922.0 536.0 72.0 y con la espada en la mano

138.0 968.0 401.0 70.0 parecía un basilisco.

162.0 1025.0 454.0 76.0 Nadie le para delante,

135.0 1077.0 569.0 68.0 como á un toro embravecido:

138.0 1130.0 434.0 74.0 pidiendo favor al Rey,

138.0 1185.0 434.0 65.0 acudieron los vecinos,

138.0 1242.0 504.0 61.0 cuantos hay en la ciudad:

144.0 1294.0 505.0 73.0 y pienso que si no ha sido

142.0 1340.0 461.0 77.0 por una fuerte pedrada,

142.0 1406.0 513.0 61.0 que tiraron de un postigo,

144.0 1454.0 535.0 64.0 que la dieron en los pechos

144.0 1502.0 566.0 81.0 y en el suelo la han tendido;

142.0 1557.0 472.0 70.0 entonces se le arrojaron

142.0 1614.0 489.0 72.0 los agarrantes ministros,

144.0 1665.0 435.0 72.0 y el señor Corregidor,

144.0 1715.0 498.0 81.0 que era D. Pedro Jacinto,

144.0 1774.0 518.0 66.0 mandó llevarla á la cárcel,

144.0 1827.0 524.0 72.0 donde la cargan de grillos;

146.0 1886.0 448.0 61.0 le leyeron la sentencia

149.0 1936.0 519.0 59.0 dentro de Ciudad Rodrigo,

153.0 1982.0 456.0 77.0 y al tercer día la sacan

151.0 2048.0 476.0 68.0 á que pague sus delitos.

195.0 2090.0 524.0 70.0 Llegan al pié del patíbulo,

153.0 2144.0 570.0 75.0 que suba arriba le han dicho,

155.0 2203.0 522.0 68.0 y cuando estuvo en lo alto

921.0 262.0 458.0 68.0 á todo el concurso dijo:

925.0 319.0 566.0 73.0 « Padres los que teneis hijas,

923.0 381.0 458.0 59.0 no seais como los míos,

923.0 422.0 559.0 68.0 no estorbeis los matrimonios

925.0 481.0 500.0 64.0 que es sacramento divino

925.0 527.0 546.0 75.0 de nuestra madre la Iglesia,

925.0 587.0 527.0 63.0 dispuesto del Uno y Trino:

927.0 639.0 483.0 66.0 mirad en lo que me veo,

929.0 694.0 577.0 68.0 y en que trabajo me he visto,

932.0 751.0 528.0 68.0 pedidle á Dios me perdone,

934.0 799.0 491.0 75.0 y á todos perdón os pido.

976.0 850.0 418.0 72.0 Alzó los ojos al cielo,

936.0 907.0 423.0 70.0 y dijo: «Jesús divino,

936.0 961.0 432.0 70.0 por la sangre virginal

936.0 1018.0 526.0 66.0 que os vertieron los judíos,

936.0 1071.0 410.0 66.0 por la cruel bofetada

936.0 1119.0 474.0 70.0 de vuestro rostro divino

940.0 1180.0 402.0 66.0 y por toda la Pasión

938.0 1231.0 483.0 61.0 que padeciste, Dios mío,

938.0 1279.0 516.0 74.0 os pido que me perdoneis:

943.0 1340.0 546.0 64.0 pequé, Señor, mala he sido;

940.0 1393.0 492.0 63.0 mas vuestra misericordia

940.0 1439.0 525.0 70.0 es mayor que mis delitos.»

982.0 1498.0 463.0 64.0 Al verdugo le avisaron,

945.0 1551.0 507.0 70.0 para que hiciera su oficio,

945.0 1601.0 467.0 74.0 y al instante lo cumplió

947.0 1660.0 469.0 70.0 y quedó el cadáver frío,

945.0 1708.0 526.0 66.0 dando muestras de que fué

947.0 1768.0 524.0 63.0 á gozar del Cielo Empíreo.

989.0 1822.0 484.0 59.0 Esta es la vida y muerte

947.0 1866.0 515.0 81.0 de Sebastiana del Castillo,

949.0 1932.0 452.0 68.0 y de esta suerte acabó,

949.0 1982.0 568.0 64.0 de veinte años no cumplidos.

991.0 2033.0 522.0 74.0 Dios le dé eterno descanso

949.0 2087.0 404.0 64.0 en su santo Paraíso,

954.0 2142.0 482.0 66.0 y nosotros nos dé gracia

956.0 2199.0 515.0 66.0 por los siglos de los siglos.

804.0 2291.0 167.0 79.0 FIN

581.0 2418.0 592.0 114.0 Imps. Hospital, 19 «El Abanico»
