2148 3034
442.0 262.0 58.0 56.0 2

394.0 250.0 547.0 164.0 por las tapias de un jardin,

389.0 364.0 501.0 88.0 hizo avance, y reparando

384.0 404.0 493.0 91.0 era el alfombrado suelo

384.0 450.0 590.0 113.0 de aqueste hechizo descanso;

376.0 500.0 522.0 99.0 con las flechas de Cupido,

379.0 543.0 514.0 101.0 aunque no sin sobresalto,

371.0 594.0 474.0 96.0 con fino amor atropella

366.0 637.0 476.0 103.0 los términos del recato.

361.0 685.0 615.0 113.0 Entró en su cuarto, y apenas.

364.0 738.0 501.0 98.0 vido el sol tan á su salvo

361.0 781.0 461.0 93.0 con halagos la acaricia,

359.0 829.0 549.0 106.0 con finezas la ha templado.

359.0 882.0 488.0 86.0 Dijo entonces la señora

349.0 930.0 528.0 96.0 con semblante demudado:

344.0 986.0 579.0 80.0 ¿Qué es aquesto, caballero?

349.0 1031.0 612.0 111.0 mucho aquesta accion estraño;

341.0 1072.0 473.0 91.0 si buscais retraimiento

341.0 1130.0 498.0 86.0 el motivo es mi cuidado,

339.0 1178.0 538.0 88.0 siendo la ocasion disculpa

339.0 1213.0 581.0 104.0 todo está á vuestro mandato.

336.0 1261.0 552.0 111.0 Dijo el caballero entonces:

331.0 1317.0 498.0 93.0 Señora, vengo buscando

328.0 1370.0 466.0 86.0 todo mi total remedio,

326.0 1415.0 648.0 107.0 cuando en fino amor me abraso:

321.0 1466.0 481.0 91.0 y noros admire que yo

318.0 1506.0 587.0 104.0 haga aqueste esceso, cuando.

316.0 1559.0 531.0 94.0 solo pido á vuestras luces,

311.0 1608.0 577.0 93.0 me mantenga con sus rayos.

316.0 1648.0 453.0 91.0 Bien sabeis mi calidad,

303.0 1701.0 534.0 91.0 y que en el estrecho lazo

301.0 1752.0 541.0 91.0 del matrimonio se igualan

298.0 1790.0 549.0 103.0 las calidades de entrambos.

290.0 1840.0 572.0 99.0 Si os hizo Dios tan hermosa

288.0 1901.0 574.0 91.0 no estrañeis que mi cuidado

288.0 1946.0 536.0 89.0 se anticipo de esta suerte,

285.0 1992.0 549.0 93.0 no puedo mas remediarlo.

280.0 2035.0 410.0 86.0 Díjole así la señora:

278.0 2083.0 511.0 91.0 pues bajo de ese contrato

270.0 2136.0 618.0 101.0 (ya que habeis hecho el arrojo)

275.0 2179.0 552.0 96.0 á vuestro gusto me allano.

270.0 2224.0 534.0 97.0 Estos fueron los principios

260.0 2278.0 529.0 359.0 para que en estrecho lazo

1115.0 333.0 494.0 129.0 lográran del matrimonio

1115.0 412.0 413.0 86.0 el efecto consumado;

1108.0 455.0 498.0 108.0 siendo de los dos testigo

1108.0 508.0 394.0 76.0 un soberano retrato

1103.0 543.0 488.0 104.0 de la Virgen de la Paz,

1098.0 589.0 571.0 118.0 Madre del Verbo encarnado.

1095.0 644.0 473.0 99.0 Se efectuaron las bodas

1095.0 695.0 478.0 91.0 con el rumbo y aparato

1095.0 738.0 544.0 101.0 que en tal caso corresponde

1098.0 796.0 569.0 96.0 segun el porte de entrambos.

1095.0 834.0 453.0 98.0 Ya fenecidas las bodas,

1082.0 877.0 572.0 114.0 por mayordomo han tomado

1080.0 935.0 516.0 99.0 un mozo de gran despejo,

1075.0 986.0 526.0 96.0 que Alberto era llamado:

1075.0 1029.0 430.0 93.0 demonio debió de ser.

1072.0 1072.0 554.0 111.0 pues que entre dos casados

1070.0 1125.0 491.0 101.0 con su dañada intencion

1065.0 1165.0 420.0 104.0 introdujo tal estrago.

1065.0 1213.0 579.0 114.0 En este tiempo don Clandio.

1062.0 1261.0 506.0 104.0 le fué preciso ausentarse,

1067.0 1312.0 499.0 98.0 dejando su esposa y casa,

1065.0 1355.0 574.0 106.0 segun el rey lo ha mandado.

1049.0 1408.0 575.0 109.0 Dejó en casa al mayordomo,

1047.0 1456.0 481.0 96.0 juntamente dos criados,

1044.0 1501.0 565.0 109.0 para que á su esposa asistan

1039.0 1559.0 501.0 89.0 y se estén á su mandato;

1039.0 1608.0 499.0 88.0 tambien algunas criadas,

1037.0 1645.0 597.0 107.0 y á una dueña, que á su lado

1034.0 1693.0 451.0 97.0 no le falte á la señora,

1029.0 1747.0 595.0 106.0 que es de la virtud dechado.

1027.0 1797.0 448.0 84.0 Quedó la noble señora

1022.0 1845.0 584.0 89.0 con mucha pena y quebranto

1019.0 1893.0 592.0 101.0 por la ausencia de su esposo,

1017.0 1939.0 473.0 88.0 á quien estimaba tanto.

1017.0 1982.0 463.0 88.0 Doblemos aqui la hoja,

1014.0 2030.0 506.0 88.0 y vamos á que arrestado

1009.0 2083.0 531.0 91.0 el traidor del mayordomo,

1006.0 2131.0 529.0 91.0 con pecho falso y dañado

1001.0 2174.0 504.0 88.0 en lascivos pensamientos

1001.0 2217.0 532.0 101.0 quiso emplear su cuidado,

1001.0 2270.0 554.0 91.0 que quien tiene mala sangre

986.0 2321.0 516.0 343.0 obra en fin como villano.
