1753 2480
363.0 79.0 903.0 71.0 rneda se nos va del carril » he no vayamos

363.0 148.0 902.0 72.0 á partirnos los cascos contra estos barran-

361.0 210.0 442.0 65.0 cos.... ¡Gueno! gueno

541.0 261.0 509.0 66.0 « Un sol va en la verlina

545.0 322.0 433.0 63.0 « Y otro en el coche:

365.0 376.0 894.0 78.0 Macho! Macho!! en yegando á puesto voy

366.0 442.0 637.0 67.0 á jacer con la piel una papalina.

549.0 497.0 422.0 58.0 « Y otro en el coche

548.0 558.0 426.0 68.0 Donde irá el calesero

547.0 628.0 358.0 54.0 Con tantos soles?

365.0 669.0 889.0 76.0 Firme ala Torda! ay! ay! que sangre Peri-

372.0 739.0 889.0 71.0 quio! al teniente que le va oliendo el incen-

367.0 804.0 378.0 73.0 sario ala Coronela,

547.0 861.0 339.0 63.0 Ay que fortuna!

548.0 917.0 367.0 66.0 l'a pasar un eclise

548.0 980.0 423.0 61.0 « Quien fuera luna!!

545.0 1033.0 615.0 71.0 Cuando llevo un guen repuesto

549.0 1095.0 534.0 62.0 Y es de Jembras y no mas

548.0 1154.0 550.0 63.0 Con las niñas jecho el resto

548.0 1212.0 553.0 77.0 Con las viejas.... pasa allá!!

775 1771 115 79 FIN.

818 1860 347 175 (Es propiedad.)
