1753 2480
169.0 113.0 416.0 58.0 San Lúcas y Marcelino

169.0 157.0 444.0 51.0 Le dan frente al batallón

171.0 196.0 395.0 54.0 Se aparece San Simón

167.0 239.0 422.0 48.0 Como primer ayudante

171.0 276.0 515.0 52.0 Y en esta escuadra triunfante

173.0 322.0 546.0 54.0 Dan por armas la oración.

208.0 357.0 455.0 56.0 Marcha de tambor mayor

169.0 400.0 535.0 77.0 Con cajas, trompetas, clarines,

202.0 702.0 509.0 58.0 Con que amor y que ternura

171.0 752.0 389.0 45.0 Estaba mi buen Jesús

169.0 785.0 467.0 56.0 Pendiente de aquella cruz,

169.0 832.0 465.0 48.0 Sufriendo tanta amargura:

171.0 865.0 496.0 58.0 Le ha dicho á las criaturas;

169.0 909.0 407.0 68.0 Mira, tu Redentor soy,

171.0 950.0 360.0 54.0 Y dor tí la vida doy;

171.0 987.0 440.0 58.0 No reparo en tu maldad,

171.0 1033.0 403.0 60.0 Que por darte libertad,

175.0 1074.0 494.0 56.0 Preso en la cárcel estoy.

206.0 1113.0 420.0 48.0 De tormentos y fatigas,

169.0 1144.0 500.0 62.0 De cruz cargado y prisiones,

171.0 1192.0 471.0 50.0 Metido entre dos ladrones,

173.0 1229.0 463.0 52.0 Va el Redentor de la vida:

171.0 1264.0 399.0 58.0 Miró su Madre querida

169.0 1314.0 436.0 50.0 Que cayó del grave peso

171.0 1349.0 473.0 56.0 De la cruz, yo lo confieso,

173.0 1390.0 389.0 56.0 Y fué santa su agonía,

171.0 1436.0 403.0 58.0 Que Jesús dijo á María

173.0 1477.0 469.0 79.0 No tengo pena por eso.

603.0 491.0 486.0 58.0 Preso en la cárcel estoy,

603.0 539.0 459.0 52.0 No tengo pena por eso

605.0 580.0 552.0 52.0 Que no soy el primer preso

603.0 617.0 488.0 79.0 Ni dejo de ser quien soy

967.0 115.0 358.0 54.0 Angeles y serafines,

967.0 159.0 325.0 51.0 El seráfico doctor;

967.0 194.0 453.0 58.0 San Pedro y S. Salvador,

969.0 237.0 436.0 56.0 También en su derredor,

969.0 276.0 459.0 54.0 Se aparecen bien armados

969.0 326.0 451.0 48.0 Como sabios y discretos,

967.0 363.0 415.0 54.0 Son oficiales completos

979.0 398.0 561.0 79.0 Y andan buscando soldados.

1008.0 710.0 515.0 52.0 Hasta al Calvario ha llegado

971.0 744.0 473.0 55.0 Dónde con ansias mortales

969.0 791.0 399.0 52.0 De sus vestidos Reales

971.0 832.0 434.0 50.0 Fué mi Jesús despojado;

973.0 872.0 476.0 47.0 Alli fué en la cruz clavado.

973.0 911.0 440.0 56.0 Y sufriendo el duro peso,

971.0 946.0 378.0 56.0 Y no afligido por eso,

971.0 987.0 341.0 62.0 Dijo Jesús á María:

969.0 1031.0 418.0 54.0 Consuélese, Madre mía,

971.0 1074.0 564.0 58.0 Que no soy el primer preso.

1008.0 1116.0 494.0 49.0 Con fe y de esperanza lleno

969.0 1147.0 422.0 59.0 Dijo el buen ladrón así:

967.0 1192.0 384.0 52.0 Señor acordaos de mí

969.0 1233.0 550.0 54.0 Cuando esteis en vuestro reino;

973.0 1271.0 347.0 55.0 Y Jesús dijo sereno;

973.0 1310.0 467.0 60.0 Hoy conmigo has de venir

973.0 1359.0 416.0 50.0 A mi gran reino á vivir,

969.0 1395.0 318.0 55.0 El paraíso te doy;

971.0 1438.0 411.0 45.0 Aunque esclavo me ves

977.0 1475.0 561.0 75.0 No dejo de ser quien soy vo.

605.0 1564.0 558.0 64.0 Si por querer á otro quieres

605.0 1616.0 480.0 51.0 Que yo la muerte reciba

603.0 1655.0 409.0 50.0 Hágase tu voluntad

603.0 1684.0 544.0 87.0 Muera yo porque otro viva

971.0 1771.0 411.0 60.0 A puñaladas tu amante

975.0 1816.0 374.0 54.0 El alma te arrancará;

971.0 1857.0 436.0 56.0 Pero nó que es impiedad

971.0 1903.0 422.0 50.0 Que verdadero aperciba

973.0 1938.0 432.0 58.0 Tal pena, y dolor reciba,

973.0 1981.0 426.0 50.0 Viva tu hermosa deidad,

973.0 2019.0 376.0 53.0 Y por más razón será

971.0 2064.0 492.0 56.0 Que yo la muerte reciba.

1006.0 2105.0 422.0 50.0 Si me mataron los celos

969.0 2139.0 482.0 55.0 Viéndote en agenos brazos,

969.0 2186.0 451.0 52.0 Estrechada en otros lazos

969.0 2225.0 422.0 77.0 Un rayo caiga del cielo:

204.0 1769.0 443.0 60.0 Ingrata, cruel, homicida,

169.0 1818.0 413.0 46.0 Pido al cielo con enojo

171.0 1860.0 430.0 47.0 Muerta te vean mis ojos

169.0 1893.0 500.0 57.0 Con cuatro velas tendidas...

169.0 1934.0 451.0 58.0 Pero no, que eres mi vida

171.0 1977.0 416.0 52.0 Y dueña de tus haberes,

169.0 2023.0 475.0 49.0 Goza pues de tus placeres,

171.0 2066.0 492.0 54.0 Con el que más te merezca,

173.0 2101.0 430.0 52.0 Y ser yo el que padezca

171.0 2136.0 587.0 62.0 Si por querer á otro quieres.

208.0 2182.0 494.0 56.0 Por tu infamia y tu maldad,

173.0 2223.0 471.0 89.0 Falsa, alevosa, inconstante
