1134 1585
517 58 111 67 —14—

234 127 325 43 Ahora bien: prosigamos.

232 162 718 41 El bailío, sentándose á una mesa con el escribano, quien

192 200 758 38 sacó papel y tintero, constituyó así una especie de tribu-

190 234 760 46 nal bajo su presidencia para adquirir y saber la verdad del

192 268 110 43 hecho.

231 306 716 44 Juliana, al ver el sesgo formal que tomaban las cosas,

188 342 760 43 empezaba á sentir ya el haber dado ella pábulo con sus gri-

190 375 760 45 tos y exclamaciones á todo aquello: Gervasio estaba dado

188 414 761 38 al diablo por la trapisonda que habia movido su mujer; Mi-

191 446 759 45 guel, taciturno, veia y oia; Ana lloraba y Blas no se daba

188 483 762 43 cuenta de más sino que su madrina habia dicho que en la

190 520 288 37 casa habia un ladron.

222 552 726 46 —¿Quién es la encargada de sacar y guardar la plata?

192 589 473 43 preguntó el bailío ahuecando la voz.

222 624 331 37 —Ana, contestó Juliana.

219 656 516 43 —Está bien, y Ana no es de la familia.

232 692 715 45 —¿Qué es esto?... ¿sospechais de mí?... ¡Dios mio!... dijo

194 728 515 43 la doncella prorrumpiendo en lágrimas.

233 763 714 42 Pero al tratar de enjugarlas sacó su pañuelo del bolsillo

192 797 755 42 dejando caer el dinero que hubo recibido del buhonero y que

192 833 396 43 envuelto en un papel llevaba.

221 866 726 46 —¡Hola! ¡dinero!... murmuró el bailío; ya está patente

191 902 489 41 el hecho; este dinero es el producto...

234 936 711 46 Y el bailio sonreia ante la idea de que aquel crímen le

190 973 632 39 entregaba á su poder la doncella á quien amaba.

218 1007 285 40 —Ese dinero es mio.

217 1041 728 42 —Tiene razon; yo se lo he visto adquirir, añadió Blas

189 1076 756 44 indignado ante la idea de que hubiera quien sospechare

190 1113 126 40 de Ana.

223 1145 384 44 —¿Y cuál es su procedencia?

225 1179 720 45 Entonces Blas explicó que aquel dinero venia de un cu-

189 1216 753 44 bierto que aquella misma mañana habia vendido la jóven.

230 1252 714 43 Pero fuerza es confesar que aquel cúmulo de extrañas

186 1287 751 44 coincidencias acriminaban á la muchacha en vez de sal

189 1325 756 42 varla. Efectivamente, á Juliana le faltaba un cubierto; Ana

187 1361 757 41 habia vendido uno aquella misma mañana. Además, su

188 1393 754 52 turbacion, sus palabras balbuceantes daban mayor colori-
