913 1358
174 34 298 24 Estaba Nabucodonosor

132 54 341 39 en la flor de su edad, y

134 84 340 41 en el vigor de sus Conquis-

132 117 340 37 tas, quando tuvo un mys-

132 148 341 36 terioso consejo, en que to-

132 178 341 34 mó la resolucion de sojuzgar

134 208 339 36 todo el mundo. Despues de

131 239 341 37 una breve conclusion para

131 270 341 38 un negocio de tanta impor-

130 299 342 35 tancia, llamó á Holofernes,

134 329 338 36 y le dió orden marchase á

131 359 342 37 la parte del Occidente con

133 390 340 38 un Ejercito de cien mil

132 422 341 38 Infantes, y doce mil cava-

131 451 342 34 llos. Juntaronse todos los

132 480 344 39 Capitanes, y por todas par-

131 512 345 34 tes parecian hormigueros los

130 542 346 38 soldados, como si á este va-

135 573 341 35 liente General no le costase

129 603 347 33 mas que dar con el pie en el

129 632 347 40 suelo para hacer nacer los

129 663 347 37 hombres. Veisle aqui á este

129 691 347 38 hombre esforzado rodeado

126 724 345 33 de todas las Legiones, que

129 752 347 38 echaban de sí fuego, y cen-

130 781 85 38 tellas.

175 811 301 42 Estaba yá su Ejercito

129 844 347 35 con gran tren, y aparato de

130 872 346 38 viveres, y municiones. Pare-

129 902 347 38 cia que el Cielo le miraba

130 934 346 35 con asombro, y que la tier-

132 962 344 37 ra temblaba á cada paso con

132 994 344 34 el ruido de sus armas. Su

131 1023 345 38 marcha atemorizaba á los

133 1054 345 34 mas osados, y daba recelos

134 1083 344 37 de su ruina á los mas debiles.

135 1112 343 35 Delante de él caminaban el

137 1142 341 38 rayo, el horror, y las ame-

138 1173 340 50 nazas ; y despues seguian

493 37 346 24 los llantos, las ruinas, y sa-

495 54 345 38 queos. Marchaba Holofernes

492 83 346 44 en medio como un Gigante

492 116 350 37 de cien brazos, que se pro-

492 148 350 37 mete derribar las Ciudades

492 178 347 35 abrasadas, trastrocar las

492 208 345 37 montañas, y volver en polvo

489 237 352 43 todas las armas con los rayos

493 268 348 40 de sus ojos. No se veian si-

493 301 348 33 no Embajadores de todas

491 333 350 35 Naciones á su puerta, que

493 361 347 35 le presentaban Coronas, le

498 390 339 39 ofrecian cirios, é inciensos,

498 422 344 38 le pedian la paz, y miseri-

498 452 344 33 cordia, y le suplicaban les

495 483 345 37 concediese la servidumbre:

492 514 347 37 pero este soberbio General,

496 539 343 43 reusandolo todo, dispuso el

489 571 349 38 marchar sobre las cabezas

498 602 342 34 de los hombres, y hacer un

498 632 342 43 rio de sangre para teñir sus

493 663 106 40 palmas.

536 692 312 39 La fama que con cien

491 723 348 32 bocas publicaba los destro-

500 752 342 39 zos que iba por rodas partes

495 783 5 35 haciendo este diluvio de

500 811 339 42 hombres, llegó á Jerusalén,

500 844 340 35 y dió las tristes nuevas al

500 872 342 37 Pueblo de Dios.No se oia á la

500 903 338 39 sazon sino suspiros, y gemi-

500 934 339 36 dos de un Pueblo medroso,

500 963 338 37 que viendo desde lejos venir

500 994 338 33 esta horrible tempestad, no

500 1023 338 38 tenia, ni corazon ni armas

497 1053 339 34 para oponerse. Los animos

497 1084 339 37 estaban abatidos, las manos

497 1114 339 35 desmayadas, y las lenguas

497 1142 338 37 mudas. No tenian mas de-

497 1173 339 46 fensa que las lagrimas que

779 1204 56 41 der-
