1114 1562
477 105 104 43 — 29—

402 290 254 65 CONCLUSION.

151 492 765 15 Tres dias después de los sucesos referidos y que constitu-

139 498 777 39 yen los episodios más interesantes de esta historia, entraba en

137 528 779 38 la ciudad de Tierra Firme la victoriosa columna mandada por

136 562 780 35 la hermosa Rosaura y su hermaao Juan de Ortega, en medio

136 588 780 36 de un gentío inmenso y de las aclamaciones de la multitud.

134 616 782 41 El Gobernador de la plaza, que era un bravo y discreto caba-

134 649 782 38 llero, cuya gallardía corria parejas con su nobleza y dignidad,

134 677 782 38 no tuvo palabras suficientes para encomiar la prudencia, el va-

135 705 781 39 lor y el talento de Rosaura, á la cual se debia el brillante y fe-

134 736 783 39 liz resultado de la expedicion, en la que no solamente queda-

134 766 782 40 ban duramente escarmentados los piratas ó ladrones de mar,

133 799 782 34 sino que quedaba rescatado el tesoro que estos tanto habian co-

131 826 785 42 diciado; como tambien el navío San Pablo y el bergantin pi-

131 858 202 37 rata el Milano.

171 880 741 42 Todo el mundo se hacia lenguas de las heroicidades de Ro-

131 914 781 39 saura; así es que las gentes acudian á su paso, mientras ella

131 948 781 36 marchaba montada noblemente á caballo, correspondiendo con

132 974 782 40 modestos saludos á los de la multitud, pudiendo decirse que

131 1003 781 41 solamente ella era el sol que deslumbraba en medio de aquel

132 1034 243 41 gran concurso.

173 1057 742 43 El Gobernador, montado tambien á caballo, la puso á su

131 1089 785 40 derecha, y así entró la corumna en Tierra Firme al compás del

131 1120 783 39 repique de las campanas y de las descargas de la mosquetería

132 1152 360 41 que saludaba aquel triunfo.

174 1175 738 42 La marcha estaba organizada en los siguientes términos.

131 1211 785 37 En primer lugar iban los de á caballo, á seguida caminaba el

131 1238 784 39 Gobernador, Rosaura, su hermano y una gran comitiva que de

130 1267 786 37 la ciudad habia salido, y despues la columna, llevando los pri-

130 1296 782 59 sioneros y el tesoro que tan singularmente habia sido res-

133 1326 172 49 catado.
