1860 2629
197.0 135.0 447.0 79.0 Vuélvese luego á la plaza

151.0 199.0 410.0 61.0 el jaque aún blasonaba,

151.0 238.0 456.0 59.0 pero era de noche y llovía

153.0 284.0 404.0 55.0 y la gente se marchaba

188.0 319.0 426.0 60.0 Sigue Juana al jaqueton,

151.0 361.0 480.0 57.0 y al entrar en calle obscura

149.0 403.0 425.0 54.0 cogiéndole del pescuezo

151.0 444.0 403.0 53.0 del valiente se asegura.

193.0 475.0 425.0 68.0 Y le dice: «yo soy Juana,

149.0 521.0 511.0 57.0 venga usté aquí señor guapo,

144.0 563.0 329.0 54.0 al oir esto, escapar

140.0 602.0 439.0 61.0 quisiera como un gazapo,

193.0 637.0 342.0 59.0 Pero Juana de furor

142.0 687.0 439.0 55.0 encendida, nada mengua

149.0 718.0 423.0 59.0 y apretándole el gaznate

138.0 758.0 430.0 63.0 le saca y corta la lengua.

177.0 799.0 413.0 57.0 Cae tendido en el suelo

133.0 843.0 474.0 59.0 sin que pueda dar un grito,

138 891 344 48 y Juana le deja alií

133.0 926.0 435.0 55.0 el papel que trae escrito.

177.0 961.0 498.0 66.0 «Para escarmiento á la gente

138 1007 467 55 »vil, charlatana y medrosa,

135.0 1045.0 503.0 67.0 »dejé á este jaque sin lengua,

133 1088 430 51 »yo, Juana la Valerosa».

168 1130 349 46 Alborotóse otra vez

127.0 1156.0 434.0 70.0 Madrid con tal ateotado

129.0 1209.0 461.0 59.0 pero el prender á la Juana

131.0 1250.0 421.0 55.0 es siempre caso negado.

164.0 1290.0 401.0 59.0 Gente hay que negaría

122.0 1329.0 494.0 59.0 su existencia y que pretende

127.0 1375.0 388.0 51.0 que Juana la Valerosa

122.0 1406.0 478.0 61.0 es algún demonio ó duende

164.0 1443.0 338.0 66.0 Pero no, era mujer

120.0 1489.0 529.0 57.0 que enamorada tie un hombré

120.0 1527.0 434.0 63.0 la perdió sin compasión

120.0 1570.0 524.0 64.0 oir jaunque el hecho asombre!

164.0 1612.0 423.0 59.0 Como Juana nunca tuvo

125.0 1654.0 454.0 59.0 propicio al Dios del amor,

120.0 1695.0 452.0 57.0 amó otra vez á un ingrato

118.0 1732.0 461.0 75.0 que cual Judas fué traidor

954.0 208.0 447.0 63.0 delató á su tierna amante

997.0 151.0 365.0 74.0 Ambicioso de dinero

960.0 254.0 439.0 59.0 y el premio de su perfidia

962.0 306.0 408.0 42.0 recibió en oro contante.

951.0 368.0 419.0 59.0 la causa fué sustanciada

995.0 328.0 415.0 61.0 Presa juana desde luego

956.0 414.0 381.0 57.0 y conforme era de ver

949.0 455.0 426.0 57.0 á muerte fué condenada.

947.0 534.0 447.0 61.0 se quedó tan so prendida,

995.0 490.0 364.0 62.0 Al leerle la sentencia

947.0 573.0 502.0 57.0 que sólo exclamó: ¡Dios míol

954.0 615.0 436.0 55.0 quedando juana sira vida.

945.0 690.0 445.0 65.0 de su propio puño escrito,

991.0 650.0 491.0 64.0 Se le halló un pliego cerrado

945.0 731.0 428.0 62.0 que iba dirigido al padre

943.0 777.0 427.0 59.0 del desdichado Panchito,

991.0 810.0 371.0 64.0 En él decia: «Cuando

943.0 856.0 307.0 61.0 á vos sea dirigida

947.0 900.0 417.0 53.0 esta cazta habré pagado

943.0 939.0 454.0 57.0 yo ya el tributo de la vida.

938.0 1018.0 472.0 64.0 de lo que le haya ofendido,

989.0 974.0 473.0 64.0 Y habré á Dios cuenta dado

938.0 1053.0 441.0 64.0 y desde ahora os perdono

947.0 1097.0 447.0 61.0 a parte que habeis tenido.

978.0 1137.0 498.0 63.0 De vuestro hijo contrariando

938.0 1176.0 378.0 61.0 os inocentes amores..

936.0 1215.0 502.0 66.0 fuisteis parte en su desgracia,

936.0 1259.0 480.0 59.0 fuisteis parte en mis errores,

976.0 1299.0 401.0 57.0 Pero repito os perdono

932.0 1342.0 509.0 62.0 porque tan sólo es mi intento,

934.0 1384.0 421.0 55.0 el que sirva mi desdicha

932.0 1421.0 484.0 60.0 á los padres de escarmiento.

978.0 1456.0 458.0 68.0 A los pacires que abusando

934.0 1500.0 375.0 57.0 de su grave autoridad

932.0 1544.0 432.0 53.0 pretenden dar á sus hijos

929.0 1588.0 347.0 52.0 estado sin voluntad.

976.0 1619.0 432.0 65.0 Y lo mismo también digo

927.0 1660.0 454.0 66.0 al que esta mi historia lea,

932.0 1702.0 513.0 70.0 y ruego á Dios nos dé á todos

934.0 1746.0 465.0 68.0 su santa gloria.—Así sea.»

761.0 1954.0 158.0 101.0 FIN

532.0 2269.0 595.0 138.0 Imps. Hospital. 19 «El Abanico».
