1753 2480
78.0 97.0 476.0 89.0 pues pera pogué menjá

78.0 169.0 461.0 60.0 vinch aqui á baladrejá.

78.0 208.0 507.0 62.0 com no vull mal á ningú

76.0 248.0 533.0 70.0 me agrada parlá ab comú:

76.0 305.0 498.0 52.0 Si ab aixó tots y ballém,

74.0 353.0 579.0 52.0 com mes serém mes riurém.

78.0 384.0 523.0 58.0 Ya sabeu que home de bé

70.0 429.0 506.0 69.0 no ni ha cap de verdadé,

68.0 471.0 593.0 68.0 qui no te una falta 'n te dos;

72.0 529.0 595.0 55.0 si es rich, potsé no es piadós

70.0 560.0 484.0 72.0 ó de la miseria 's enriu

72.0 607.0 393.0 64.0 per no se caritatiu,

70.0 651.0 634.0 68.0 ó 's creu que al mon ha vingut

72.0 702.0 473.0 58.0 pera se un rey absolut,

66.0 739.0 496.0 69.0 ó desendeix de una pell

74.0 787.0 490.0 60.0 que ningú la te com ell.

72.0 830.0 583.0 62.0 Y anquets lus pasa una cosa

72.0 876.0 581.0 64.0 que tutom luegu 'ls fa nosa:

70.0 917.0 709.0 70.0 pues que no hu prenguin en riure

74.0 975.0 626.0 60.0 que sens altres no 's pot viure,

72.0 1020.0 451.0 48.0 y ha de contá de segú

70.0 1058.0 612.0 64.0 que un home sol no es ningú,

72.0 1105.0 541.0 60.0 perque aquell que no fa ré

70.0 1153.0 498.0 56.0 los altres tot li an de fé,

66.0 1196.0 388.0 52.0 y si ningú re li fes

66.0 1227.0 411.0 64.0 podría menjá dinés.

59.0 1273.0 530.0 62.0 Lo treball es lo que dona

70.0 1322.0 494.0 64.0 lo sustento a la persona

70.0 1376.0 459.0 54.0 ¡Ya estariam arreglats

68.0 1409.0 452.0 66.0 si tots estesim parats!

70.0 1448.0 453.0 62.0 Ya sertam ben amichs

66.0 1490.0 593.0 82.0 si acás tots fosim ben richs...

68.0 1543.0 457.0 58.0 Com ningú treballaria

62.0 1581.0 432.0 76.0 de teca no ni hauria,

66.0 1643.0 399.0 47.0 ni roba pera vestir.

72.0 1674.0 484.0 62.0 Ya fora un cas ben felis

66.0 1723.0 502.0 60.0 lo veure a tothom nuhet

64.0 1764.0 448.0 58.0 y tremolán si fes fret.

66.0 1810.0 566.0 58.0 Que se 't veu alguna cosa...

64.0 1855.0 456.0 60.0 que ti parin una llosa,

59.0 1899.0 563.0 70.0 y aquell que 'l agafa es seu

62.0 1942.0 520.0 60.0 segons va dir San Mateu.

64.0 1990.0 578.0 58.0 De casas tampoch ni hauria!

57.0 2029.0 585.0 74.0 ¿donchs y al día que plouria

59.0 2081.0 420.0 60.0 ó nevaría ó fes vent?

64.0 2118.0 527.0 80.0 sense un piset ben calent,

59.0 2167.0 447.0 65.0 no ho podriam resistí

66.0 2211.0 469.0 192.0 y ' ns hauriam de mori.

952.0 99.0 555.0 93.0 Esteu ben desprehocupats,

955.0 165.0 498.0 66.0 que las grans necesitats

952.0 217.0 488.0 62.0 no las podém dispensá,

952.0 254.0 523.0 64.0 y aixi se han de respectá.

959.0 291.0 570.0 68.0 Ya veyeu, la rahó 'm sobra:

957.0 349.0 624.0 66.0 ya que un es rich, laltre pobre

952.0 386.0 490.0 66.0 y 'l mon avuy está així,

950.0 436.0 478.0 55.0 al que 'l te de manteni

955.0 479.0 614.0 60.0 que 'l tractin ab més cordura;

952.0 527.0 594.0 57.0 que avuy, tan sols amargura

955.0 568.0 413.0 58.0 donan sense posá fé

948.0 611.0 602.0 66.0 á 'n aquell que tot ho manté.

950.0 648.0 540.0 67.0 Los que no treballan gens

950.0 704.0 550.0 58.0 prenen molt bons alimens,

952.0 744.0 453.0 70.0 y 'l que te de treballá

948.0 787.0 544.0 68.0 ab prou feynas pot menjá.

950.0 832.0 503.0 69.0 Aixó es lo mon al revés;

952.0 872.0 569.0 66.0 perque aquell que no fa rés

955.0 927.0 587.0 62.0 ab poch menjá ja 'n te prou;

950.0 967.0 683.0 70.0 mentres que ara 's menja un bon

955.0 1010.0 471.0 66.0 y l' infeliz que treballa

948.0 1058.0 480.0 55.0 se te de menjá la palla;

948.0 1097.0 635.0 76.0 y 'ls diuhen que son contraris,

948.0 1149.0 468.0 62.0 que son revolusionaris

946.0 1194.0 548.0 60.0 que son cafres desentesus:

946.0 1240.0 616.0 66.0 Aixó hu diuhen los burgesus,

952.0 1285.0 505.0 58.0 y es clá, lo pobre apurat

950.0 1324.0 548.0 60.0 tan vé, que fa un disbarat.

942.0 2219.0 432.0 87.0 ya podeu aná xiulán;

950.0 1366.0 588.0 68.0 Las lleys claras ¿quinas son?

942.0 1415.0 569.0 60.0 que tots em vingut al mon,

948 1467 623 52 tant los richs com los pobrets,

946.0 1502.0 511.0 56.0 tots varem naixe nuhets:

944.0 1537.0 653.0 70.0 ¿pues perque no ya drets iguals

946.0 1593.0 503.0 56.0 havent nascut racionals?

944.0 1632.0 569.0 70.0 Un que sempre ha treballat

946.0 1682.0 525.0 54.0 ne tingui de aná á soldat.

946.0 1723.0 571.0 64.0 ¡Y aquell que may ha fet re

946.0 1775.0 492.0 58.0 se 'n escapi tan lleujé!!!

948.0 1816.0 592.0 54.0 ¡Que es trist, rahó ó no rahó

944.0 1853.0 538.0 77.0 vagi 'l pobre á la presó...!

946.0 1903.0 496.0 62.0 Pero sabeu y entengueu

938.0 1948.0 622.0 62.0 que y aurá un castich de Déu.

944.0 1990.0 577.0 60.0 Déu va dí:.. siguéu jermans

938.0 2035.0 506.0 64.0 y que may y aigi tirans;

944.0 2087.0 449.0 64.0 ab tota l' anima y cor

944.0 2132.0 536.0 71.0 porteuse tots gran amor...

940.0 2170.0 411.0 59.0 poro si, ja avisarán,
