1860 2629
1083.0 315.0 233.0 96.0 (Núm. 50.)

594.0 433.0 480.0 79.0 EL NIÑO SABIO.

399.0 1489.0 875.0 79.0 NUEVA RELACION

168.0 1583.0 1321.0 88.0 en la que se refiere como un niño de seis años esplicó la fealdda

173.0 1636.0 1344.0 72.0 del pecado mortal y sus consecuencias, con algunos pasajes de la

173.0 1691.0 1320.0 63.0 Sagrada Escritura, consiguiendo que veinte y cinco bandidos se

168.0 1730.0 1325.0 105.0 volviesen á Dios, é hiciesen penitencia de sus culpas y pecados.

199.0 1936.0 459.0 75.0 Dios Padre, Rey sempiterno,

171.0 1987.0 419.0 50.0 me dé su auxilio sagrado;

171.0 2022.0 419.0 59.0 Dios Hijo me dé su gracia,

177.0 2057.0 327.0 48.0 y Dios Espiritu Santo

166.0 2079.0 353.0 61.0 ilumine mis potencias

173.0 2122.0 346.0 55.0 y purifique mis labios,

171.0 2155.0 388.0 62.0 para que acierte á contar

171.0 2197.0 364.0 46.0 el mas prodigioso caso,

171.0 2228.0 401.0 54.0 la historia mas peregrina

166.0 2263.0 509.0 81.0 que en los anales se ha hallado.

166.0 2304.0 402.0 103.0 Oigan todos los vivientes,

855.0 1945.0 461.0 53.0 los que de doctos preciados

859.0 1982.0 463.0 62.0 siguen las huellas del mundo,

859.0 2017.0 395.0 51.0 sus devaneos y engaños.

862.0 2050.0 451.0 59.0 Oigan, pues, vuelvo á decir,

862.0 2092.0 421.0 48.0 lo que un niño de seis años

859.0 2125.0 318.0 48.0 en este papel ofrece

859.0 2151.0 389.0 59.0 para nuestro desengaño.

859.0 2195.0 408.0 52.0 En la ciudad de Valencia,

859.0 2230.0 424.0 46.0 segun noticia me han dado

859.0 2263.0 384.0 52.0 vivia Luis de La-Puente

857.0 2289.0 406.0 94.0 con Juana Nuñez casado.
