1753 2480
194.0 99.0 442.0 66.0 lloro como un afligido

196.0 157.0 448.0 53.0 los males de mi penar,

196.0 198.0 537.0 62.0 amor son del dios Cupido.

239.0 237.0 486.0 60.0 Que te dejo, bien se vé:

196.0 289.0 498.0 56.0 pero no más por un rato,

198.0 336.0 455.0 52.0 otra vez te encontraré:

198.0 374.0 484.0 64.0 por no ser un mentecato

198.0 423.0 463.0 62.0 firme como el sol seré.

221.0 543.0 436.0 68.0 Adiós perta de valor,

198.0 597.0 508.0 62.0 adiós hermoso diamante

200.0 651.0 432.0 51.0 adios Luna plateada

196.0 692.0 550.0 64.0 por tí se pierde un amante.

243.0 752.0 445.0 66.0 Hago tejer con primor

200.0 816.0 422.0 54.0 una corona de flores,

202.0 857.0 494.0 56.0 y me ausento de tu amor

202.0 907.0 469.0 49.0 al decir con mis dolores

200.0 942.0 428.0 58.0 adiós perla de valor.

245.0 981.0 515.0 70.0 Siempre te seré constante

200.0 1037.0 564.0 56.0 como el cielo a las estrellas,

204.0 1072.0 492.0 62.0 y al ver la tuya radiante,

204.0 1122.0 447.0 60.0 te creo junta con ellas,

204.0 1171.0 513.0 48.0 adios hermoso diamante.

243.0 1213.0 472.0 55.0 Cuando fijas tu mirada,

204.0 1252.0 471.0 64.0 ¡qué acero tus ojos son!

204.0 1304.0 486.0 53.0 me siento una cuchillada

202.0 1349.0 492.0 52.0 que me parte el corazón,

204.0 1392.0 451.0 56.0 adios Luna plateada.

256.0 1438.0 508.0 52.0 Yo creo que es abundante

204.0 1477.0 482.0 66.0 el amor que tengo en tí,

208.0 1521.0 403.0 66.0 y cual loco delirante

206.0 1570.0 387.0 60.0 te digo con frenesí,

206.0 1616.0 548.0 72.0 por ti se pierde un amante.

256.0 1742.0 419.0 74.0 Ya me despido de tí,

206.0 1798.0 486.0 66.0 ya de ti me ausento yo,

208.0 1847.0 451.0 64.0 ya te dejo prenda míd

208.0 1895.0 474.0 70.0 que la hora fatal sono.

254.0 1950.0 508.0 81.0 No sé lo que siento en mí

210.0 2015.0 468.0 51.0 si me miras con enojos,

210.0 2052.0 412.0 103.0 te adoro con frenesi,

944.0 99.0 509.0 62.0 y con el llanto en los ojos

942.0 144.0 418.0 66.0 ya me despido de tí.

942.0 233.0 461.0 66.0 no te afliges por favor,

988.0 186.0 459.0 64.0 No llores, no llores no,

946.0 287.0 341.0 54.0 la felicidad llegó:

946.0 318.0 501.0 66.0 pues teniendo tu mi amor

942.0 374.0 488.0 62.0 ya de tí me ausento yo.

988.0 415.0 490.0 60.0 Cuan dichoso será el día

946.0 467.0 449.0 62.0 que tu podrás consolar

946.0 514.0 343.0 48.0 esa loca fantasía;

944.0 547.0 488.0 60.0 no llores, que con penar

946.0 593.0 465.0 68.0 ya te dejo prenda mia.

994.0 640.0 405.0 58.0 Viva la estrella salió

946.0 686.0 434.0 55.0 en el alto firmamento;

948.0 715.0 517.0 70.0 no me olvides, prenda no,

946.0 768.0 573.0 60.0 me voy con gran sentimiento

946.0 818.0 476.0 81.0 que la hora fatal sonó.

992.0 977.0 515.0 62.0 Adiós pimpollo del alma,

948.0 1023.0 515.0 62.0 cutis de fortola hermosa,

955.0 1074.0 552.0 62.0 Venus que matas mi pecho,

948.0 1111.0 484.0 73.0 adios bálsamo de rosa.

994.0 1188.0 539.0 68.0 Dejo el martirío a su palma

950.0 1237.0 414.0 62.0 creyéndome feliz ya;

950.0 1289.0 476.0 58.0 respira con dulce calma

950.0 1328.0 484.0 60.0 el amante que aquí está;

952.0 1374.0 507.0 64.0 adiós pimpollo del alma.

998.0 1419.0 438.0 56.0 Adiós seductora diosa

955.0 1463.0 458.0 62.0 y consuelo de afligidos,

952.0 1514.0 445.0 62.0 serás conmigo dichosa

952.0 1560.0 519.0 56.0 cuando estaremos unidos,

952.0 1597.0 511.0 58.0 cutis de tortola hermosa.

996.0 1649.0 562.0 64.0 Queda tranquila en tu lecho,

952.0 1686.0 495.0 60.0 que me voy a descansar,

955.0 1725.0 531.0 75.0 muy contento y satisfecho:

955.0 1775.0 382.0 58.0 eres para enamorar

961.0 1822.0 552.0 58.0 Venus que matas mi pecho.

996.0 1872.0 446.0 56.0 La despedida amorosa

955.0 1917.0 487.0 56.0 es la que te canto ahora,

955.0 1961.0 485.0 54.0 la más fresca y salerosa;

957.0 2008.0 481.0 54.0 más pura y encantadora;

957.0 2043.0 479.0 85.0 adios balsamo de rosa.
