1753 2480
436 1306 835 140 LA GITANILLA

158 1445 400 65 Aquí está la gitanilla

121 1489 426 63 la de la buena ventura

125 1532 378 59 y decir verdá te jura

121 1572 530 64 porque es cosa muy senciya.

157 1614 406 47 Dame do cuarto zalao

124 1651 398 54 y escucha la gitanilla

124 1693 363 55 te diré cual é tu via

119 1733 447 58 en ese mundo arrastrao.

166 1773 473 59 Veo una cruz en tu mano

119 1821 513 44 que ezplica clara tu zuerte:

119 1857 528 56 too el mundo ha de quererte

119 1899 532 58 po que eres noble y humano.

158 1937 451 56 En tus ojos estoy viendo

117 1971 562 68 que á ti muchas te han gustao

118 2015 502 62 por mi no hay na reservao,

118 2055 488 61 po que todas las entiendo.

161 2096 364 56 Si te casas hijo mio

119 2134 536 77 tendrás niños muy hermosos

842 1460 481 56 los mas lindos y graciosos

840 1504 511 48 que este mundo a conocido.

883 1544 430 52 Con tu mujer sobre too

842 1584 463 52 has de tener gran cuidao

842 1623 402 48 que para verte buriao

839 1662 512 60 se valdrá de cualquier moo.

880 1705 324 48 Te verás afavorío

839 1740 410 56 si tu no corres la tuna

842 1781 468 56 tendrás una gran fortuna

844 1825 383 57 y estarás enriquecio.

877 1872 444 48 Si buscas otras mujeres

842 1905 449 56 serás tu muy desgraciao

843 1946 463 55 porque too hombre casao

842 1984 496 56 ha de cumplir sus deberes.

879 2028 514 57 Adios adios que yo me largo

842 2069 395 51 y piensa en la gitania

840 2112 416 45 que en esta picara via

840 2142 498 59 lo durce se güerve amargo.

119 2259 1449 83 Se halla de venta en casa Juan Grau, calle del Metje Fortuny, núm. 5. REUS.
