<?xml version="1.0" encoding="UTF-8"?>
<alto xmlns:xsi="http://www.w3.org/2001/XMLSchema-instance"
      xmlns="http://www.loc.gov/standards/alto/ns-v4#"
      xsi:schemaLocation="http://www.loc.gov/standards/alto/ns-v4# http://www.loc.gov/standards/alto/v4/alto-4-2.xsd">
  <Description>
    <MeasurementUnit>pixel</MeasurementUnit>
    <sourceImageInformation>
      <fileName>Varios_451_17.jpg</fileName>
      
    </sourceImageInformation>
  </Description>
  
  <Tags>
    <OtherTag ID="BT1276" LABEL="CustomZone:impresorNum" DESCRIPTION="block type CustomZone:impresorNum"/><OtherTag ID="BT1277" LABEL="CustomZone:numero_pliego" DESCRIPTION="block type CustomZone:numero_pliego"/><OtherTag ID="BT1278" LABEL="CustomZone:title" DESCRIPTION="block type CustomZone:title"/><OtherTag ID="BT1279" LABEL="GraphicZone:illustration" DESCRIPTION="block type GraphicZone:illustration"/><OtherTag ID="BT1280" LABEL="GraphicZone:ornamentation" DESCRIPTION="block type GraphicZone:ornamentation"/><OtherTag ID="BT1281" LABEL="MainZone" DESCRIPTION="block type MainZone"/><OtherTag ID="BT1282" LABEL="MarginTextZone:colophon" DESCRIPTION="block type MarginTextZone:colophon"/><OtherTag ID="BT1283" LABEL="MainZone:columns" DESCRIPTION="block type MainZone:columns"/><OtherTag ID="BT1284" LABEL="MarginTextZone:note" DESCRIPTION="block type MarginTextZone:note"/><OtherTag ID="BT1285" LABEL="MusicZone" DESCRIPTION="block type MusicZone"/><OtherTag ID="BT1286" LABEL="NumberingZone:page" DESCRIPTION="block type NumberingZone:page"/><OtherTag ID="BT1287" LABEL="QuireMarksZone:catchwords" DESCRIPTION="block type QuireMarksZone:catchwords"/><OtherTag ID="BT1288" LABEL="QuireMarksZone:signature" DESCRIPTION="block type QuireMarksZone:signature"/><OtherTag ID="BT1289" LABEL="RunningTitleZone" DESCRIPTION="block type RunningTitleZone"/>
    <OtherTag ID="LT475" LABEL="DefaultLine" DESCRIPTION="line type DefaultLine"/><OtherTag ID="LT476" LABEL="CustomLine:propriedad" DESCRIPTION="line type CustomLine:propriedad"/><OtherTag ID="LT477" LABEL="CustomLine:trailer" DESCRIPTION="line type CustomLine:trailer"/><OtherTag ID="LT478" LABEL="HeadingLine" DESCRIPTION="line type HeadingLine"/>
  </Tags>
  
  <Layout>
    <Page WIDTH="1133"
          HEIGHT="1579"
          PHYSICAL_IMG_NR="248"
          ID="eSc_dummypage_">
      <PrintSpace HPOS="0"
                  VPOS="0"
                  WIDTH="1133"
                  HEIGHT="1579">
        
        <TextBlock HPOS="432"
                   VPOS="48"
                   WIDTH="178"
                   HEIGHT="94"
                   ID="block_4"
                   TAGREFS="BT1286">
          <Shape><Polygon POINTS="610 48 610 142 432 142 432 48"/></Shape>
          
          
          <TextLine ID="line_0"
                    TAGREFS="LT475"
                    BASELINE="481 119 583 120" 
                    HPOS="480"
                    VPOS="93"
                    WIDTH="103"
                    HEIGHT="42">
            <Shape><Polygon POINTS="480 125 496 125 498 127 507 134 507 135 508 135 509 135 509 135 582 127 583 120 583 103 522 94 521 94 520 94 514 96 500 101 482 93 481 119 480 125"/></Shape>
	    <String CONTENT="— 17—"
                    HPOS="480"
                    VPOS="93"
                    WIDTH="103"
                    HEIGHT="42"></String>
          </TextLine>

          
        </TextBlock>
        
        <TextBlock HPOS="122"
                   VPOS="146"
                   WIDTH="832"
                   HEIGHT="346"
                   ID="block_0"
                   TAGREFS="BT1281">
          <Shape><Polygon POINTS="954 146 954 492 122 492 122 146"/></Shape>
          
          
          <TextLine ID="line_1"
                    TAGREFS="LT475"
                    BASELINE="184 158 903 159" 
                    HPOS="183"
                    VPOS="146"
                    WIDTH="720"
                    HEIGHT="32">
            <Shape><Polygon POINTS="903 146 894 146 885 146 876 146 867 146 859 146 850 146 841 146 832 146 824 146 815 146 806 146 797 146 788 146 780 146 771 146 762 146 753 146 745 146 736 146 727 146 718 146 709 146 701 146 692 146 683 146 674 146 666 146 657 146 648 146 639 146 631 146 622 146 613 146 604 146 595 146 587 146 578 146 569 146 560 146 552 146 543 146 534 146 525 146 516 146 508 146 499 146 490 146 481 146 473 146 464 146 455 146 446 146 437 146 429 146 420 146 411 146 402 146 394 146 385 146 376 146 367 146 358 146 350 146 341 146 332 146 323 146 315 146 306 146 297 146 288 146 279 146 271 146 262 146 253 146 244 146 236 146 227 146 218 146 209 146 200 146 192 146 184 146 184 158 183 172 344 178 344 178 345 178 357 171 360 170 368 171 390 178 391 178 392 178 578 178 578 178 579 178 596 171 601 169 702 169 704 170 733 175 734 175 770 169 774 169 903 169 903 159 903 146 903 146"/></Shape>
	    <String CONTENT="—Esto parece un sueño, decia entre sí. Yo ni aun hubie-"
                    HPOS="183"
                    VPOS="146"
                    WIDTH="720"
                    HEIGHT="32"></String>
          </TextLine>

          
          
          <TextLine ID="line_2"
                    TAGREFS="LT475"
                    BASELINE="149 194 904 196" 
                    HPOS="148"
                    VPOS="171"
                    WIDTH="756"
                    HEIGHT="43">
            <Shape><Polygon POINTS="149 194 148 205 223 212 224 212 295 207 314 206 316 207 322 211 322 211 323 211 324 211 325 211 336 207 340 206 408 206 423 208 442 212 443 212 468 208 491 206 509 209 527 213 528 213 543 209 555 207 573 210 590 213 591 214 635 214 635 213 636 213 643 210 654 207 772 212 800 213 801 213 802 213 803 212 816 207 840 207 850 213 851 213 852 213 853 214 903 214 904 196 903 173 696 177 681 173 671 171 670 171 669 171 661 173 650 177 636 174 624 171 623 171 612 174 598 177 588 174 580 171 579 171 578 171 553 174 527 177 512 174 492 171 491 171 470 174 460 176 457 174 449 171 448 171 376 171 375 171 374 171 366 175 364 176 361 175 351 171 351 171 350 171 327 175 321 176 316 175 301 171 301 171 300 171 299 171 283 175 279 176 277 175 267 171 266 171 265 171 265 171 255 175 252 176 149 176 149 194"/></Shape>
	    <String CONTENT="ra sospechado, dado caso de que alguien le acusara; á mis"
                    HPOS="148"
                    VPOS="171"
                    WIDTH="756"
                    HEIGHT="43"></String>
          </TextLine>

          
          
          <TextLine ID="line_3"
                    TAGREFS="LT475"
                    BASELINE="150 231 509 229" 
                    HPOS="149"
                    VPOS="205"
                    WIDTH="360"
                    HEIGHT="45">
            <Shape><Polygon POINTS="150 231 150 250 186 249 187 249 188 249 188 248 195 242 237 242 245 249 246 250 247 250 248 250 249 250 304 249 305 249 311 247 329 242 360 246 384 249 385 249 386 249 401 244 409 242 416 244 432 249 433 249 434 250 466 250 466 249 466 249 467 249 473 243 480 249 480 249 481 249 482 249 483 249 484 249 484 248 490 242 508 242 509 229 507 211 474 205 473 205 409 210 399 205 398 205 358 205 357 205 321 212 251 212 224 206 223 206 198 211 164 206 163 206 162 206 149 211 150 231"/></Shape>
	    <String CONTENT="ojos siempre seria inocente."
                    HPOS="149"
                    VPOS="205"
                    WIDTH="360"
                    HEIGHT="45"></String>
          </TextLine>

          
          
          <TextLine ID="line_4"
                    TAGREFS="LT475"
                    BASELINE="192 266 905 264" 
                    HPOS="191"
                    VPOS="242"
                    WIDTH="714"
                    HEIGHT="41">
            <Shape><Polygon POINTS="192 266 192 275 326 275 332 277 349 282 350 282 351 282 351 282 352 282 358 277 362 275 423 275 429 278 437 282 438 282 439 283 468 283 468 282 469 282 479 278 486 275 619 279 691 281 692 281 693 281 694 281 695 279 703 274 761 274 776 280 778 281 779 281 780 281 781 281 781 281 782 280 792 274 817 274 831 281 831 281 832 281 833 282 904 282 905 264 903 244 191 242 192 266"/></Shape>
	    <String CONTENT="Pero el hilo de sus pensamientos era cortado por los dos"
                    HPOS="191"
                    VPOS="242"
                    WIDTH="714"
                    HEIGHT="41"></String>
          </TextLine>

          
          
          <TextLine ID="line_5"
                    TAGREFS="LT475"
                    BASELINE="148 302 902 300" 
                    HPOS="147"
                    VPOS="276"
                    WIDTH="755"
                    HEIGHT="45">
            <Shape><Polygon POINTS="148 302 148 321 199 318 200 318 200 318 208 313 271 313 293 320 294 320 294 320 502 313 523 320 523 320 524 320 550 319 551 319 552 319 563 312 609 312 621 317 622 317 623 317 658 314 667 319 668 319 669 320 901 320 902 300 900 280 527 276 526 276 525 276 516 280 198 277 197 277 147 281 148 302"/></Shape>
	    <String CONTENT="gendarmes que á su lado caminaban, y la realidad dura y"
                    HPOS="147"
                    VPOS="276"
                    WIDTH="755"
                    HEIGHT="45"></String>
          </TextLine>

          
          
          <TextLine ID="line_6"
                    TAGREFS="LT475"
                    BASELINE="149 335 904 335" 
                    HPOS="149"
                    VPOS="310"
                    WIDTH="755"
                    HEIGHT="48">
            <Shape><Polygon POINTS="149 335 149 357 193 357 193 357 198 357 237 350 426 357 427 357 467 350 506 357 508 357 509 357 511 357 562 350 586 357 587 357 588 358 618 358 618 357 619 357 638 350 663 357 664 357 665 358 703 358 703 357 704 357 726 350 768 357 769 357 770 358 808 358 808 357 809 357 810 357 818 352 903 357 904 335 903 316 795 310 710 310 709 310 709 310 700 314 631 310 630 310 629 310 628 310 620 315 595 311 595 311 594 311 584 315 564 310 563 310 562 310 529 315 427 310 426 310 425 310 424 310 417 314 406 310 405 310 404 310 403 310 402 310 394 316 246 316 216 310 215 310 149 315 149 335"/></Shape>
	    <String CONTENT="cruel le convencia del hecho y de lo triste de la situacion."
                    HPOS="149"
                    VPOS="310"
                    WIDTH="755"
                    HEIGHT="48"></String>
          </TextLine>

          
          
          <TextLine ID="line_7"
                    TAGREFS="LT475"
                    BASELINE="192 372 471 371" 
                    HPOS="191"
                    VPOS="345"
                    WIDTH="280"
                    HEIGHT="40">
            <Shape><Polygon POINTS="192 372 192 385 248 379 286 383 303 385 304 385 305 385 306 385 308 383 312 379 339 382 363 384 364 384 365 384 365 384 369 381 372 378 470 378 471 371 470 352 451 345 451 345 450 345 410 350 396 345 395 345 394 345 363 351 350 345 349 345 348 345 318 352 311 347 310 347 309 347 308 347 275 352 269 347 269 346 268 346 267 346 233 346 232 346 231 346 230 346 223 351 210 347 209 347 208 347 207 347 191 353 192 372"/></Shape>
	    <String CONTENT="Así llegó á la cárcel."
                    HPOS="191"
                    VPOS="345"
                    WIDTH="280"
                    HEIGHT="40"></String>
          </TextLine>

          
          
          <TextLine ID="line_8"
                    TAGREFS="LT475"
                    BASELINE="193 406 905 404" 
                    HPOS="192"
                    VPOS="380"
                    WIDTH="713"
                    HEIGHT="48">
            <Shape><Polygon POINTS="193 406 193 426 208 421 226 426 231 428 232 428 233 428 259 426 279 424 279 424 293 418 473 418 500 426 506 428 507 428 508 428 576 426 585 425 586 425 599 420 627 426 634 427 635 427 644 426 688 419 716 426 722 427 723 427 724 427 727 426 736 422 740 426 741 427 742 427 743 427 744 427 905 425 905 404 903 385 831 380 830 380 799 385 788 380 788 380 787 380 786 380 770 385 768 385 704 380 703 380 645 385 641 385 639 385 614 380 613 380 612 380 603 385 602 385 576 380 575 380 552 385 546 386 426 386 419 385 402 381 401 381 387 385 381 385 378 385 369 381 368 381 367 381 192 384 193 406"/></Shape>
	    <String CONTENT="Mientras tanto la urraca seguia atusándose su plumaje"
                    HPOS="192"
                    VPOS="380"
                    WIDTH="713"
                    HEIGHT="48"></String>
          </TextLine>

          
          
          <TextLine ID="line_9"
                    TAGREFS="LT475"
                    BASELINE="149 442 487 439" 
                    HPOS="148"
                    VPOS="414"
                    WIDTH="339"
                    HEIGHT="47">
            <Shape><Polygon POINTS="149 442 149 460 486 461 487 439 487 421 460 414 459 414 458 414 458 414 438 421 430 414 430 414 429 414 377 414 376 414 375 414 374 414 369 419 356 415 355 415 354 415 353 415 352 415 352 416 345 421 283 415 282 415 281 415 270 421 259 416 258 416 258 416 220 422 213 417 213 416 212 416 211 416 183 416 182 416 148 423 149 442"/></Shape>
	    <String CONTENT="en el caballete del tejado."
                    HPOS="148"
                    VPOS="414"
                    WIDTH="339"
                    HEIGHT="47"></String>
          </TextLine>

          
        </TextBlock>
        
        <TextBlock HPOS="396"
                   VPOS="501"
                   WIDTH="244"
                   HEIGHT="113"
                   ID="block_2"
                   TAGREFS="BT1278">
          <Shape><Polygon POINTS="640 501 640 614 396 614 396 506"/></Shape>
          
          
          <TextLine ID="line_10"
                    TAGREFS="LT475"
                    BASELINE="501 519 556 519" 
                    HPOS="501"
                    VPOS="506"
                    WIDTH="55"
                    HEIGHT="27">
            <Shape><Polygon POINTS="554 506 545 506 537 506 528 506 519 506 510 506 501 506 501 519 501 530 555 533 556 519 556 506 554 506"/></Shape>
	    <String CONTENT="III."
                    HPOS="501"
                    VPOS="506"
                    WIDTH="55"
                    HEIGHT="27"></String>
          </TextLine>

          
          
          <TextLine ID="line_11"
                    TAGREFS="LT475"
                    BASELINE="421 581 631 581" 
                    HPOS="421"
                    VPOS="553"
                    WIDTH="210"
                    HEIGHT="50">
            <Shape><Polygon POINTS="421 581 421 603 451 603 451 602 451 602 452 602 462 596 479 601 482 602 483 602 484 602 494 601 523 597 532 600 536 601 537 601 537 601 538 601 539 601 540 600 546 596 568 600 581 601 582 601 583 601 588 599 592 597 595 599 598 602 599 602 600 602 601 602 602 602 609 599 615 596 630 598 631 581 631 560 604 560 604 559 597 554 597 553 596 553 595 553 595 553 563 554 562 554 561 554 555 559 554 560 500 560 499 558 494 555 494 554 494 554 493 554 492 554 491 554 482 558 480 559 473 558 438 554 437 554 421 557 421 581"/></Shape>
	    <String CONTENT="La despedida."
                    HPOS="421"
                    VPOS="553"
                    WIDTH="210"
                    HEIGHT="50"></String>
          </TextLine>

          
        </TextBlock>
        
        <TextBlock HPOS="132"
                   VPOS="645"
                   WIDTH="831"
                   HEIGHT="849"
                   ID="block_1"
                   TAGREFS="BT1281">
          <Shape><Polygon POINTS="963 645 963 1494 132 1494 132 645"/></Shape>
          
          
          <TextLine ID="line_12"
                    TAGREFS="LT475"
                    BASELINE="193 652 906 648" 
                    HPOS="192"
                    VPOS="645"
                    WIDTH="714"
                    HEIGHT="26">
            <Shape><Polygon POINTS="903 645 894 645 885 645 876 645 867 645 859 645 850 645 841 645 832 645 824 645 815 645 806 645 797 645 788 645 780 645 771 645 762 645 753 645 745 645 736 645 727 645 718 645 709 645 701 645 692 645 683 645 674 645 666 645 657 645 648 645 639 645 631 645 622 645 613 645 604 645 595 645 587 645 578 645 569 645 560 645 552 645 543 645 534 645 525 645 516 645 508 645 499 645 490 645 481 645 473 645 464 645 455 645 446 645 437 645 429 645 420 645 411 645 402 645 394 645 385 645 376 645 367 645 358 645 350 645 341 645 332 645 323 645 315 645 306 645 297 645 288 645 279 645 271 645 262 645 253 645 244 645 236 645 227 645 218 645 209 645 200 645 192 645 193 652 193 671 255 671 255 670 256 670 257 670 264 664 298 669 305 670 306 670 307 670 310 669 325 665 392 668 414 669 415 669 415 669 418 668 429 664 457 668 468 669 469 669 470 669 473 667 485 663 582 663 591 666 595 668 596 668 597 668 616 666 652 662 660 665 664 667 665 667 666 668 760 668 760 667 761 667 767 664 773 661 795 664 810 666 811 666 905 663 906 648 905 645 903 645"/></Shape>
	    <String CONTENT="El proceso, gracias á la multitud de pruebas de convic-"
                    HPOS="192"
                    VPOS="645"
                    WIDTH="714"
                    HEIGHT="26"></String>
          </TextLine>

          
          
          <TextLine ID="line_13"
                    TAGREFS="LT475"
                    BASELINE="148 687 908 684" 
                    HPOS="147"
                    VPOS="658"
                    WIDTH="761"
                    HEIGHT="44">
            <Shape><Polygon POINTS="148 687 148 702 907 701 908 684 905 660 739 663 736 661 730 658 729 658 728 658 695 662 674 664 662 662 645 659 645 659 617 663 604 664 585 663 528 659 527 659 526 659 517 664 516 664 513 664 490 660 489 660 465 664 459 664 457 664 446 660 445 660 444 660 405 664 401 664 396 664 337 660 337 660 313 665 310 665 300 665 165 661 164 661 164 661 147 666 148 687"/></Shape>
	    <String CONTENT="cion que arrojaba, y sobre todo á la actividad maligna del"
                    HPOS="147"
                    VPOS="658"
                    WIDTH="761"
                    HEIGHT="44"></String>
          </TextLine>

          
          
          <TextLine ID="line_14"
                    TAGREFS="LT475"
                    BASELINE="150 721 906 719" 
                    HPOS="149"
                    VPOS="694"
                    WIDTH="757"
                    HEIGHT="49">
            <Shape><Polygon POINTS="150 721 150 735 200 735 204 735 228 743 229 743 229 743 230 743 231 743 240 737 361 743 362 743 398 736 402 736 408 737 434 742 435 742 436 742 444 737 451 734 497 734 509 737 516 740 517 740 518 740 519 740 524 737 533 734 566 738 589 741 590 741 591 741 599 738 613 733 653 733 671 739 677 741 678 741 679 742 743 742 743 741 744 741 747 739 760 733 783 740 788 741 789 741 790 741 905 740 906 719 904 700 852 694 851 694 850 694 849 694 842 700 793 700 771 694 770 694 769 694 758 700 676 700 654 694 653 694 606 700 602 700 585 700 424 695 423 695 423 695 422 695 415 700 415 700 149 700 150 721"/></Shape>
	    <String CONTENT="bailío, que cada vez era más despreciado por Ana, se ins-"
                    HPOS="149"
                    VPOS="694"
                    WIDTH="757"
                    HEIGHT="49"></String>
          </TextLine>

          
          
          <TextLine ID="line_15"
                    TAGREFS="LT475"
                    BASELINE="150 757 609 755" 
                    HPOS="149"
                    VPOS="731"
                    WIDTH="460"
                    HEIGHT="42">
            <Shape><Polygon POINTS="150 757 150 771 193 773 194 773 212 771 245 767 265 771 273 773 274 773 275 773 276 773 276 772 278 771 282 767 341 767 355 771 359 773 360 773 361 773 474 772 475 772 476 772 490 766 504 772 505 772 506 772 507 773 563 773 563 772 564 772 586 766 606 772 609 755 607 737 565 737 564 736 558 731 557 731 556 731 555 731 453 735 423 736 421 735 416 731 415 731 415 731 380 731 379 731 378 731 371 735 365 737 149 733 150 757"/></Shape>
	    <String CONTENT="truyó con una rapidez maravillosa."
                    HPOS="149"
                    VPOS="731"
                    WIDTH="460"
                    HEIGHT="42"></String>
          </TextLine>

          
          
          <TextLine ID="line_16"
                    TAGREFS="LT475"
                    BASELINE="197 790 723 789" 
                    HPOS="196"
                    VPOS="765"
                    WIDTH="527"
                    HEIGHT="40">
            <Shape><Polygon POINTS="197 790 197 801 721 805 723 789 721 771 685 765 684 765 655 770 652 770 650 770 629 765 628 765 604 769 599 770 594 769 567 765 566 765 541 769 532 770 530 769 528 766 528 765 527 765 526 765 525 765 524 765 517 769 516 770 513 769 506 765 505 765 504 765 503 765 493 768 487 770 196 766 197 790"/></Shape>
	    <String CONTENT="Y el código entonces estaba terminante."
                    HPOS="196"
                    VPOS="765"
                    WIDTH="527"
                    HEIGHT="40"></String>
          </TextLine>

          
          
          <TextLine ID="line_17"
                    TAGREFS="LT475"
                    BASELINE="193 826 906 823" 
                    HPOS="193"
                    VPOS="798"
                    WIDTH="713"
                    HEIGHT="45">
            <Shape><Polygon POINTS="193 826 193 838 214 843 215 843 256 843 257 843 258 843 264 838 267 837 342 837 346 838 358 843 359 843 360 843 361 843 378 838 383 837 387 838 402 843 403 843 404 843 469 838 489 837 496 838 515 843 516 843 563 838 580 837 593 838 624 843 625 843 626 843 627 843 632 838 635 836 643 838 658 843 659 843 659 843 717 842 717 842 718 842 723 838 726 836 735 838 748 842 749 842 750 842 751 842 759 838 764 836 774 838 789 842 790 843 851 843 851 842 852 842 863 838 874 835 904 838 906 823 903 798 193 801 193 826"/></Shape>
	    <String CONTENT="El robo doméstico, acompañado de circunstancias tan"
                    HPOS="193"
                    VPOS="798"
                    WIDTH="713"
                    HEIGHT="45"></String>
          </TextLine>

          
          
          <TextLine ID="line_18"
                    TAGREFS="LT475"
                    BASELINE="149 860 774 860" 
                    HPOS="149"
                    VPOS="837"
                    WIDTH="625"
                    HEIGHT="41">
            <Shape><Polygon POINTS="149 860 149 871 162 877 163 877 164 877 237 871 245 871 247 871 261 877 262 877 263 878 293 878 293 877 294 877 294 877 301 872 302 871 393 871 396 873 401 877 401 877 402 877 403 878 446 878 446 877 447 877 448 877 452 874 457 871 492 871 496 874 499 877 500 877 501 877 501 878 593 878 593 877 594 877 595 877 596 875 601 871 608 876 610 877 611 877 612 878 676 878 676 877 677 877 678 877 678 876 685 871 699 877 701 877 702 877 702 878 774 878 774 860 774 843 745 837 744 837 690 842 688 842 685 842 646 837 645 837 621 842 617 843 544 843 544 841 539 837 538 837 537 837 537 837 515 841 509 842 496 841 448 837 385 837 384 837 383 837 382 837 378 841 374 842 149 840 149 860"/></Shape>
	    <String CONTENT="agravantes, se castigaba con la pena de muerte."
                    HPOS="149"
                    VPOS="837"
                    WIDTH="625"
                    HEIGHT="41"></String>
          </TextLine>

          
          
          <TextLine ID="line_19"
                    TAGREFS="LT475"
                    BASELINE="192 895 907 893" 
                    HPOS="191"
                    VPOS="868"
                    WIDTH="716"
                    HEIGHT="46">
            <Shape><Polygon POINTS="192 895 192 911 387 913 388 913 389 913 400 910 406 908 414 910 429 913 430 913 466 909 488 907 504 909 534 913 535 913 565 908 574 907 577 908 587 913 588 913 588 914 646 914 646 913 647 913 657 908 658 907 659 908 663 912 664 912 665 912 666 912 721 907 735 907 738 907 748 911 749 911 750 911 769 907 770 907 875 912 876 912 906 906 907 893 903 868 887 872 773 869 717 868 717 868 716 868 715 868 712 870 709 872 693 871 681 869 680 869 665 871 643 873 590 871 518 869 517 869 484 872 478 873 477 873 469 869 468 869 467 869 421 873 412 874 411 873 403 870 402 870 306 870 305 870 304 870 289 874 284 870 283 870 282 870 198 870 197 870 196 870 195 870 191 873 192 895"/></Shape>
	    <String CONTENT="Ana se obstinaba en negar, á pesar de los esfuerzos é"
                    HPOS="191"
                    VPOS="868"
                    WIDTH="716"
                    HEIGHT="46"></String>
          </TextLine>

          
          
          <TextLine ID="line_20"
                    TAGREFS="LT475"
                    BASELINE="148 930 907 930" 
                    HPOS="148"
                    VPOS="904"
                    WIDTH="759"
                    HEIGHT="43">
            <Shape><Polygon POINTS="148 930 148 942 166 947 167 947 168 947 250 943 251 943 253 943 317 947 318 947 319 947 330 943 331 943 334 943 380 947 380 947 421 943 425 943 428 943 444 947 445 947 446 947 907 943 907 930 907 911 851 911 849 910 838 904 837 904 836 904 835 904 813 910 810 910 810 909 799 904 798 904 797 904 773 908 728 904 727 904 726 904 716 908 712 910 705 908 684 904 683 904 646 908 626 910 592 907 553 905 552 905 552 905 543 907 531 910 519 907 508 904 507 904 506 904 505 904 504 904 501 907 494 911 476 911 451 907 436 904 435 904 434 904 433 904 430 906 425 910 408 906 401 905 401 905 400 905 397 906 387 910 381 906 380 905 380 905 379 905 329 904 328 904 327 904 326 904 324 905 320 908 309 905 305 904 304 904 303 904 296 905 267 910 258 905 258 904 257 904 256 904 255 904 254 904 252 905 242 911 204 911 193 905 192 905 148 904 148 930"/></Shape>
	    <String CONTENT="intimaciones de la familia de Gervasio. Protestaba de su"
                    HPOS="148"
                    VPOS="904"
                    WIDTH="759"
                    HEIGHT="43"></String>
          </TextLine>

          
          
          <TextLine ID="line_21"
                    TAGREFS="LT475"
                    BASELINE="148 964 908 964" 
                    HPOS="148"
                    VPOS="941"
                    WIDTH="760"
                    HEIGHT="41">
            <Shape><Polygon POINTS="148 964 148 982 908 978 908 964 908 943 148 941 148 964"/></Shape>
	    <String CONTENT="inocencia, añadiendo que si ella revelase un secreto, esta"
                    HPOS="148"
                    VPOS="941"
                    WIDTH="760"
                    HEIGHT="41"></String>
          </TextLine>

          
          
          <TextLine ID="line_22"
                    TAGREFS="LT475"
                    BASELINE="148 1000 908 1000" 
                    HPOS="148"
                    VPOS="976"
                    WIDTH="760"
                    HEIGHT="37">
            <Shape><Polygon POINTS="148 1000 148 1013 908 1013 908 1000 908 978 148 976 148 1000"/></Shape>
	    <String CONTENT="resultaria por encima de tantas pruebas acumuladas para"
                    HPOS="148"
                    VPOS="976"
                    WIDTH="760"
                    HEIGHT="37"></String>
          </TextLine>

          
          
          <TextLine ID="line_23"
                    TAGREFS="LT475"
                    BASELINE="148 1035 907 1033" 
                    HPOS="147"
                    VPOS="1008"
                    WIDTH="760"
                    HEIGHT="46">
            <Shape><Polygon POINTS="148 1035 148 1054 194 1048 327 1053 341 1053 342 1053 348 1053 401 1047 446 1052 451 1052 452 1052 460 1052 511 1047 521 1051 523 1052 524 1052 525 1053 598 1053 598 1052 599 1052 600 1052 602 1050 606 1048 632 1050 652 1052 653 1052 654 1052 659 1050 666 1047 694 1050 701 1050 702 1050 707 1050 727 1046 782 1050 821 1051 822 1051 906 1048 907 1033 905 1015 859 1010 858 1010 774 1014 767 1014 767 1014 747 1008 746 1008 689 1008 688 1008 657 1014 648 1016 571 1016 568 1014 562 1009 561 1009 560 1009 480 1009 479 1009 453 1014 441 1015 434 1014 421 1009 420 1009 419 1009 401 1014 386 1016 147 1013 148 1035"/></Shape>
	    <String CONTENT="perderla; pero que nunca lo haria porque el tal secreto no"
                    HPOS="147"
                    VPOS="1008"
                    WIDTH="760"
                    HEIGHT="46"></String>
          </TextLine>

          
          
          <TextLine ID="line_24"
                    TAGREFS="LT475"
                    BASELINE="149 1070 908 1070" 
                    HPOS="149"
                    VPOS="1045"
                    WIDTH="759"
                    HEIGHT="41">
            <Shape><Polygon POINTS="149 1070 149 1086 908 1082 908 1070 908 1050 838 1050 838 1050 831 1045 830 1045 829 1045 766 1045 765 1045 764 1045 763 1045 756 1050 755 1050 710 1045 709 1045 651 1050 648 1050 645 1050 610 1045 609 1045 578 1050 575 1050 572 1050 519 1045 518 1045 452 1050 445 1050 444 1050 429 1045 428 1045 427 1045 426 1045 425 1045 419 1050 411 1045 410 1045 409 1045 381 1050 379 1050 377 1050 362 1045 361 1045 360 1045 359 1045 343 1050 340 1050 337 1050 313 1045 312 1045 149 1049 149 1070"/></Shape>
	    <String CONTENT="era suyo, y haciéndose público apresuraria la ruina de una"
                    HPOS="149"
                    VPOS="1045"
                    WIDTH="759"
                    HEIGHT="41"></String>
          </TextLine>

          
          
          <TextLine ID="line_25"
                    TAGREFS="LT475"
                    BASELINE="149 1104 907 1104" 
                    HPOS="149"
                    VPOS="1080"
                    WIDTH="758"
                    HEIGHT="43">
            <Shape><Polygon POINTS="149 1104 149 1116 240 1116 258 1122 258 1122 259 1122 292 1116 294 1116 305 1116 329 1116 341 1122 342 1122 343 1122 374 1118 436 1122 437 1122 465 1117 522 1122 523 1122 523 1122 537 1116 537 1116 539 1116 566 1122 566 1122 596 1116 600 1116 745 1116 745 1117 758 1122 759 1122 760 1123 784 1123 784 1122 785 1122 796 1117 798 1116 802 1117 823 1122 824 1122 824 1123 896 1123 896 1122 897 1122 907 1117 907 1104 907 1086 867 1080 867 1080 836 1085 832 1085 829 1085 789 1080 788 1080 788 1080 777 1085 776 1085 775 1084 767 1080 767 1080 766 1080 626 1083 545 1085 515 1082 487 1080 486 1080 473 1082 456 1085 451 1082 450 1080 449 1080 448 1080 383 1080 382 1080 372 1081 349 1085 324 1081 316 1080 315 1080 315 1080 313 1081 306 1085 280 1081 275 1080 274 1080 273 1080 272 1080 272 1081 265 1086 200 1086 149 1080 149 1104"/></Shape>
	    <String CONTENT="persona querida; así, pues, que preferia sacrificarse y que"
                    HPOS="149"
                    VPOS="1080"
                    WIDTH="758"
                    HEIGHT="43"></String>
          </TextLine>

          
          
          <TextLine ID="line_26"
                    TAGREFS="LT475"
                    BASELINE="149 1138 398 1140" 
                    HPOS="148"
                    VPOS="1114"
                    WIDTH="250"
                    HEIGHT="38">
            <Shape><Polygon POINTS="148 1151 396 1152 398 1140 398 1122 384 1115 383 1115 382 1115 381 1115 380 1115 380 1116 376 1120 370 1115 369 1115 368 1115 335 1115 334 1115 333 1115 322 1120 317 1122 290 1122 286 1119 284 1117 283 1117 282 1117 281 1117 267 1119 248 1121 242 1118 236 1114 235 1114 234 1114 218 1117 197 1121 187 1116 184 1114 183 1114 182 1114 181 1114 178 1116 167 1121 150 1115 149 1138 148 1151"/></Shape>
	    <String CONTENT="lo hacia con gusto."
                    HPOS="148"
                    VPOS="1114"
                    WIDTH="250"
                    HEIGHT="38"></String>
          </TextLine>

          
          
          <TextLine ID="line_27"
                    TAGREFS="LT475"
                    BASELINE="192 1175 907 1172" 
                    HPOS="191"
                    VPOS="1146"
                    WIDTH="716"
                    HEIGHT="45">
            <Shape><Polygon POINTS="192 1175 193 1191 208 1186 905 1187 907 1172 905 1152 778 1146 777 1146 776 1146 758 1151 736 1146 735 1146 734 1146 733 1146 717 1151 696 1146 695 1146 695 1146 667 1152 663 1153 565 1153 563 1152 553 1147 552 1147 552 1147 551 1147 531 1152 528 1153 482 1153 480 1152 473 1147 472 1147 471 1147 449 1147 448 1147 447 1147 446 1147 440 1152 432 1148 431 1148 366 1148 365 1148 365 1148 357 1152 353 1153 339 1152 302 1148 301 1148 191 1151 192 1175"/></Shape>
	    <String CONTENT="Al siguiente dia de lo que llevamos referido debia ser"
                    HPOS="191"
                    VPOS="1146"
                    WIDTH="716"
                    HEIGHT="45"></String>
          </TextLine>

          
          
          <TextLine ID="line_28"
                    TAGREFS="LT475"
                    BASELINE="149 1209 906 1209" 
                    HPOS="149"
                    VPOS="1183"
                    WIDTH="757"
                    HEIGHT="44">
            <Shape><Polygon POINTS="149 1209 149 1227 456 1227 456 1226 457 1226 461 1224 468 1221 546 1221 552 1223 556 1226 557 1226 558 1226 559 1226 587 1222 606 1221 617 1222 636 1226 637 1226 638 1226 652 1222 660 1221 741 1221 745 1221 756 1226 757 1226 758 1227 812 1227 812 1226 813 1226 825 1221 826 1221 906 1221 906 1209 906 1189 852 1189 852 1188 842 1184 841 1184 840 1184 839 1184 831 1188 830 1189 745 1189 744 1188 737 1183 736 1183 735 1183 694 1183 693 1183 692 1183 681 1187 678 1188 668 1187 620 1183 619 1183 577 1187 564 1188 556 1187 533 1183 532 1183 531 1183 517 1186 511 1188 491 1186 454 1184 453 1184 452 1184 451 1184 447 1186 444 1188 434 1186 417 1184 416 1184 386 1186 359 1188 354 1186 347 1183 346 1183 345 1183 321 1186 302 1188 295 1186 289 1184 288 1184 287 1184 277 1186 264 1189 227 1189 220 1186 214 1183 213 1183 212 1183 149 1185 149 1209"/></Shape>
	    <String CONTENT="públicamente juzgada, y nadie ponia en duda de qué na-"
                    HPOS="149"
                    VPOS="1183"
                    WIDTH="757"
                    HEIGHT="44"></String>
          </TextLine>

          
          
          <TextLine ID="line_29"
                    TAGREFS="LT475"
                    BASELINE="150 1243 501 1245" 
                    HPOS="149"
                    VPOS="1219"
                    WIDTH="352"
                    HEIGHT="42">
            <Shape><Polygon POINTS="150 1243 149 1252 173 1259 174 1259 175 1259 176 1259 187 1254 247 1259 248 1260 297 1260 297 1259 298 1259 305 1256 309 1254 314 1256 324 1260 325 1260 326 1261 408 1261 408 1260 409 1260 410 1260 413 1257 417 1255 499 1259 501 1245 500 1226 469 1220 468 1220 467 1220 455 1225 436 1220 435 1220 406 1220 405 1220 404 1220 403 1220 403 1221 399 1225 398 1225 391 1225 325 1219 324 1219 283 1224 277 1224 219 1224 219 1223 214 1219 213 1219 212 1219 211 1219 150 1222 150 1243"/></Shape>
	    <String CONTENT="turaleza seria la sentencia."
                    HPOS="149"
                    VPOS="1219"
                    WIDTH="352"
                    HEIGHT="42"></String>
          </TextLine>

          
          
          <TextLine ID="line_30"
                    TAGREFS="LT475"
                    BASELINE="193 1280 904 1278" 
                    HPOS="192"
                    VPOS="1251"
                    WIDTH="712"
                    HEIGHT="45">
            <Shape><Polygon POINTS="193 1280 193 1296 267 1292 546 1295 547 1295 548 1295 559 1291 903 1294 904 1278 902 1253 761 1257 754 1253 752 1251 752 1251 751 1251 750 1251 742 1253 726 1256 710 1253 702 1251 702 1251 701 1251 696 1253 685 1257 617 1257 607 1253 603 1251 602 1251 602 1251 588 1253 551 1257 509 1253 501 1252 500 1252 492 1253 444 1257 437 1253 437 1252 436 1252 435 1252 413 1252 412 1252 406 1253 372 1257 349 1253 345 1252 344 1252 338 1253 308 1257 302 1253 302 1252 301 1252 301 1252 300 1252 290 1253 241 1257 235 1253 235 1252 234 1252 233 1252 232 1252 192 1252 193 1280"/></Shape>
	    <String CONTENT="Miguel habia estado en la prision á despedirse de ella."
                    HPOS="192"
                    VPOS="1251"
                    WIDTH="712"
                    HEIGHT="45"></String>
          </TextLine>

          
          
          <TextLine ID="line_31"
                    TAGREFS="LT475"
                    BASELINE="150 1315 908 1313" 
                    HPOS="149"
                    VPOS="1287"
                    WIDTH="759"
                    HEIGHT="44">
            <Shape><Polygon POINTS="150 1315 150 1327 363 1331 364 1331 388 1327 389 1327 400 1331 401 1331 401 1331 442 1327 451 1326 464 1327 518 1330 519 1331 573 1331 573 1330 574 1330 582 1326 584 1326 907 1326 908 1313 906 1294 877 1294 877 1293 862 1287 861 1287 860 1287 860 1287 845 1293 831 1287 830 1287 829 1287 828 1287 816 1293 815 1293 810 1293 747 1287 746 1287 716 1293 715 1293 693 1287 692 1287 691 1287 690 1287 680 1293 678 1293 659 1293 593 1288 592 1288 591 1288 577 1292 567 1294 491 1292 402 1288 401 1288 386 1291 362 1296 265 1296 253 1290 250 1289 250 1289 249 1289 248 1289 244 1290 229 1295 212 1290 208 1289 207 1289 207 1289 206 1289 203 1290 190 1295 149 1290 150 1315"/></Shape>
	    <String CONTENT="Las fiestas y regocijos de su proyectado enlace se trocaron"
                    HPOS="149"
                    VPOS="1287"
                    WIDTH="759"
                    HEIGHT="44"></String>
          </TextLine>

          
          
          <TextLine ID="line_32"
                    TAGREFS="LT475"
                    BASELINE="149 1350 906 1348" 
                    HPOS="148"
                    VPOS="1323"
                    WIDTH="758"
                    HEIGHT="42">
            <Shape><Polygon POINTS="149 1350 149 1365 461 1361 530 1362 645 1364 646 1364 647 1364 648 1364 652 1361 654 1360 701 1360 891 1364 892 1364 893 1364 906 1358 906 1348 904 1328 871 1323 870 1323 736 1328 720 1328 715 1328 678 1323 677 1323 659 1328 652 1328 148 1326 149 1350"/></Shape>
	    <String CONTENT="en lágrimas y gritos ahogados; cuatro súcias y húmedas"
                    HPOS="148"
                    VPOS="1323"
                    WIDTH="758"
                    HEIGHT="42"></String>
          </TextLine>

          
          
          <TextLine ID="line_33"
                    TAGREFS="LT475"
                    BASELINE="150 1386 907 1381" 
                    HPOS="149"
                    VPOS="1357"
                    WIDTH="758"
                    HEIGHT="44">
            <Shape><Polygon POINTS="150 1386 150 1401 907 1395 907 1381 905 1362 859 1357 858 1357 788 1362 767 1357 767 1357 766 1357 603 1364 593 1364 591 1364 562 1358 561 1358 537 1364 524 1358 523 1358 523 1358 497 1364 452 1358 451 1358 291 1365 290 1365 265 1360 191 1360 190 1360 149 1366 150 1386"/></Shape>
	    <String CONTENT="paredes de una prision fué el tálamo nupcial de aquellos"
                    HPOS="149"
                    VPOS="1357"
                    WIDTH="758"
                    HEIGHT="44"></String>
          </TextLine>

          
          
          <TextLine ID="line_34"
                    TAGREFS="LT475"
                    BASELINE="151 1422 908 1419" 
                    HPOS="150"
                    VPOS="1392"
                    WIDTH="758"
                    HEIGHT="54">
            <Shape><Polygon POINTS="151 1422 152 1445 180 1438 279 1438 308 1444 311 1444 312 1444 315 1444 352 1437 370 1443 374 1445 375 1445 376 1446 495 1446 495 1445 496 1445 497 1445 501 1443 509 1437 533 1443 544 1444 544 1445 581 1445 581 1444 582 1444 587 1442 598 1436 630 1436 642 1442 648 1444 649 1444 650 1444 739 1443 740 1443 746 1441 758 1436 780 1441 790 1443 791 1443 792 1443 797 1440 803 1437 834 1437 839 1440 845 1443 846 1443 846 1443 847 1443 848 1443 855 1440 859 1438 863 1440 871 1443 872 1443 873 1443 874 1443 882 1440 889 1437 907 1439 908 1419 905 1393 750 1398 731 1393 724 1392 724 1392 723 1392 722 1392 715 1393 695 1399 659 1393 656 1393 655 1393 650 1393 600 1399 591 1393 590 1393 589 1393 588 1393 548 1393 547 1393 546 1393 543 1393 532 1398 513 1394 512 1394 511 1394 510 1394 502 1400 493 1394 491 1393 490 1393 489 1393 488 1393 487 1393 487 1394 479 1400 435 1400 411 1394 407 1393 406 1393 405 1393 404 1393 403 1394 394 1400 349 1395 348 1395 347 1395 336 1400 150 1395 151 1422"/></Shape>
	    <String CONTENT="infelices amantes. Gervasio y Juliana tambien acudieron"
                    HPOS="150"
                    VPOS="1392"
                    WIDTH="758"
                    HEIGHT="54"></String>
          </TextLine>

          
          
          <TextLine ID="line_35"
                    TAGREFS="LT475"
                    BASELINE="238 1458 433 1456" 
                    HPOS="237"
                    VPOS="1437"
                    WIDTH="196"
                    HEIGHT="35">
            <Shape><Polygon POINTS="238 1458 238 1472 433 1469 433 1456 431 1439 237 1437 238 1458"/></Shape>
	    <String CONTENT="LA URRACA LADRONA."
                    HPOS="237"
                    VPOS="1437"
                    WIDTH="196"
                    HEIGHT="35"></String>
          </TextLine>

          
          
          <TextLine ID="line_36"
                    TAGREFS="LT475"
                    BASELINE="759 1452 767 1452" 
                    HPOS="759"
                    VPOS="1434"
                    WIDTH="8"
                    HEIGHT="30">
            <Shape><Polygon POINTS="759 1452 759 1464 767 1464 767 1452 767 1434 759 1434 759 1452"/></Shape>
	    <String CONTENT="3"
                    HPOS="759"
                    VPOS="1434"
                    WIDTH="8"
                    HEIGHT="30"></String>
          </TextLine>

          
        </TextBlock>
        

        
      </PrintSpace>
    </Page>
  </Layout>
</alto>
