1860 2629
322.0 131.0 472.0 72.0 bue en tenint una peseta

322.0 192.0 445.0 64.0 ja per tot arma batalla

322.0 227.0 546.0 73.0 que corre, riu, salta y balla,

322.0 278.0 572.0 107.0 malgastan lo pocb que guanya,

326.0 339.0 189.0 64.0 Castanya.

372.0 409.0 400.0 62.0 Pero si de la masega

324.0 457.0 470.0 68.0 algun ó altre non fa cas

329.0 499.0 366.0 70.0 y sap arrufar lo nas

329.0 558.0 482.0 64.0 en sentint que put á pega

331.0 595.0 489.0 73.0 y que lo llabi has mosega

333.0 650.0 469.0 83.0 y ab la disbauxa te plet

333.0 701.0 173.0 72.0 Panallet.

383.0 764.0 450.0 64.0 A mi senyora la Guida

331.0 812.0 449.0 70.0 que no es si no de nom

333.0 856.0 566.0 88.0 ques menja ab los ulls tothom

337.0 913.0 498.0 72.0 y es en un tot presumida,

337.0 970.0 511.0 75.0 per que ab tan tono vestida

337.0 1012.0 485.0 87.0 va com la Mari-Castanya.

339.0 1060.0 191.0 87.0 Castanya.

390.0 1128.0 498.0 63.0 Pero à Donya Prudencia,

339.0 1174.0 481.0 76.0 guapa, amable, joveneta

344.0 1231.0 450.0 65.0 y per mes li fan la aleta

342.0 1261.0 552.0 86.0 sap comportarse ab decencia,

342.0 1323.0 544.0 79.0 sens dar lloch á imprudencia

342.0 1375.0 410.0 86.0 de algun exalabradet.

344.0 1430.0 180.0 55.0 Panallet.

388.0 1478.0 482.0 70.0 Si ha alguna bojeta vella

344.0 1531.0 474.0 74.0 que ni la edad ha pugut

348.0 1590.0 432.0 59.0 ferli perdre la habitut

346.0 1621.0 513.0 76.0 del que feya cuant novella

355.0 1675.0 526.0 82.0 y encara has pensa que ella

353.0 1730.0 515.0 90.0 pot sostenirse en campanya.

353.0 1789.0 190.0 71.0 Castanya.

401.0 1835.0 401.0 68.0 Pero la bona velleta

355.0 1884.0 585.0 85.0 haguia estat lo que haguia estat

355.0 1949.0 498.0 68.0 que conformanse á sa edat

357.0 1984.0 461.0 84.0 ara , diu , jo , ya li feta,

361.0 2046.0 430.0 61.0 y que si te filla ó neta

361.0 2076.0 465.0 99.0 sap dar un bon consellet.

364.0 2142.0 173.0 68.0 Panallet.

1063.0 131.0 419.0 61.0 A la viuda bandereta ,

1011.0 184.0 421.0 52.0 que lo marit va plorar

1013.0 219.0 439.0 76.0 lo dia quel va enterrar ,

1019.0 271.0 468.0 70.0 y que despues gracióseta

1002.0 322.0 419.0 57.0 á totom fa la rialleta

1019.0 365.0 564.0 77.0 per si de algu's pot fer planya.

1015.0 418.0 195.0 72.0 Castanya.

1019.0 512.0 577.0 77.0 sa memoria un poch conserva,

1070.0 466.0 445.0 77.0 Pero á la que del espós

1019.0 569.0 575.0 77.0 que va ab la mes gran reservá

1017.0 622.0 540.0 74.0 si es que algú li busca el cos,

1024.0 670.0 386.0 72.0 privan á tot llepisós

1022.0 720.0 498.0 73.0 que al sol li tregui drapet.

1022.0 768.0 177.0 62.0 Panallet.

1070.0 814.0 408.0 73.0 A tot aquet enferfech

1024.0 874.0 438.0 63.0 de mosas altas y nanas,

1019.0 913.0 619.0 75.0 que de una hora lluny las ganas

1022.0 966.0 568.0 81.0 fan veurer de no está en sech,

1024.0 1018.0 550.0 79.0 y quels costi ó no un xamech

1026.0 1077.0 421.0 84.0 se fican á la maranya.

1030.0 1130.0 191.0 64.0 Castanya.

1079.0 1176.0 416.0 81.0 En fi jo á naquet dia

1035.0 1226.0 351.0 73.0 á tothom regalaré,

1039.0 1281.0 373.0 68.0 pero á cada hu daré

1035.0 1325.0 384.0 77.0 alló de que digne sia

1033.0 1358.0 548.0 92.0 el que entenguia una manía ,

1035.0 1428.0 559.0 74.0 si no es un grip de montanya ,

1035.0 1470.0 513.0 78.0 ell mateix si no se enganya

1039.0 1520.0 388.0 74.0 podra dir tot satisfet

1037.0 1553.0 542.0 92.0 á mi ham dará un Panallet;

1037.0 1616.0 463.0 73.0 á mi una bona Castanya.

1079.0 1669.0 438.0 90.0 Sols falta dirvos que jo

1044.0 1735.0 467.0 68.0 també so de carn y ossos ,

1037.0 1770.0 568.0 90.0 que per mes quem fasia trosos

1035.0 1835.0 500.0 64.0 no puch ser per totom bó:

1041.0 1875.0 459.0 70.0 aixis es quel mol bribó ,

1039.0 1914.0 546.0 79.0 que busca per tot maranyas

1048.0 1976.0 605.0 87.0 veyent quem cremo las pastanyas

1048.0 2033.0 441.0 63.0 per adresar los co ixets,

1041.0 2070.0 520.0 77.0 En lloch de dam panallets,

1046.0 2129.0 474.0 70.0 nom dona sino castanyas.

1311.0 2214.0 237.0 156.0 Es propietat.

375.0 2311.0 919.0 107.0 Barcelona: Imp. de T. Gaspar, bajada de la Cárcel.
