1860 2629
416.0 194.0 959.0 182.0 TROVOS DE AMOR

576.0 457.0 489.0 77.0 Mirábase Juana un día

530.0 517.0 560.0 70.0 de una fuente en el cristal.

537.0 576.0 478.0 68.0 y el agua la descubría

535.0 635.0 467.0 66.0 sus encantos sin igual.

210.0 722.0 498.0 79.0 Llena de amor y alegría

168.0 782.0 432.0 78.0 Juaña mi pasión oyó,

162.0 847.0 408.0 64.0 y tan feliz se creía

155.0 891.0 540.0 68.0 que en la dicha que soñó

160.0 944.0 511.0 72.0 Mirábase Juana un día.

206.0 1055.0 467.0 73.0 Aquejada de otro mal

155.0 1117.0 527.0 57.0 suspiros al viento dando,

160.0 1169.0 504.0 71.0 vi a Juana tan celestial,

153.0 1215.0 583.0 73.0 que se estaba contemplando

157.0 1275.0 562.0 65.0 de una fuente en el cristal.

949.0 733.0 553.0 75.0 La dije, prenda, alma mía,

901.0 797.0 566.0 70.0 ¿ me quieres como yo a ti?

899.0 845.0 469.0 75.0 y cuando esto la decía

901.0 893.0 502.0 77.0 oyóse en la fuente un sí

905.0 957.0 487.0 63.0 y el agua la descubría.

947.0 1055.0 507.0 77.0 Desde entonces sin igual

903.0 1115.0 544.0 72.0 por verla un instante lloro

901.0 1165.0 476.0 75.0 y es mi gloria terrenal

903.0 1218.0 516.0 72.0 amarla, porque yo adoro

903.0 1279.0 485.0 72.0 sus encantos sin igual.

572.0 1371.0 491.0 81.0 Entré niña en tu jardín

535.0 1439.0 489.0 63.0 pensando coger la flor,

528.0 1485.0 478.0 72.0 otro se llevó el jazmín,

537.0 1546.0 439.0 66.0 yo quedé con el olor.

203.0 1647.0 435.0 72.0 Por ti, bello serafín,

157.0 1700.0 507.0 76.0 mi pasión causa ternura,

164.0 1763.0 504.0 66.0 porque te amaba sin fin,

155.0 1805.0 544.0 79.0 por gozar de tu hermosura

155.0 1864.0 529.0 68.0 entré, niña, en tu jardín  ?

203.0 1967.0 483.0 74.0 Tú me mostraste amor,

157.0 2030.0 549.0 68.0 y fingistes que me amabas,

160.0 2081.0 506.0 76.0 firmemente y con ardor.

157.0 2136.0 575.0 67.0 en las sospechas que estaba

160.0 2186.0 508.0 81.0 pensando coger la flor.

947.0 1645.0 535.0 79.0 Entré en un lugar, en fin,

903.0 1713.0 527.0 61.0 por amar a cierta dama,

901.0 1759.0 526.0 74.0 y como el mundo es ruin

899.0 1814.0 526.0 76.0 yo me quedé con la rama

897.0 1875.0 497.0 70.0 otro se llevó el jazmín.

949.0 1967.0 518.0 83.0 Tengo muy grande dolor

894.0 2030.0 623.0 75.0 de lo que en ti me ha pasado;

901.0 2087.0 432.0 66.0 ahora lloro mi error,

903.0 2147.0 524.0 65.0 otro la flor se ha llevado,

901.0 2188.0 445.0 88.0 yo quedé con el olor.

815.0 2304.0 132.0 79.0 FIN

616.0 2464.0 537.0 81.0 Imps. Hospital, 19, «El Abanico»
