2148 3034
389.0 1537.0 1394.0 172.0 LO CANSONÉ DE LAS BARRAQUETAS

425.0 1721.0 442.0 101.0 A beure á tot bitxo aposto.

468.0 1797.0 235.0 61.0 ¡Vinga mosto!

425.0 1815.0 493.0 93.0 Y al que hons tassons no jala,

422.0 1868.0 420.0 66.0 El mateix que una cigala

422.0 1908.0 455.0 69.0 Jo 'l faig ballá panxa adalt.

382.0 1934.0 675.0 86.0 (Perque válgam la moreta del oncle, só

341.0 1987.0 711.0 81.0 capás de fe engullí un regiment de suissos

341.0 2035.0 706.0 60.0 per la gargamella del mes pintat, y arran¬

339.0 2075.0 708.0 84.0 cá las entretelas del cor del que desprecía

341.0 2111.0 283.0 65.0 una finesa meval)

425.0 2149.0 541.0 83.0 Y el que s' hi torna si l' truco...

457.0 2192.0 319.0 63.0 Fnig que l' suco!!!

419.0 2222.0 491.0 91.0 Va al Hospital per desfilas!...

460.0 2275.0 202.0 61.0 Tant se val !

412.0 2308.0 460.0 68.0 Perque jo entre bonas filas

412.0 2351.0 392.0 81.0 Só el terne del arrabal.

407.0 2414.0 491.0 119.0 Faig las conquistas á cossas;

1232.0 1754.0 273.0 73.0 ¡Quinas mossas!

1186.0 1800.0 496.0 78.0 L' una caso, y l' altra planto,

1189.0 1845.0 392.0 63.0 Pero á totas las encanto

1186.0 1886.0 448.0 65.0 Be per forsa ó de bon grat.

1148.0 1911.0 668.0 86.0 (Perque jo, fills meus, no está per ala¬

1100.0 1961.0 711.0 81.0 barme; pero en que tragini la fila mes rat¬

1103.0 2002.0 708.0 78.0 llada que un mapa-mundi, per las moltas

1103.0 2045.0 708.0 73.0 llargandaxadas que 'ls xurís hi han fet, axó

1105.0 2090.0 709.0 91.0 es una honra; y despues que quan convé

1108.0 2128.0 458.0 69.0 só mes dols que una malva!)

1178.0 2169.0 539.0 83.0 A una el guerxo donant fondo...

1219.0 2214.0 238.0 56.0 ¡Quin arondo!

1178.0 2237.0 537.0 99.0 Teu el xurí y 'm diu: «Entra!»

1216.0 2290.0 233.0 63.0 ¡Vaya un gat!

1176.0 2315.0 493.0 79.0 Li vaig té un trauet al ventre

1176.0 2366.0 471.0 76.0 Que may mes ha atximullat.

1168.0 2432.0 443.0 129.0 Al carrincló fil del Nanu,
