1099 1662
534 86 94 37 — 13—

191 122 759 46 da casual, y sí de una mala intencion, y aun llegó á pro-

190 159 760 41 nunciar la palabra robo, cosa que disgustó en extremo á su

191 195 758 45 ahijado Blas y á Ana, quienes protestaron contra tan dura

189 228 180 41 calificacion.

218 264 651 46 —Búscala bien y parecerá, habia dicho Gervasio.

220 301 491 42 —Parecerá sin duda, añadió Miguel.

234 335 710 44 Y todos con afan empezaron á registrar la casa y todas

187 371 757 44 sus dependencias, sin que la cuchara pareciera, haciendo

188 404 374 47 inútiles todas sus pesquisas.

226 442 713 42 Mientras que iban de aquí para allá, meneando sillas,

183 476 759 41 levantando esteras y buscando por todos los rincones de la

185 512 758 39 casa, arriba en el caballete del tejado, movia la urraca su

183 546 758 48 negro plumaje, mirando con expresion maliciosa toda aque-

185 580 191 48 lla operacion.

212 616 729 46 —Pues señor, esto es muy chocante, decia Juliana páli-

181 651 759 44 da de ira; en quince dias un tenedor y una cuchara, es de-

180 687 760 43 cir, un cubierto entero... el robo no puede estar más pa-

181 722 760 44 tente; el ladron se oculta en mi casa, y si acierto á dar

177 754 127 43 con él...

205 792 734 45 —¿Qué decís de robo y de ladron? Preguntó el bailío que

178 828 759 44 acompañado de su amigo el escribano, entró en la habi-

180 860 98 48 tacion.

223 895 709 44 Inmediatamente Juliana le enteró de todo lo sucedido,

178 933 755 42 pintando la desgracia con los colores más negros y empeña-

179 971 754 39 da en echar la culpa á alguno, si bien Gervasio procuraba

173 1002 756 45 atenuar la pérdida y atribuirla á un descuido cualquiera.

202 1036 727 46 —No, no; esto es muy grave, dijo el bailío que empezaba

174 1071 333 49 á vislumbrar un proceso.

202 1108 727 45 —Muy grave, añadió el escribano, como haciendo eco á

174 1146 170 38 su superior.

204 1177 724 45 Debemos advertir antes á nuestros lectores, para la in-

172 1212 754 42 teligencia de lo que va á seguir, que cuando salia el buho-

172 1250 752 41 nero de la estancia despues de haber comprado el cubierto

171 1284 749 45 que Ana le vendiera, habia hablado Blas con la muchacha,

171 1317 749 47 y enterándose de la venta, reprendióla por no haber recur-

170 1357 749 46 rido á él que guardaba tres luises en una hucha, producto

169 1390 236 55 de sus economías.
