1842 2600
816 175 83 59 – 8 –

65 212 605 68 Sald. Deu li pag senyó Rectó.

72 265 622 60 Rectó. Miserere mei, Deus meus

195 309 505 59 aquet nus tan fort desfeu.

60 355 772 69 (Dona cops de bastó á las espatllas den

106 403 221 60 Saldoni.)

60 446 634 68 Sald. ¿Que diables qué es aixó?

62 501 695 66 Rectó. No 't moguis de aquí vestrús

195 547 586 66 que 's comensa á desfé el nus.

57 599 769 84 (Se torna á agonollá y agafa la má de la

104 645 236 61 Margarida.

57 694 658 73 Sald. ¿Quánt será desfet del tot?

59 743 713 71 Rectó. Tan prompte com sigas mort.

56 788 604 67 Sald. Tinga de mí compassió,

190 837 439 51 no m' acabi de matá.

56 875 620 65 Rectó. No, que no vols treballá.

56 923 571 66 Sald. Sí, juro se bon minyó.

189 970 601 64 Aquí tens arrepentit (á Marg.)

189 1011 433 69 Margarideta estimada

187 1064 512 62 demanante una abrassada

186 1102 401 70 á Saldoni ton marit.

54 1154 763 76 La Margarida al sentir á Saldoni se gi-

93 1211 723 91 ra y se abrassa ab ell, y los dos plo-

95 1255 247 94 rant dihuen:

225 1297 456 91 Oh dia de eterna ditxa,

183 1347 347 90 dia de benedicció

1004 226 523 58 puig Saldoni has tornat bó

1009 271 497 65 y cambiat com una mitja.

871 314 653 63 Avia. Gracias vos dono Deu meu

1006 369 587 55 puig mos prechs habeu ohit,

1004 407 514 62 y al Saldoni heu convertit

1002 450 354 65 á Cristiá de Jueu.

869 492 737 75 (Lo Rectó donantlos la benedicció diu.)

869 547 594 85 Rectó. Feu felís durant sa vida

998 602 468 65 al desgraciat matrimoni

998 648 445 62 del tarambana Saldoni

1002 691 484 63 y la ximpleta Margarida;

999 738 500 70 (A Saldoni y Margarida.)

995 784 537 59 axequeuvos que us perdono

995 826 485 76 lo que me habiau de dar,

995 869 374 62 aneusen á passejar

999 910 624 85 que 'l que 'm debeu vos condono.

862 951 458 74 Sald. A sa generositat

995 1003 432 61 quedo jo molt agrahit

993 1050 486 62 prometent ser bon marit:

996 1093 464 65 y tot lo que hagi passat

989 1138 361 55 desitjo sia olvidat:

991 1180 494 69 pero que tinguin present

992 1227 519 60 desde ara en avant la gent

995 1275 594 77 que aquell que 's vulgui casar

989 1320 455 62 habans ho deu meditar

988 1367 440 84 ab tot son enteniment.

768 1833 129 93 FÍ
