1753 2480
111.0 165.0 339.0 56.0 pues no mete baza

107.0 204.0 325.0 50.0 ni el Gobernador.

35.0 237.0 700.0 64.0 Y si es la muchacha de aquellas listas

37.0 281.0 655.0 62.0 que buscan propinas melando al sol

35.0 320.0 667.0 68.0 no quiero citarlas de ciertas cosillas

107.0 365.0 364.0 60.0 que saben hacerlas,

105.0 407.0 360.0 47.0 con mucho primor.

72.0 431.0 630.0 65.0 Muy á fondo yo conozco á la Pilar

37.0 479.0 576.0 60.0 ella dice que se cansa de servir

39.0 520.0 531.0 62.0 la pobre no se puede menear

107.0 564.0 444.0 47.0 ha servido tanto y tanto

111.0 601.0 509.0 62.0 que destrozada ho de estar.

190.0 634.0 463.0 62.0 Fué á parar á un cuartel

190.0 682.0 444.0 55.0 novia fué de un Furriel

190.0 723.0 440.0 54.0 mas despues puso amor

190.0 764.0 434.0 60.0 ciega ya de un tambor.

31.0 801.0 564.0 60.0 Desde el sargento al ranchero

31.0 847.0 434.0 49.0 en fin, todo el batallon,

31.0 882.0 401.0 66.0 de la Pilar se servian

111.0 927.0 275.0 48.0 si necesitaban

109.0 961.0 323.0 59.0 pegarse un boton

33.0 987.0 583.0 69.0 si no le cesaba el oro que brilla

33.0 1041.0 671.0 58.0 lo hacia por ganas de hacer nn favor

37.0 1085.0 636.0 64.0 y más de dos veces tocó la corneta

111.0 1124.0 345.0 56.0 sus labios lo dicen

109.0 1165.0 358.0 54.0 que causan horror.

68.0 1178.0 599.0 80.0 Muy llorosa me contó la Soledad

33.0 1229.0 733.0 70.0 lo que un viejo con la pobre quiso hacer

37.0 1283.0 601.0 68.0 y á fé que es solemne barbaridad

109.0 1326.0 453.0 56.0 porque queria romperle

111.0 1366.0 507.0 53.0 ya me puedes comprender.

68.0 1403.0 521.0 62.0 Desde entonces hasta ahora

37.0 1444.0 419.0 56.0 ningun viejo puede ver

33.0 1490.0 421.0 55.0 y si se acerca un jóven

105.0 1523.0 389.0 55.0 ella abre la..... boca

103.0 1568.0 316.0 54.0 con tanto placer.

31.0 1603.0 638.0 50.0 Se enamoró de un rumboso militar

35.0 1640.0 657.0 60.0 que á la guerra una chica hizo venir

37.0 1682.0 661.0 68.0 y ella alli más tranquila pensó estar

113.0 1723.0 430.0 60.0 mas engaños dolorosos

113.0 1767.0 401.0 59.0 luego tuvo que sufrir.

192.0 1804.0 283.0 53.0 Por querer goo

487.0 1802.0 46.0 53.0 Sar

190.0 1841.0 361.0 64.0 la engañó el militar

194.0 1888.0 339.0 50.0 y sin más dilacion

190.0 1922.0 380.0 72.0 le apretó el cinturon

37.0 1957.0 374.0 66.0 Al saberlo la señora

37.0 2004.0 397.0 75.0 quiso á la chica reñir

719 64 205 80 — 2 —

826.0 157.0 393.0 51.0 y contestó la serrana

905.0 196.0 399.0 52.0 tambien en mi tierra

905.0 231.0 304.0 60.0 me visto yo así.

824.0 268.0 753.0 58.0 Si cuando los hombres nos dicen cosillas

820.0 312.0 624.0 53.0 les diéramos chascos seria mejor

824.0 345.0 680.0 78.0 pero ay mi señora si son tan bonitos

909.0 394.0 364.0 58.0 y hacen unas cosas

905.0 434.0 358.0 55.0 que causan dulzor.

864.0 465.0 618.0 64.0 Deja pronto al asistente socarron

826.0 508.0 687.0 62.0 que ya sabes que se dice por doquier

826.0 547.0 707.0 73.0 que amorcitos de soldado siempre son

911.0 595.0 457.0 56.0 variables como el viento

913.0 634.0 534.0 60.0 pues luego olvidan su querer

990.0 669.0 359.0 60.0 Rataplan al tambor

994.0 706.0 393.0 64.0 golpes dan con furor.

990.0 754.0 419.0 60.0 Porque asi dicen bien,

824.0 832.0 474.0 60.0 La muchacha que se deja

990.0 793.0 330.0 58.0 si te vi me olvidé.

826.0 876.0 406.0 64.0 querer por un militar

826.0 905.0 461.0 74.0 ya sabe que el mejor dia

909.0 958.0 352.0 54.0 se queda sin novio

909.0 998.0 294.0 58.0 y sin lo demás.

826.0 1010.0 771.0 91.0 Marchen de frente con Dios, niña hermosa

826.0 1078.0 697.0 52.0 si de mí te acuerdas te lo premie Dios

824.0 1113.0 709.0 71.0 si un dia volvemos á hallarnos los dos

907.0 1153.0 327.0 64.0 juro por mi alma

905.0 1175.0 453.0 75.0 que de tí vendré en pos.

864.0 1221.0 624.0 68.0 En mi casa yo prometo que serás

822.0 1264.0 724.0 62.0 la que mande á su capricho sin ficcion,

826.0 1312.0 738.0 80.0 tú á la plaza por la compra siempre irás

909.0 1357.0 535.0 62.0 lo que compres por mi gusto

911.0 1395.0 418.0 62.0 siempre será lo mejor.

992.0 1419.0 473.0 87.0 Niña, al fin, tú has de ser

994.0 1483.0 322.0 48.0 serafin no mujer.

990.0 1498.0 572.0 85.0 Que en mi afan pues grande es

990.0 1554.0 376.0 70.0 me verán á tus piés.

828.0 1589.0 391.0 62.0 Del salon á la cocina

826.0 1636.0 391.0 58.0 de la cocina al salon

826.0 1676.0 430.0 68.0 pasaremos los mejores

905.0 1719.0 349.0 52.0 momentos divinos

905.0 1752.0 353.0 58.0 de nuestra ilusion.

824.0 1773.0 654.0 78.0 Deja remilgos á un lado, muchacha

822.0 1826.0 730.0 71.0 no temas que nadie nos venga á turbar,

828.0 1872.0 765.0 76.0 pues si tú me quieres no me ha de importar

905.0 1922.0 407.0 53.0 que un dia el puchero

905.0 1963.0 395.0 66.0 lo dejes ¡ay! quemar.

390.0 2093.0 50.0 52.0 I.

62.0 2110.0 684.0 74.0 Pobres amas; las que tienen que sufrír

31.0 2165.0 665.0 58.0 á esas truchas de criadas de servir;

31.0 2211.0 423.0 56.0 porque si una no tiene

33.0 2252.0 583.0 60.0 por las mañanas mucho de acá,

31.0 2294.0 372.0 55.0 crea Vd., caballero,

28.0 2335.0 519.0 64.0 qne la dividen por la mitad.

1186.0 2099.0 41.0 50.0 II.

855.0 2126.0 350.0 52.0 El domingo pasao,

816.0 2153.0 724.0 87.0 á un pendon que es de al lao de Bilbao

822.0 2203.0 306.0 60.0 el permiso la di,

820.0 2232.0 459.0 72.0 para ir al teatro Madrid;

824.0 2287.0 428.0 60.0 y la dije en la escalera

795.0 2320.0 542.0 91.0 cuando ya se iba á marchar:
