<?xml version="1.0" encoding="UTF-8"?>
<alto xmlns:xsi="http://www.w3.org/2001/XMLSchema-instance"
      xmlns="http://www.loc.gov/standards/alto/ns-v4#"
      xsi:schemaLocation="http://www.loc.gov/standards/alto/ns-v4# http://www.loc.gov/standards/alto/v4/alto-4-2.xsd">
  <Description>
    <MeasurementUnit>pixel</MeasurementUnit>
    <sourceImageInformation>
      <fileName>Varios_170_5.jpg</fileName>
      
    </sourceImageInformation>
  </Description>
  
  <Tags>
    <OtherTag ID="BT507" LABEL="CustomZone:impresorNum" DESCRIPTION="block type CustomZone:impresorNum"/><OtherTag ID="BT508" LABEL="CustomZone:numero_pliego" DESCRIPTION="block type CustomZone:numero_pliego"/><OtherTag ID="BT509" LABEL="CustomZone:title" DESCRIPTION="block type CustomZone:title"/><OtherTag ID="BT510" LABEL="GraphicZone:illustration" DESCRIPTION="block type GraphicZone:illustration"/><OtherTag ID="BT511" LABEL="GraphicZone:ornamentation" DESCRIPTION="block type GraphicZone:ornamentation"/><OtherTag ID="BT512" LABEL="MainZone" DESCRIPTION="block type MainZone"/><OtherTag ID="BT513" LABEL="MainZone:columns" DESCRIPTION="block type MainZone:columns"/><OtherTag ID="BT514" LABEL="MarginTextZone:colophon" DESCRIPTION="block type MarginTextZone:colophon"/><OtherTag ID="BT515" LABEL="MarginTextZone:note" DESCRIPTION="block type MarginTextZone:note"/><OtherTag ID="BT516" LABEL="MusicZone" DESCRIPTION="block type MusicZone"/><OtherTag ID="BT517" LABEL="NumberingZone:page" DESCRIPTION="block type NumberingZone:page"/><OtherTag ID="BT518" LABEL="QuireMarksZone:catchwords" DESCRIPTION="block type QuireMarksZone:catchwords"/><OtherTag ID="BT519" LABEL="QuireMarksZone:signature" DESCRIPTION="block type QuireMarksZone:signature"/><OtherTag ID="BT520" LABEL="RunningTitleZone" DESCRIPTION="block type RunningTitleZone"/>
    <OtherTag ID="LT180" LABEL="CustomLine:propriedad" DESCRIPTION="line type CustomLine:propriedad"/><OtherTag ID="LT181" LABEL="CustomLine:trailer" DESCRIPTION="line type CustomLine:trailer"/><OtherTag ID="LT182" LABEL="DefaultLine" DESCRIPTION="line type DefaultLine"/><OtherTag ID="LT183" LABEL="HeadingLine" DESCRIPTION="line type HeadingLine"/>
  </Tags>
  
  <Layout>
    <Page WIDTH="1753"
          HEIGHT="2480"
          PHYSICAL_IMG_NR="73"
          ID="eSc_dummypage_">
      <PrintSpace HPOS="0"
                  VPOS="0"
                  WIDTH="1753"
                  HEIGHT="2480">
        
        <TextBlock HPOS="8.0"
                   VPOS="115.0"
                   WIDTH="789.0"
                   HEIGHT="2164.0"
                   ID="eSc_textblock_366b1cb6"
                   TAGREFS="BT513">
          <Shape><Polygon POINTS="667 115 709 140 717 254 758 289 733 609 772 760 772 850 797 850 797 910 700 910 700 1019 678 1019 678 1091 797 1091 797 1158 700 1158 700 1264 797 1264 797 1443 720 1443 720 1735 707 1735 707 1892 782 1892 797 2033 717 2074 750 2207 725 2279 8 2246 24 140 198 115"/></Shape>
          
          
          <TextLine ID="eSc_line_08ba9784"
                    TAGREFS="LT182"
                    BASELINE="41 163 687 162" 
                    HPOS="39.0"
                    VPOS="115.0"
                    WIDTH="647.0"
                    HEIGHT="71.0">
            <Shape><Polygon POINTS="680 124 663 115 520 115 514 115 494 115 473 115 452 115 432 115 411 115 388 115 370 115 349 115 328 115 308 115 287 115 266 115 245 115 225 115 204 115 183 115 181 115 175 121 175 124 132 124 121 126 101 128 80 132 59 134 39 136 39 161 41 186 80 175 150 186 157 186 159 186 165 186 231 175 299 186 312 186 314 186 343 183 485 175 684 181 686 161 686 128 680 124"/></Shape>
	    <String CONTENT="y tambien le daba el agua"
                    HPOS="39.0"
                    VPOS="115.0"
                    WIDTH="647.0"
                    HEIGHT="71.0"></String>
          </TextLine>

          
          
          <TextLine ID="eSc_line_79cc76f7"
                    TAGREFS="LT182"
                    BASELINE="35 208 570 212" 
                    HPOS="33.0"
                    VPOS="161.0"
                    WIDTH="537.0"
                    HEIGHT="72.0">
            <Shape><Polygon POINTS="432 161 429 161 425 163 403 175 305 175 291 165 283 161 281 161 260 161 239 163 219 163 198 163 194 163 35 169 35 208 33 219 57 231 59 231 62 231 132 221 305 233 308 233 568 225 570 212 566 161 506 173 446 163 434 161 432 161"/></Shape>
	    <String CONTENT="con cariñosos afectos,"
                    HPOS="33.0"
                    VPOS="161.0"
                    WIDTH="537.0"
                    HEIGHT="72.0"></String>
          </TextLine>

          
          
          <TextLine ID="eSc_line_5747d9e1"
                    TAGREFS="LT182"
                    BASELINE="37 264 659 256" 
                    HPOS="35.0"
                    VPOS="208.0"
                    WIDTH="624.0"
                    HEIGHT="68.0">
            <Shape><Polygon POINTS="37 264 37 274 655 276 659 256 651 208 616 219 35 219 37 264"/></Shape>
	    <String CONTENT="que entre los infieles hay"
                    HPOS="35.0"
                    VPOS="208.0"
                    WIDTH="624.0"
                    HEIGHT="68.0"></String>
          </TextLine>

          
          
          <TextLine ID="eSc_line_45cbf12f"
                    TAGREFS="LT182"
                    BASELINE="35 312 740 307" 
                    HPOS="33.0"
                    VPOS="260.0"
                    WIDTH="707.0"
                    HEIGHT="70.0">
            <Shape><Polygon POINTS="233 262 231 262 229 262 190 262 177 264 157 264 136 264 130 264 33 264 35 312 35 326 735 330 740 307 735 272 508 260 506 260 423 268 382 272 365 268 347 262 345 262 343 262 293 268 250 272 241 266 235 262 233 262"/></Shape>
	    <String CONTENT="tambien nobles pensamientos."
                    HPOS="33.0"
                    VPOS="260.0"
                    WIDTH="707.0"
                    HEIGHT="70.0"></String>
          </TextLine>

          
          
          <TextLine ID="eSc_line_60dc6cb4"
                    TAGREFS="LT182"
                    BASELINE="39 359 640 363" 
                    HPOS="37.0"
                    VPOS="318.0"
                    WIDTH="603.0"
                    HEIGHT="58.0">
            <Shape><Polygon POINTS="39 359 37 376 638 376 640 363 638 320 39 318 39 359"/></Shape>
	    <String CONTENT="Y al cabo de cinco dias,"
                    HPOS="37.0"
                    VPOS="318.0"
                    WIDTH="603.0"
                    HEIGHT="58.0"></String>
          </TextLine>

          
          
          <TextLine ID="eSc_line_494349fa"
                    TAGREFS="LT182"
                    BASELINE="37 411 719 417" 
                    HPOS="35.0"
                    VPOS="361.0"
                    WIDTH="684.0"
                    HEIGHT="75.0">
            <Shape><Polygon POINTS="450 363 432 363 417 374 415 376 415 374 392 363 388 363 376 363 361 374 359 376 355 374 336 361 326 361 312 374 310 376 301 374 279 365 277 365 274 365 37 367 37 411 35 427 479 423 715 436 719 417 719 380 682 363 680 363 678 363 576 372 469 363 450 363"/></Shape>
	    <String CONTENT="por ver si se habia muerto,"
                    HPOS="35.0"
                    VPOS="361.0"
                    WIDTH="684.0"
                    HEIGHT="75.0"></String>
          </TextLine>

          
          
          <TextLine ID="eSc_line_0b419af2"
                    TAGREFS="LT182"
                    BASELINE="35 462 688 462" 
                    HPOS="35.0"
                    VPOS="413.0"
                    WIDTH="653.0"
                    HEIGHT="70.0">
            <Shape><Polygon POINTS="634 417 613 417 593 417 572 417 551 417 531 417 510 417 489 415 469 415 165 423 152 413 138 413 117 413 97 413 76 413 66 413 35 423 35 462 35 479 686 483 688 462 688 425 651 417 634 417"/></Shape>
	    <String CONTENT="dió la vuelta el Renegado,"
                    HPOS="35.0"
                    VPOS="413.0"
                    WIDTH="653.0"
                    HEIGHT="70.0"></String>
          </TextLine>

          
          
          <TextLine ID="eSc_line_91881af5"
                    TAGREFS="LT182"
                    BASELINE="45 510 731 516" 
                    HPOS="43.0"
                    VPOS="462.0"
                    WIDTH="688.0"
                    HEIGHT="75.0">
            <Shape><Polygon POINTS="500 465 479 465 458 465 438 465 417 465 413 465 330 471 308 465 293 465 272 465 252 465 231 465 210 465 190 465 169 465 148 465 128 465 107 465 86 465 66 465 45 465 45 510 43 529 268 522 281 533 281 535 283 535 285 535 287 535 301 535 394 524 467 535 469 535 471 535 473 535 475 535 487 527 498 535 498 537 500 537 502 537 504 537 514 537 568 527 727 537 731 516 729 462 549 473 510 465 500 465"/></Shape>
	    <String CONTENT="y viendo vivo á Don Pedro,"
                    HPOS="43.0"
                    VPOS="462.0"
                    WIDTH="688.0"
                    HEIGHT="75.0"></String>
          </TextLine>

          
          
          <TextLine ID="eSc_line_ad71c0da"
                    TAGREFS="LT182"
                    BASELINE="37 560 682 568" 
                    HPOS="35.0"
                    VPOS="512.0"
                    WIDTH="647.0"
                    HEIGHT="77.0">
            <Shape><Polygon POINTS="657 516 636 516 622 516 531 522 508 514 491 514 481 514 438 527 432 527 310 527 308 524 287 514 285 514 264 512 256 512 204 518 194 512 181 512 173 512 152 522 37 522 37 560 35 574 49 582 51 582 53 582 55 582 165 574 175 574 177 574 204 584 206 584 208 584 301 578 339 576 678 589 682 568 682 527 659 516 657 516"/></Shape>
	    <String CONTENT="con furia toma un cordel,"
                    HPOS="35.0"
                    VPOS="512.0"
                    WIDTH="647.0"
                    HEIGHT="77.0"></String>
          </TextLine>

          
          
          <TextLine ID="eSc_line_be96555d"
                    TAGREFS="LT182"
                    BASELINE="37 617 587 613" 
                    HPOS="35.0"
                    VPOS="564.0"
                    WIDTH="552.0"
                    HEIGHT="76.0">
            <Shape><Polygon POINTS="448 566 427 566 407 566 388 566 334 574 316 564 303 564 299 564 277 574 181 564 179 564 177 564 175 564 175 566 163 578 82 578 72 568 72 566 70 566 68 566 66 566 64 566 35 576 37 617 39 640 80 630 582 636 587 613 582 576 465 566 448 566"/></Shape>
	    <String CONTENT="para azotarle soberbio,"
                    HPOS="35.0"
                    VPOS="564.0"
                    WIDTH="552.0"
                    HEIGHT="76.0"></String>
          </TextLine>

          
          
          <TextLine ID="eSc_line_440f1740"
                    TAGREFS="LT182"
                    BASELINE="45 665 711 669" 
                    HPOS="43.0"
                    VPOS="615.0"
                    WIDTH="668.0"
                    HEIGHT="73.0">
            <Shape><Polygon POINTS="545 615 543 615 541 615 539 615 518 628 516 628 450 615 448 615 446 615 409 628 407 628 405 628 382 615 376 615 365 615 320 626 283 617 272 617 252 617 248 617 231 624 190 617 190 617 169 617 150 617 140 626 45 626 45 665 43 677 706 688 711 669 711 630 661 615 659 615 657 615 574 628 572 628 547 615 545 615"/></Shape>
	    <String CONTENT="y al tiempo de descargarle,"
                    HPOS="43.0"
                    VPOS="615.0"
                    WIDTH="668.0"
                    HEIGHT="73.0"></String>
          </TextLine>

          
          
          <TextLine ID="eSc_line_c3a3471a"
                    TAGREFS="LT182"
                    BASELINE="35 715 589 719" 
                    HPOS="33.0"
                    VPOS="663.0"
                    WIDTH="556.0"
                    HEIGHT="81.0">
            <Shape><Polygon POINTS="551 669 531 669 527 669 438 675 384 677 363 671 347 667 345 667 324 667 308 667 283 669 219 675 95 667 76 667 55 667 53 663 35 663 35 715 33 735 171 741 173 741 175 741 194 735 204 731 212 735 227 741 229 741 231 741 281 735 308 731 343 733 442 744 444 744 446 744 473 733 498 744 500 744 502 744 587 731 589 719 589 679 566 669 551 669"/></Shape>
	    <String CONTENT="le dixo: Señor, teneos,"
                    HPOS="33.0"
                    VPOS="663.0"
                    WIDTH="556.0"
                    HEIGHT="81.0"></String>
          </TextLine>

          
          
          <TextLine ID="eSc_line_aaa94cee"
                    TAGREFS="LT182"
                    BASELINE="43 770 754 766" 
                    HPOS="41.0"
                    VPOS="727.0"
                    WIDTH="713.0"
                    HEIGHT="64.0">
            <Shape><Polygon POINTS="43 770 43 787 231 781 347 789 386 791 388 791 390 791 392 791 394 789 407 779 446 789 448 789 450 789 452 789 458 789 562 779 585 789 587 789 589 791 752 791 754 766 750 729 41 727 43 770"/></Shape>
	    <String CONTENT="y advertid que es testimonio,"
                    HPOS="41.0"
                    VPOS="727.0"
                    WIDTH="713.0"
                    HEIGHT="64.0"></String>
          </TextLine>

          
          
          <TextLine ID="eSc_line_e7116e94"
                    TAGREFS="LT182"
                    BASELINE="39 812 754 818" 
                    HPOS="37.0"
                    VPOS="770.0"
                    WIDTH="717.0"
                    HEIGHT="69.0">
            <Shape><Polygon POINTS="39 812 37 822 103 837 105 837 210 826 227 826 235 828 274 839 277 839 279 839 281 839 310 830 316 828 750 839 754 818 752 781 39 770 39 812"/></Shape>
	    <String CONTENT="por lo que estoy padeciendo,"
                    HPOS="37.0"
                    VPOS="770.0"
                    WIDTH="717.0"
                    HEIGHT="69.0"></String>
          </TextLine>

          
          
          <TextLine ID="eSc_line_709081e2"
                    TAGREFS="LT182"
                    BASELINE="39 870 785 870" 
                    HPOS="37.0"
                    VPOS="830.0"
                    WIDTH="746.0"
                    HEIGHT="60.0">
            <Shape><Polygon POINTS="781 851 777 830 37 830 37 868 37 886 781 890 783 868 783 851 781 851"/></Shape>
	    <String CONTENT="Yo soy muger, no soy hombre,"
                    HPOS="37.0"
                    VPOS="830.0"
                    WIDTH="746.0"
                    HEIGHT="60.0"></String>
          </TextLine>

          
          
          <TextLine ID="eSc_line_f699538a"
                    TAGREFS="LT182"
                    BASELINE="45 921 675 915" 
                    HPOS="43.0"
                    VPOS="872.0"
                    WIDTH="632.0"
                    HEIGHT="68.0">
            <Shape><Polygon POINTS="663 872 642 872 638 872 630 878 628 880 514 880 510 878 502 872 498 872 477 872 456 872 436 872 432 872 427 876 423 882 359 882 355 876 349 872 332 872 330 872 310 876 281 880 266 876 258 872 250 872 241 872 235 874 219 882 186 874 175 872 167 872 146 872 126 872 105 872 93 872 90 874 80 882 43 874 45 921 45 940 675 925 675 915 673 876 665 872 663 872"/></Shape>
	    <String CONTENT="y para prueba de aquesto"
                    HPOS="43.0"
                    VPOS="872.0"
                    WIDTH="632.0"
                    HEIGHT="68.0"></String>
          </TextLine>

          
          
          <TextLine ID="eSc_line_a7ed21b7"
                    TAGREFS="LT182"
                    BASELINE="37 967 616 971" 
                    HPOS="35.0"
                    VPOS="925.0"
                    WIDTH="581.0"
                    HEIGHT="62.0">
            <Shape><Polygon POINTS="37 967 35 987 613 983 616 971 611 925 37 927 37 967"/></Shape>
	    <String CONTENT="un pecho le manifiesta ;"
                    HPOS="35.0"
                    VPOS="925.0"
                    WIDTH="581.0"
                    HEIGHT="62.0"></String>
          </TextLine>

          
          
          <TextLine ID="eSc_line_6c983d33"
                    TAGREFS="LT182"
                    BASELINE="53 1018 653 1016" 
                    HPOS="51.0"
                    VPOS="981.0"
                    WIDTH="602.0"
                    HEIGHT="56.0">
            <Shape><Polygon POINTS="53 1018 53 1029 649 1037 653 1016 649 983 51 981 53 1018"/></Shape>
	    <String CONTENT="y él dice : basta con eso."
                    HPOS="51.0"
                    VPOS="981.0"
                    WIDTH="602.0"
                    HEIGHT="56.0"></String>
          </TextLine>

          
          
          <TextLine ID="eSc_line_b0c9aff9"
                    TAGREFS="LT182"
                    BASELINE="39 1066 593 1072" 
                    HPOS="37.0"
                    VPOS="1012.0"
                    WIDTH="556.0"
                    HEIGHT="81.0">
            <Shape><Polygon POINTS="566 1018 564 1018 562 1018 479 1031 458 1033 454 1029 444 1020 444 1018 442 1018 440 1018 432 1018 411 1018 405 1018 403 1018 401 1018 380 1027 367 1031 357 1025 347 1018 328 1018 308 1018 287 1018 266 1018 262 1018 258 1020 245 1031 157 1020 155 1020 90 1029 59 1018 41 1012 39 1066 37 1076 78 1089 80 1089 82 1089 126 1078 132 1078 142 1078 223 1091 225 1091 227 1091 262 1080 268 1080 277 1082 322 1091 324 1091 326 1091 355 1082 367 1080 382 1085 417 1093 419 1093 421 1093 423 1093 450 1085 458 1082 465 1085 479 1093 481 1093 483 1093 591 1087 593 1072 593 1033 568 1018 566 1018"/></Shape>
	    <String CONTENT="De la prision la sacó,"
                    HPOS="37.0"
                    VPOS="1012.0"
                    WIDTH="556.0"
                    HEIGHT="81.0"></String>
          </TextLine>

          
          
          <TextLine ID="eSc_line_3f55b649"
                    TAGREFS="LT182"
                    BASELINE="35 1118 760 1122" 
                    HPOS="31.0"
                    VPOS="1068.0"
                    WIDTH="727.0"
                    HEIGHT="76.0">
            <Shape><Polygon POINTS="756 1091 735 1091 715 1091 694 1091 673 1089 671 1074 595 1070 593 1070 591 1070 589 1070 576 1080 574 1082 411 1082 407 1080 382 1068 380 1068 378 1068 376 1068 332 1078 320 1068 318 1068 316 1068 314 1068 33 1076 33 1116 31 1128 90 1142 93 1142 295 1134 386 1132 409 1138 434 1144 436 1144 438 1144 440 1144 442 1144 450 1138 456 1134 463 1138 471 1144 473 1144 475 1144 477 1144 547 1140 657 1134 754 1144 758 1120 758 1091 756 1091"/></Shape>
	    <String CONTENT="dandole abrazos muy tiernos,"
                    HPOS="31.0"
                    VPOS="1068.0"
                    WIDTH="727.0"
                    HEIGHT="76.0"></String>
          </TextLine>

          
          
          <TextLine ID="eSc_line_f5f07e27"
                    TAGREFS="LT182"
                    BASELINE="37 1167 651 1173" 
                    HPOS="35.0"
                    VPOS="1120.0"
                    WIDTH="616.0"
                    HEIGHT="66.0">
            <Shape><Polygon POINTS="467 1122 465 1122 463 1122 436 1126 419 1130 413 1126 405 1120 392 1120 367 1124 339 1130 287 1122 266 1120 264 1120 262 1120 258 1122 241 1130 186 1120 181 1120 161 1120 144 1120 93 1128 55 1120 37 1120 37 1167 35 1184 647 1186 651 1173 649 1134 483 1134 477 1128 469 1122 467 1122"/></Shape>
	    <String CONTENT="le dice: Cristiana amiga,"
                    HPOS="35.0"
                    VPOS="1120.0"
                    WIDTH="616.0"
                    HEIGHT="66.0"></String>
          </TextLine>

          
          
          <TextLine ID="eSc_line_3a90f855"
                    TAGREFS="LT182"
                    BASELINE="35 1219 628 1219" 
                    HPOS="35.0"
                    VPOS="1171.0"
                    WIDTH="593.0"
                    HEIGHT="69.0">
            <Shape><Polygon POINTS="613 1173 599 1180 580 1173 572 1173 551 1173 545 1173 535 1180 516 1173 510 1173 489 1173 469 1173 467 1173 448 1180 398 1171 386 1171 365 1171 351 1171 339 1178 299 1171 283 1171 272 1171 262 1180 35 1171 35 1219 35 1233 626 1240 628 1219 624 1173 613 1173"/></Shape>
	    <String CONTENT="dadme parte del suceso."
                    HPOS="35.0"
                    VPOS="1171.0"
                    WIDTH="593.0"
                    HEIGHT="69.0"></String>
          </TextLine>

          
          
          <TextLine ID="eSc_line_3f4486d4"
                    TAGREFS="LT182"
                    BASELINE="39 1268 640 1273" 
                    HPOS="37.0"
                    VPOS="1221.0"
                    WIDTH="603.0"
                    HEIGHT="76.0">
            <Shape><Polygon POINTS="597 1221 589 1221 572 1229 531 1221 514 1221 512 1221 481 1231 479 1231 475 1231 448 1221 434 1221 417 1229 405 1235 341 1235 316 1225 301 1221 287 1221 272 1221 262 1225 252 1227 202 1223 181 1221 163 1221 155 1221 152 1221 142 1231 55 1221 39 1221 39 1268 37 1281 88 1295 90 1295 93 1297 138 1297 138 1295 140 1295 142 1295 142 1293 152 1285 155 1285 169 1295 171 1295 173 1295 175 1295 177 1295 198 1287 202 1285 229 1287 316 1295 318 1295 320 1295 322 1295 328 1289 339 1281 359 1291 370 1295 372 1295 374 1295 376 1295 390 1291 419 1283 558 1283 636 1297 640 1273 640 1235 605 1221 597 1221"/></Shape>
	    <String CONTENT="Yo, Señor, os lo diré ,"
                    HPOS="37.0"
                    VPOS="1221.0"
                    WIDTH="603.0"
                    HEIGHT="76.0"></String>
          </TextLine>

          
          
          <TextLine ID="eSc_line_34400e2e"
                    TAGREFS="LT182"
                    BASELINE="31 1318 744 1322" 
                    HPOS="28.0"
                    VPOS="1271.0"
                    WIDTH="716.0"
                    HEIGHT="76.0">
            <Shape><Polygon POINTS="593 1273 591 1273 514 1287 460 1273 458 1273 456 1273 454 1273 452 1273 429 1287 301 1275 299 1275 210 1285 163 1271 161 1271 159 1271 157 1271 117 1285 68 1275 66 1275 64 1275 31 1285 31 1318 28 1341 90 1343 93 1343 95 1343 97 1343 97 1341 107 1330 132 1341 138 1343 140 1343 142 1343 167 1341 252 1330 283 1339 289 1341 291 1341 293 1341 305 1339 353 1330 372 1339 384 1345 386 1345 388 1347 491 1347 491 1345 494 1345 508 1337 518 1333 539 1337 570 1345 572 1345 574 1345 576 1345 597 1337 609 1333 628 1337 667 1345 669 1345 742 1335 744 1322 744 1289 692 1273 690 1273 647 1273 644 1273 642 1273 640 1273 640 1275 628 1287 595 1273 593 1273"/></Shape>
	    <String CONTENT="sin faltar un punto de ello."
                    HPOS="28.0"
                    VPOS="1271.0"
                    WIDTH="716.0"
                    HEIGHT="76.0"></String>
          </TextLine>

          
          
          <TextLine ID="eSc_line_cf47e0d9"
                    TAGREFS="LT182"
                    BASELINE="33 1370 665 1374" 
                    HPOS="31.0"
                    VPOS="1320.0"
                    WIDTH="634.0"
                    HEIGHT="72.0">
            <Shape><Polygon POINTS="442 1322 440 1322 382 1335 376 1335 374 1335 353 1320 351 1320 349 1320 347 1320 33 1330 33 1370 31 1386 661 1392 665 1374 663 1337 473 1337 471 1335 444 1322 442 1322"/></Shape>
	    <String CONTENT="Apénas fuisteis al campo ,"
                    HPOS="31.0"
                    VPOS="1320.0"
                    WIDTH="634.0"
                    HEIGHT="72.0"></String>
          </TextLine>

          
          
          <TextLine ID="eSc_line_7f1dc245"
                    TAGREFS="LT182"
                    BASELINE="31 1419 704 1426" 
                    HPOS="28.0"
                    VPOS="1374.0"
                    WIDTH="676.0"
                    HEIGHT="74.0">
            <Shape><Polygon POINTS="460 1374 31 1380 31 1419 28 1440 239 1434 308 1440 382 1446 384 1446 446 1438 463 1436 465 1438 475 1446 475 1448 477 1448 479 1448 481 1448 535 1438 620 1448 622 1448 624 1448 667 1438 684 1448 686 1448 688 1448 690 1448 692 1448 694 1448 694 1446 702 1436 704 1426 700 1376 589 1386 498 1376 463 1374 460 1374"/></Shape>
	    <String CONTENT="mi ama declaró su intento;"
                    HPOS="28.0"
                    VPOS="1374.0"
                    WIDTH="676.0"
                    HEIGHT="74.0"></String>
          </TextLine>

          
          
          <TextLine ID="eSc_line_be152077"
                    TAGREFS="LT182"
                    BASELINE="37 1475 607 1475" 
                    HPOS="37.0"
                    VPOS="1430.0"
                    WIDTH="570.0"
                    HEIGHT="64.0">
            <Shape><Polygon POINTS="37 1475 37 1494 607 1490 607 1475 605 1430 37 1430 37 1475"/></Shape>
	    <String CONTENT="yo Señor, la disuadia,"
                    HPOS="37.0"
                    VPOS="1430.0"
                    WIDTH="570.0"
                    HEIGHT="64.0"></String>
          </TextLine>

          
          
          <TextLine ID="eSc_line_231653ea"
                    TAGREFS="LT182"
                    BASELINE="31 1521 651 1525" 
                    HPOS="28.0"
                    VPOS="1473.0"
                    WIDTH="623.0"
                    HEIGHT="77.0">
            <Shape><Polygon POINTS="485 1477 465 1477 463 1477 444 1485 421 1477 403 1477 388 1477 355 1485 274 1485 268 1479 266 1477 258 1477 243 1477 241 1479 235 1483 221 1479 212 1477 196 1477 175 1477 173 1479 167 1485 113 1485 105 1481 90 1477 72 1477 51 1477 49 1475 31 1481 31 1521 28 1539 43 1547 45 1547 47 1547 49 1550 214 1550 214 1547 217 1547 219 1547 219 1545 227 1539 229 1537 237 1539 268 1547 270 1547 272 1550 649 1550 651 1525 647 1473 504 1483 489 1477 485 1477"/></Shape>
	    <String CONTENT="dandola buenos consejos,"
                    HPOS="28.0"
                    VPOS="1473.0"
                    WIDTH="623.0"
                    HEIGHT="77.0"></String>
          </TextLine>

          
          
          <TextLine ID="eSc_line_f648a1c2"
                    TAGREFS="LT182"
                    BASELINE="31 1574 675 1574" 
                    HPOS="31.0"
                    VPOS="1537.0"
                    WIDTH="644.0"
                    HEIGHT="60.0">
            <Shape><Polygon POINTS="31 1574 31 1597 675 1597 675 1574 675 1537 31 1537 31 1574"/></Shape>
	    <String CONTENT="mas no pude convencerila;"
                    HPOS="31.0"
                    VPOS="1537.0"
                    WIDTH="644.0"
                    HEIGHT="60.0"></String>
          </TextLine>

          
          
          <TextLine ID="eSc_line_effe1b44"
                    TAGREFS="LT182"
                    BASELINE="35 1620 659 1624" 
                    HPOS="33.0"
                    VPOS="1576.0"
                    WIDTH="626.0"
                    HEIGHT="69.0">
            <Shape><Polygon POINTS="655 1576 634 1576 613 1576 593 1576 578 1576 566 1589 421 1589 409 1576 407 1576 386 1576 384 1576 334 1585 322 1576 310 1576 299 1585 35 1576 35 1620 33 1632 49 1643 51 1643 53 1643 55 1645 181 1645 181 1643 183 1643 186 1643 198 1632 363 1645 365 1645 423 1634 432 1634 436 1636 456 1645 458 1645 460 1645 657 1638 659 1624 657 1576 655 1576"/></Shape>
	    <String CONTENT="viendo no habia remedio,"
                    HPOS="33.0"
                    VPOS="1576.0"
                    WIDTH="626.0"
                    HEIGHT="69.0"></String>
          </TextLine>

          
          
          <TextLine ID="eSc_line_a5111c97"
                    TAGREFS="LT182"
                    BASELINE="35 1671 706 1676" 
                    HPOS="33.0"
                    VPOS="1622.0"
                    WIDTH="673.0"
                    HEIGHT="78.0">
            <Shape><Polygon POINTS="33 1688 171 1698 173 1698 206 1692 241 1686 293 1694 328 1698 330 1698 349 1694 380 1688 388 1696 394 1700 396 1700 398 1700 401 1700 403 1700 405 1700 405 1698 409 1696 417 1688 545 1688 611 1700 622 1700 624 1700 626 1700 628 1700 657 1688 700 1700 706 1676 706 1634 558 1626 556 1626 531 1630 489 1638 463 1628 454 1626 452 1626 450 1626 434 1628 386 1638 357 1628 349 1624 347 1624 227 1624 225 1624 223 1624 221 1624 204 1636 161 1626 159 1626 157 1626 78 1636 37 1622 35 1671 33 1688"/></Shape>
	    <String CONTENT="le volví Señor, la espalda,"
                    HPOS="33.0"
                    VPOS="1622.0"
                    WIDTH="673.0"
                    HEIGHT="78.0"></String>
          </TextLine>

          
          
          <TextLine ID="eSc_line_4a00f88a"
                    TAGREFS="LT182"
                    BASELINE="39 1725 678 1729" 
                    HPOS="37.0"
                    VPOS="1680.0"
                    WIDTH="641.0"
                    HEIGHT="72.0">
            <Shape><Polygon POINTS="39 1725 37 1746 183 1740 285 1750 291 1750 293 1750 295 1750 328 1740 351 1750 355 1752 357 1752 359 1752 361 1752 365 1750 390 1742 413 1752 417 1752 419 1752 421 1752 423 1752 425 1752 442 1742 483 1752 489 1752 491 1752 510 1752 642 1742 671 1752 678 1729 678 1692 640 1680 638 1680 636 1680 634 1680 609 1690 607 1690 39 1682 39 1725"/></Shape>
	    <String CONTENT="y me vine á mi aposento,"
                    HPOS="37.0"
                    VPOS="1680.0"
                    WIDTH="641.0"
                    HEIGHT="72.0"></String>
          </TextLine>

          
          
          <TextLine ID="eSc_line_4a943e37"
                    TAGREFS="LT182"
                    BASELINE="45 1771 582 1775" 
                    HPOS="43.0"
                    VPOS="1736.0"
                    WIDTH="539.0"
                    HEIGHT="64.0">
            <Shape><Polygon POINTS="45 1771 43 1781 88 1798 90 1798 93 1798 200 1787 202 1787 208 1787 322 1800 324 1800 361 1791 384 1787 578 1798 582 1775 580 1738 45 1736 45 1771"/></Shape>
	    <String CONTENT="y por aquesta ccasion"
                    HPOS="43.0"
                    VPOS="1736.0"
                    WIDTH="539.0"
                    HEIGHT="64.0"></String>
          </TextLine>

          
          
          <TextLine ID="eSc_line_9bff6d6b"
                    TAGREFS="LT182"
                    BASELINE="33 1826 607 1822" 
                    HPOS="31.0"
                    VPOS="1775.0"
                    WIDTH="576.0"
                    HEIGHT="76.0">
            <Shape><Polygon POINTS="485 1775 465 1775 446 1775 372 1783 316 1787 299 1781 289 1777 287 1777 285 1777 233 1779 109 1787 31 1777 33 1826 37 1851 55 1841 217 1847 295 1849 297 1849 605 1837 607 1822 603 1787 487 1775 485 1775"/></Shape>
	    <String CONTENT="hizo, Señor, juramento"
                    HPOS="31.0"
                    VPOS="1775.0"
                    WIDTH="576.0"
                    HEIGHT="76.0"></String>
          </TextLine>

          
          
          <TextLine ID="eSc_line_9a7f6876"
                    TAGREFS="LT182"
                    BASELINE="28 1872 692 1876" 
                    HPOS="26.0"
                    VPOS="1833.0"
                    WIDTH="666.0"
                    HEIGHT="60.0">
            <Shape><Polygon POINTS="28 1872 26 1893 690 1893 692 1876 692 1839 28 1833 28 1872"/></Shape>
	    <String CONTENT="de tomar de mi venganza;"
                    HPOS="26.0"
                    VPOS="1833.0"
                    WIDTH="666.0"
                    HEIGHT="60.0"></String>
          </TextLine>

          
          
          <TextLine ID="eSc_line_ddb74c28"
                    TAGREFS="LT182"
                    BASELINE="28 1922 735 1926" 
                    HPOS="26.0"
                    VPOS="1880.0"
                    WIDTH="709.0"
                    HEIGHT="70.0">
            <Shape><Polygon POINTS="28 1922 26 1938 55 1948 57 1948 59 1948 152 1938 163 1938 183 1938 382 1950 384 1950 432 1942 442 1940 448 1942 471 1950 473 1950 475 1950 518 1942 535 1940 731 1944 735 1926 735 1886 28 1880 28 1922"/></Shape>
	    <String CONTENT="como vos lo estais ya viendo."
                    HPOS="26.0"
                    VPOS="1880.0"
                    WIDTH="709.0"
                    HEIGHT="70.0"></String>
          </TextLine>

          
          
          <TextLine ID="eSc_line_42e21cee"
                    TAGREFS="LT182"
                    BASELINE="39 1975 787 1979" 
                    HPOS="35.0"
                    VPOS="1926.0"
                    WIDTH="750.0"
                    HEIGHT="82.0">
            <Shape><Polygon POINTS="35 1992 305 2004 308 2004 310 2004 326 1998 349 1992 380 2000 411 2006 413 2006 415 2006 417 2006 425 2000 434 1994 463 2002 483 2006 485 2006 487 2006 489 2006 491 2006 498 2002 510 1994 580 2004 607 2006 609 2006 630 2004 709 1994 721 2004 721 2006 723 2006 725 2006 727 2008 783 2008 785 1977 785 1944 744 1930 742 1930 740 1930 737 1930 711 1942 709 1942 684 1942 531 1930 529 1930 527 1930 525 1930 516 1936 508 1944 423 1944 374 1934 351 1930 349 1930 347 1930 339 1932 324 1938 320 1932 316 1930 316 1928 314 1928 312 1928 310 1928 308 1928 305 1928 299 1932 289 1938 169 1928 152 1928 150 1928 146 1928 95 1940 39 1926 37 1973 35 1992"/></Shape>
	    <String CONTENT="Mandó al punto el Renegado,"
                    HPOS="35.0"
                    VPOS="1926.0"
                    WIDTH="750.0"
                    HEIGHT="82.0"></String>
          </TextLine>

          
          
          <TextLine ID="eSc_line_44a1c361"
                    TAGREFS="LT182"
                    BASELINE="31 2029 764 2025" 
                    HPOS="28.0"
                    VPOS="1984.0"
                    WIDTH="736.0"
                    HEIGHT="70.0">
            <Shape><Polygon POINTS="31 2029 31 2048 167 2041 173 2046 177 2050 177 2052 179 2052 181 2052 183 2054 277 2054 277 2052 326 2043 349 2041 361 2043 390 2052 392 2052 394 2052 502 2041 533 2039 535 2041 543 2048 543 2050 545 2050 547 2050 549 2052 723 2052 723 2050 725 2050 764 2037 764 2025 760 1992 28 1984 31 2029"/></Shape>
	    <String CONTENT="que la prenda, y al momento"
                    HPOS="28.0"
                    VPOS="1984.0"
                    WIDTH="736.0"
                    HEIGHT="70.0"></String>
          </TextLine>

          
          
          <TextLine ID="eSc_line_d3f6eea7"
                    TAGREFS="LT182"
                    BASELINE="28 2077 533 2072" 
                    HPOS="26.0"
                    VPOS="2039.0"
                    WIDTH="507.0"
                    HEIGHT="52.0">
            <Shape><Polygon POINTS="28 2077 28 2091 531 2087 533 2072 527 2039 26 2039 28 2077"/></Shape>
	    <String CONTENT="executan el mandato"
                    HPOS="26.0"
                    VPOS="2039.0"
                    WIDTH="507.0"
                    HEIGHT="52.0"></String>
          </TextLine>

          
          
          <TextLine ID="eSc_line_5a94665a"
                    TAGREFS="LT182"
                    BASELINE="26 2124 675 2130" 
                    HPOS="24.0"
                    VPOS="2077.0"
                    WIDTH="651.0"
                    HEIGHT="74.0">
            <Shape><Polygon POINTS="26 2124 24 2136 45 2147 47 2147 49 2147 183 2139 196 2139 200 2139 239 2149 241 2149 243 2151 673 2151 675 2130 675 2093 620 2079 618 2079 537 2079 535 2079 533 2079 531 2079 531 2081 520 2089 518 2091 429 2091 425 2087 413 2077 411 2077 409 2077 407 2077 405 2077 403 2077 392 2087 388 2089 378 2087 334 2077 332 2077 289 2085 274 2087 26 2081 26 2124"/></Shape>
	    <String CONTENT="de su amo, y la metieron"
                    HPOS="24.0"
                    VPOS="2077.0"
                    WIDTH="651.0"
                    HEIGHT="74.0"></String>
          </TextLine>

          
          
          <TextLine ID="eSc_line_ec76e76f"
                    TAGREFS="LT182"
                    BASELINE="28 2176 682 2182" 
                    HPOS="26.0"
                    VPOS="2134.0"
                    WIDTH="656.0"
                    HEIGHT="69.0">
            <Shape><Polygon POINTS="28 2176 26 2196 204 2198 206 2198 208 2198 233 2188 353 2201 361 2201 363 2201 370 2201 450 2190 471 2203 473 2203 475 2203 477 2203 489 2203 566 2192 678 2203 682 2182 680 2134 28 2136 28 2176"/></Shape>
	    <String CONTENT="en una obscura mazmorra,"
                    HPOS="26.0"
                    VPOS="2134.0"
                    WIDTH="656.0"
                    HEIGHT="69.0"></String>
          </TextLine>

          
          
          <TextLine ID="eSc_line_e8ece0f1"
                    TAGREFS="LT182"
                    BASELINE="28 2229 735 2229" 
                    HPOS="28.0"
                    VPOS="2180.0"
                    WIDTH="707.0"
                    HEIGHT="91.0">
            <Shape><Polygon POINTS="607 2182 603 2182 580 2192 566 2182 566 2182 551 2182 531 2192 529 2192 523 2192 469 2180 463 2180 434 2190 427 2192 409 2190 324 2180 322 2180 268 2190 250 2192 231 2188 190 2180 188 2180 28 2186 28 2229 31 2265 57 2250 144 2246 157 2256 159 2256 161 2256 163 2256 165 2256 198 2246 243 2267 250 2269 252 2269 254 2269 256 2269 258 2269 260 2267 289 2248 308 2267 310 2267 310 2269 312 2269 314 2269 316 2271 367 2271 367 2269 370 2269 372 2269 372 2267 390 2250 448 2258 450 2258 452 2258 498 2246 539 2267 541 2267 543 2267 545 2267 595 2246 657 2269 659 2269 661 2271 735 2271 735 2229 735 2194 638 2194 636 2192 620 2182 607 2182"/></Shape>
	    <String CONTENT="mientras se prendia el fuego."
                    HPOS="28.0"
                    VPOS="2180.0"
                    WIDTH="707.0"
                    HEIGHT="91.0"></String>
          </TextLine>

          
        </TextBlock>
        
        <TextBlock HPOS="802.0"
                   VPOS="124.0"
                   WIDTH="791.0"
                   HEIGHT="2147.0"
                   ID="eSc_textblock_242853a7"
                   TAGREFS="BT513">
          <Shape><Polygon POINTS="826 124 1469 124 1502 148 1569 411 1494 595 1511 692 1486 783 1502 857 1577 942 1552 1047 1593 1107 1544 1254 1494 1306 1519 1461 1486 1535 1535 1653 1544 1833 1486 1893 1469 2023 1544 2157 1527 2229 1370 2271 818 2271 802 2152 802 2150 814 2150 814 552 809 488"/></Shape>
          
          
          <TextLine ID="eSc_line_538f82f8"
                    TAGREFS="LT182"
                    BASELINE="828 161 1465 161" 
                    HPOS="826.0"
                    VPOS="126.0"
                    WIDTH="637.0"
                    HEIGHT="53.0">
            <Shape><Polygon POINTS="1447 126 1426 126 1405 126 1385 126 1364 126 1343 126 1323 126 1302 126 1281 126 1261 126 1240 126 1219 126 1198 126 1178 126 1157 126 1136 126 1116 126 1095 126 1074 126 1054 126 1033 126 1012 126 992 126 971 126 950 126 930 126 909 126 888 126 868 126 847 126 826 126 826 159 826 173 1461 179 1463 159 1463 126 1447 126"/></Shape>
	    <String CONTENT="Llena una tina de aceyte,"
                    HPOS="826.0"
                    VPOS="126.0"
                    WIDTH="637.0"
                    HEIGHT="53.0"></String>
          </TextLine>

          
          
          <TextLine ID="eSc_line_5bc42a36"
                    TAGREFS="LT182"
                    BASELINE="826 206 1473 212" 
                    HPOS="824.0"
                    VPOS="163.0"
                    WIDTH="649.0"
                    HEIGHT="74.0">
            <Shape><Polygon POINTS="1341 163 1329 163 1316 173 1310 173 1258 163 1238 163 1217 163 1209 163 1157 171 1153 171 1151 171 1130 163 1114 163 1101 163 1079 171 1077 171 1072 171 1050 163 1031 163 1015 163 1004 169 990 163 990 163 969 163 959 163 950 169 826 169 826 206 824 223 831 229 833 229 833 231 835 231 837 231 839 231 979 219 1074 233 1077 233 1372 223 1387 235 1389 235 1391 235 1393 237 1449 237 1449 235 1451 235 1471 223 1473 212 1471 175 1358 163 1341 163"/></Shape>
	    <String CONTENT="mandó que pusiesen fuego,"
                    HPOS="824.0"
                    VPOS="163.0"
                    WIDTH="649.0"
                    HEIGHT="74.0"></String>
          </TextLine>

          
          
          <TextLine ID="eSc_line_374a1873"
                    TAGREFS="LT182"
                    BASELINE="835 258 1513 262" 
                    HPOS="833.0"
                    VPOS="210.0"
                    WIDTH="680.0"
                    HEIGHT="71.0">
            <Shape><Polygon POINTS="1362 212 1360 212 1358 212 1343 217 1325 223 1292 217 1267 212 1265 212 1263 212 1248 217 1221 223 1145 214 1099 210 1097 210 1095 210 1093 210 1089 214 1079 221 1062 214 1054 210 1052 210 1050 210 1048 210 1039 212 1025 221 1012 212 1008 210 1006 210 1004 210 1002 210 1000 210 998 210 996 212 979 223 849 223 841 210 835 258 833 274 1043 268 1252 281 1277 281 1279 281 1285 281 1343 270 1366 281 1368 281 1370 281 1372 281 1409 270 1509 281 1513 262 1509 221 1397 223 1380 219 1364 212 1362 212"/></Shape>
	    <String CONTENT="y asi al instante que hirvió,"
                    HPOS="833.0"
                    VPOS="210.0"
                    WIDTH="680.0"
                    HEIGHT="71.0"></String>
          </TextLine>

          
          
          <TextLine ID="eSc_line_5c5378a8"
                    TAGREFS="LT182"
                    BASELINE="831 312 1371 307" 
                    HPOS="826.0"
                    VPOS="258.0"
                    WIDTH="544.0"
                    HEIGHT="70.0">
            <Shape><Polygon POINTS="1261 260 1240 260 1219 260 1198 260 1178 260 1157 258 1136 258 1116 258 1095 258 1074 258 1056 258 826 266 828 310 828 328 1368 328 1370 305 1366 264 1279 260 1261 260"/></Shape>
	    <String CONTENT="á Abeceli la trageron,"
                    HPOS="826.0"
                    VPOS="258.0"
                    WIDTH="544.0"
                    HEIGHT="70.0"></String>
          </TextLine>

          
          
          <TextLine ID="eSc_line_376f023c"
                    TAGREFS="LT182"
                    BASELINE="839 365 1198 359 1519 365" 
                    HPOS="837.0"
                    VPOS="310.0"
                    WIDTH="682.0"
                    HEIGHT="74.0">
            <Shape><Polygon POINTS="1161 310 1159 310 1157 310 1155 310 1118 320 1012 312 1002 312 981 312 963 312 837 322 839 365 839 384 930 374 1515 380 1519 365 1517 320 1473 310 1471 310 1469 310 1174 320 1163 312 1163 310 1161 310"/></Shape>
	    <String CONTENT="y amarrada á una columna,"
                    HPOS="837.0"
                    VPOS="310.0"
                    WIDTH="682.0"
                    HEIGHT="74.0"></String>
          </TextLine>

          
          
          <TextLine ID="eSc_line_4f80e1eb"
                    TAGREFS="LT182"
                    BASELINE="826 411 1544 411" 
                    HPOS="826.0"
                    VPOS="363.0"
                    WIDTH="718.0"
                    HEIGHT="73.0">
            <Shape><Polygon POINTS="1012 363 992 363 971 363 950 365 930 365 909 365 907 365 899 374 826 374 826 411 826 431 1108 425 1227 436 1248 436 1250 436 1252 436 1254 436 1254 434 1265 425 1364 425 1542 436 1544 411 1544 374 1019 363 1012 363"/></Shape>
	    <String CONTENT="se lo hechaban por el cuerpo."
                    HPOS="826.0"
                    VPOS="363.0"
                    WIDTH="718.0"
                    HEIGHT="73.0"></String>
          </TextLine>

          
          
          <TextLine ID="eSc_line_f1b5239d"
                    TAGREFS="LT182"
                    BASELINE="826 458 1438 462" 
                    HPOS="824.0"
                    VPOS="413.0"
                    WIDTH="614.0"
                    HEIGHT="64.0">
            <Shape><Polygon POINTS="1385 413 1364 413 1354 413 1333 419 1329 419 826 415 826 458 824 477 1436 475 1438 462 1436 421 1395 413 1385 413"/></Shape>
	    <String CONTENT="Mandó apartasen la tina,"
                    HPOS="824.0"
                    VPOS="413.0"
                    WIDTH="614.0"
                    HEIGHT="64.0"></String>
          </TextLine>

          
          
          <TextLine ID="eSc_line_f9794982"
                    TAGREFS="LT182"
                    BASELINE="837 514 1292 508 1480 516" 
                    HPOS="835.0"
                    VPOS="460.0"
                    WIDTH="645.0"
                    HEIGHT="77.0">
            <Shape><Polygon POINTS="1434 462 1424 462 1225 471 1128 469 843 462 841 462 839 462 837 462 837 465 835 465 837 514 841 537 859 524 899 535 901 535 903 535 1025 524 1246 533 1248 533 1250 533 1271 522 1475 533 1480 516 1475 460 1434 460 1434 462"/></Shape>
	    <String CONTENT="y que la arrojen al fuego,"
                    HPOS="835.0"
                    VPOS="460.0"
                    WIDTH="645.0"
                    HEIGHT="77.0"></String>
          </TextLine>

          
          
          <TextLine ID="eSc_line_adbd9e2a"
                    TAGREFS="LT182"
                    BASELINE="828 558 1403 566" 
                    HPOS="826.0"
                    VPOS="512.0"
                    WIDTH="577.0"
                    HEIGHT="74.0">
            <Shape><Polygon POINTS="1056 512 1048 512 1039 520 1037 520 905 520 903 518 897 514 890 514 870 514 849 514 828 516 828 558 826 576 967 570 988 582 990 582 992 582 994 582 1025 582 1256 574 1399 586 1403 566 1403 524 1232 524 1227 522 1209 512 1207 512 1205 512 1203 512 1201 512 1186 520 1184 522 1178 520 1147 512 1145 512 1143 512 1091 520 1087 520 1085 520 1060 512 1056 512"/></Shape>
	    <String CONTENT="donde pereció la Mora,"
                    HPOS="826.0"
                    VPOS="512.0"
                    WIDTH="577.0"
                    HEIGHT="74.0"></String>
          </TextLine>

          
          
          <TextLine ID="eSc_line_ec0b9000"
                    TAGREFS="LT182"
                    BASELINE="833 613 1416 613" 
                    HPOS="833.0"
                    VPOS="562.0"
                    WIDTH="583.0"
                    HEIGHT="70.0">
            <Shape><Polygon POINTS="1143 564 1122 564 1101 562 1081 574 955 574 905 562 903 562 833 572 833 613 833 628 1413 632 1416 613 1416 574 1157 564 1143 564"/></Shape>
	    <String CONTENT="pagando su atrevimiento."
                    HPOS="833.0"
                    VPOS="562.0"
                    WIDTH="583.0"
                    HEIGHT="70.0"></String>
          </TextLine>

          
          
          <TextLine ID="eSc_line_40201e8f"
                    TAGREFS="LT182"
                    BASELINE="837 661 1469 669" 
                    HPOS="835.0"
                    VPOS="615.0"
                    WIDTH="634.0"
                    HEIGHT="75.0">
            <Shape><Polygon POINTS="1376 615 1374 615 1372 615 1370 615 1343 630 1287 617 1285 617 1283 617 1279 617 1182 626 1159 617 1151 615 1147 615 1126 615 1116 615 1101 620 1083 624 1066 620 1052 615 1043 615 1023 615 1002 615 981 615 967 615 837 622 837 661 835 679 971 673 1035 686 1043 686 1046 686 1068 686 1275 677 1465 690 1469 669 1469 615 1395 615 1376 615"/></Shape>
	    <String CONTENT="Y al cabo de pocos dias,"
                    HPOS="835.0"
                    VPOS="615.0"
                    WIDTH="634.0"
                    HEIGHT="75.0"></String>
          </TextLine>

          
          
          <TextLine ID="eSc_line_e6d4591c"
                    TAGREFS="LT182"
                    BASELINE="828 710 1403 715" 
                    HPOS="826.0"
                    VPOS="663.0"
                    WIDTH="577.0"
                    HEIGHT="72.0">
            <Shape><Polygon POINTS="1366 669 1345 669 1325 669 1304 667 1283 667 1263 667 1261 667 1254 673 1254 675 1132 675 1128 671 1122 665 1118 665 1097 665 1052 671 1043 671 1041 671 1029 665 1015 665 994 663 973 663 969 663 828 667 828 710 826 723 870 735 872 735 874 735 1401 731 1403 715 1403 675 1385 669 1366 669"/></Shape>
	    <String CONTENT="con felices pensamientos"
                    HPOS="826.0"
                    VPOS="663.0"
                    WIDTH="577.0"
                    HEIGHT="72.0"></String>
          </TextLine>

          
          
          <TextLine ID="eSc_line_35cfb300"
                    TAGREFS="LT182"
                    BASELINE="826 766 1430 766" 
                    HPOS="826.0"
                    VPOS="715.0"
                    WIDTH="604.0"
                    HEIGHT="68.0">
            <Shape><Polygon POINTS="1211 715 1141 721 1079 725 1039 719 1019 715 1017 715 1015 715 1002 717 971 725 930 717 919 715 917 715 915 715 911 715 884 725 826 715 826 766 826 783 1430 783 1430 766 1430 727 1213 715 1211 715"/></Shape>
	    <String CONTENT="ha llamado el Renegado"
                    HPOS="826.0"
                    VPOS="715.0"
                    WIDTH="604.0"
                    HEIGHT="68.0"></String>
          </TextLine>

          
          
          <TextLine ID="eSc_line_429741c7"
                    TAGREFS="LT182"
                    BASELINE="824 812 1444 816" 
                    HPOS="822.0"
                    VPOS="766.0"
                    WIDTH="622.0"
                    HEIGHT="77.0">
            <Shape><Polygon POINTS="886 768 866 768 845 768 824 766 824 812 822 837 831 843 833 843 835 843 837 843 1442 839 1444 816 1440 768 1217 777 903 768 886 768"/></Shape>
	    <String CONTENT="á aquel hermoso portento"
                    HPOS="822.0"
                    VPOS="766.0"
                    WIDTH="622.0"
                    HEIGHT="77.0"></String>
          </TextLine>

          
          
          <TextLine ID="eSc_line_159d2a20"
                    TAGREFS="LT182"
                    BASELINE="822 863 1407 868" 
                    HPOS="820.0"
                    VPOS="828.0"
                    WIDTH="587.0"
                    HEIGHT="58.0">
            <Shape><Polygon POINTS="822 863 820 874 855 886 857 886 859 886 1405 878 1407 868 1405 832 822 828 822 863"/></Shape>
	    <String CONTENT="de Doña Joseſa, y ella"
                    HPOS="820.0"
                    VPOS="828.0"
                    WIDTH="587.0"
                    HEIGHT="58.0"></String>
          </TextLine>

          
          
          <TextLine ID="eSc_line_206ebfc3"
                    TAGREFS="LT182"
                    BASELINE="828 913 1459 917" 
                    HPOS="826.0"
                    VPOS="865.0"
                    WIDTH="633.0"
                    HEIGHT="77.0">
            <Shape><Polygon POINTS="1407 868 1387 868 1366 868 1364 868 1271 874 1219 876 1192 872 1167 868 1159 868 1139 868 1128 868 1126 870 1118 874 828 865 828 913 826 923 915 940 917 940 1043 932 1151 942 1153 942 1215 930 1246 942 1248 942 1250 942 1252 942 1306 930 1374 942 1376 942 1457 927 1459 917 1459 878 1407 865 1407 868"/></Shape>
	    <String CONTENT="acudió luego al momento."
                    HPOS="826.0"
                    VPOS="865.0"
                    WIDTH="633.0"
                    HEIGHT="77.0"></String>
          </TextLine>

          
          
          <TextLine ID="eSc_line_23c55e43"
                    TAGREFS="LT182"
                    BASELINE="837 961 1544 971" 
                    HPOS="835.0"
                    VPOS="921.0"
                    WIDTH="709.0"
                    HEIGHT="75.0">
            <Shape><Polygon POINTS="837 961 835 975 1025 989 1027 989 1114 981 1130 992 1132 992 1134 992 1136 992 1364 985 1399 996 1401 996 1403 996 1542 985 1544 971 1544 925 837 921 837 961"/></Shape>
	    <String CONTENT="Vos, Señor, que me mandais ?"
                    HPOS="835.0"
                    VPOS="921.0"
                    WIDTH="709.0"
                    HEIGHT="75.0"></String>
          </TextLine>

          
          
          <TextLine ID="eSc_line_73f45ff7"
                    TAGREFS="LT182"
                    BASELINE="833 1012 1370 1023" 
                    HPOS="831.0"
                    VPOS="963.0"
                    WIDTH="539.0"
                    HEIGHT="82.0">
            <Shape><Polygon POINTS="833 1012 831 1033 1099 1043 1101 1043 1103 1043 1116 1041 1153 1031 1186 1041 1196 1045 1198 1045 1201 1045 1215 1043 1263 1033 1366 1045 1370 1023 1370 987 1263 971 1261 971 1198 979 1157 983 1136 975 1118 969 1116 969 1114 969 1089 973 1050 981 1025 971 1015 967 1012 967 1010 967 994 969 940 979 833 963 833 1012"/></Shape>
	    <String CONTENT="Venios á mi aposento,"
                    HPOS="831.0"
                    VPOS="963.0"
                    WIDTH="539.0"
                    HEIGHT="82.0"></String>
          </TextLine>

          
          
          <TextLine ID="eSc_line_a8fc5762"
                    TAGREFS="LT182"
                    BASELINE="835 1066 1316 1072" 
                    HPOS="833.0"
                    VPOS="1014.0"
                    WIDTH="483.0"
                    HEIGHT="77.0">
            <Shape><Polygon POINTS="1248 1020 1234 1020 1192 1029 1186 1029 1184 1029 1163 1018 1145 1018 1141 1018 1101 1027 1099 1027 1093 1027 973 1016 959 1016 942 1014 835 1023 835 1066 833 1085 1312 1091 1316 1072 1314 1031 1269 1023 1248 1020"/></Shape>
	    <String CONTENT="y á solas os lo diré,"
                    HPOS="833.0"
                    VPOS="1014.0"
                    WIDTH="483.0"
                    HEIGHT="77.0"></String>
          </TextLine>

          
          
          <TextLine ID="eSc_line_81b3ddec"
                    TAGREFS="LT182"
                    BASELINE="828 1116 1571 1124" 
                    HPOS="826.0"
                    VPOS="1064.0"
                    WIDTH="745.0"
                    HEIGHT="80.0">
            <Shape><Polygon POINTS="1201 1072 1180 1072 1159 1072 1139 1070 1118 1070 1110 1070 1099 1076 1097 1076 828 1074 828 1116 826 1130 1566 1144 1571 1124 1571 1080 1385 1064 1382 1064 1318 1076 1310 1078 1279 1076 1215 1072 1201 1072"/></Shape>
	    <String CONTENT="que es de importancia el secreto."
                    HPOS="826.0"
                    VPOS="1064.0"
                    WIDTH="745.0"
                    HEIGHT="80.0"></String>
          </TextLine>

          
          
          <TextLine ID="eSc_line_ef562a16"
                    TAGREFS="LT182"
                    BASELINE="833 1165 1393 1171" 
                    HPOS="831.0"
                    VPOS="1118.0"
                    WIDTH="562.0"
                    HEIGHT="72.0">
            <Shape><Polygon POINTS="1391 1124 1370 1122 1349 1122 1329 1122 1308 1122 1287 1122 1267 1122 1246 1122 1244 1122 1242 1122 1240 1122 1240 1124 1225 1134 1198 1124 1188 1120 1184 1120 1182 1120 1180 1120 1174 1124 1161 1132 1130 1124 1110 1120 1108 1120 1105 1120 1103 1120 1087 1126 1064 1132 1043 1126 1023 1120 1019 1120 1002 1118 833 1128 833 1165 831 1178 1389 1190 1393 1171 1391 1124 1391 1124"/></Shape>
	    <String CONTENT="Ya sabeis, Doña Josefa,"
                    HPOS="831.0"
                    VPOS="1118.0"
                    WIDTH="562.0"
                    HEIGHT="72.0"></String>
          </TextLine>

          
          
          <TextLine ID="eSc_line_8f6eced8"
                    TAGREFS="LT182"
                    BASELINE="831 1217 1354 1223 1529 1233" 
                    HPOS="826.0"
                    VPOS="1167.0"
                    WIDTH="701.0"
                    HEIGHT="93.0">
            <Shape><Polygon POINTS="828 1215 826 1231 895 1227 919 1237 934 1244 936 1244 938 1244 1010 1242 1091 1237 1118 1244 1136 1250 1139 1250 1141 1250 1159 1246 1213 1233 1234 1248 1236 1248 1238 1248 1240 1250 1240 1248 1242 1248 1244 1248 1263 1235 1273 1244 1273 1246 1275 1246 1277 1246 1279 1246 1362 1235 1413 1256 1422 1258 1424 1258 1426 1260 1525 1260 1527 1231 1527 1186 1155 1184 1149 1180 1124 1171 1122 1171 1120 1171 1058 1180 1052 1180 1050 1180 1031 1169 1029 1169 1027 1169 915 1178 907 1178 905 1178 876 1167 874 1167 872 1167 828 1175 828 1215"/></Shape>
	    <String CONTENT="la votuntad que yo os tengo,"
                    HPOS="826.0"
                    VPOS="1167.0"
                    WIDTH="701.0"
                    HEIGHT="93.0"></String>
          </TextLine>

          
          
          <TextLine ID="eSc_line_c47312db"
                    TAGREFS="LT182"
                    BASELINE="833 1273 1385 1273" 
                    HPOS="833.0"
                    VPOS="1229.0"
                    WIDTH="552.0"
                    HEIGHT="58.0">
            <Shape><Polygon POINTS="833 1273 833 1287 1385 1283 1385 1273 1385 1231 833 1229 833 1273"/></Shape>
	    <String CONTENT="y solo de vos me fio"
                    HPOS="833.0"
                    VPOS="1229.0"
                    WIDTH="552.0"
                    HEIGHT="58.0"></String>
          </TextLine>

          
          
          <TextLine ID="eSc_line_ff0f8b50"
                    TAGREFS="LT182"
                    BASELINE="828 1316 1438 1322" 
                    HPOS="826.0"
                    VPOS="1268.0"
                    WIDTH="612.0"
                    HEIGHT="77.0">
            <Shape><Polygon POINTS="1366 1275 1351 1275 1269 1281 1246 1275 1242 1275 1221 1275 1201 1275 1180 1275 1176 1275 1159 1279 1139 1275 1139 1275 1118 1275 1097 1275 1077 1275 1056 1275 1035 1275 1029 1275 1015 1277 1012 1275 994 1275 973 1275 952 1275 932 1275 915 1275 901 1277 895 1275 890 1275 870 1275 849 1275 847 1268 839 1275 835 1268 828 1316 826 1337 828 1339 831 1339 831 1341 833 1341 835 1341 837 1341 1110 1337 1203 1335 1434 1345 1438 1322 1434 1268 1366 1273 1366 1275"/></Shape>
	    <String CONTENT="para descubrir mi pecho."
                    HPOS="826.0"
                    VPOS="1268.0"
                    WIDTH="612.0"
                    HEIGHT="77.0"></String>
          </TextLine>

          
          
          <TextLine ID="eSc_line_553e68d2"
                    TAGREFS="LT182"
                    BASELINE="826 1368 1387 1372" 
                    HPOS="824.0"
                    VPOS="1326.0"
                    WIDTH="563.0"
                    HEIGHT="64.0">
            <Shape><Polygon POINTS="826 1368 824 1390 1385 1388 1387 1372 1385 1330 826 1326 826 1368"/></Shape>
	    <String CONTENT="Pretendo pasar á Roma"
                    HPOS="824.0"
                    VPOS="1326.0"
                    WIDTH="563.0"
                    HEIGHT="64.0"></String>
          </TextLine>

          
          
          <TextLine ID="eSc_line_5265d7ff"
                    TAGREFS="LT182"
                    BASELINE="824 1417 1486 1430" 
                    HPOS="822.0"
                    VPOS="1378.0"
                    WIDTH="664.0"
                    HEIGHT="85.0">
            <Shape><Polygon POINTS="824 1417 822 1446 1033 1436 1093 1450 1095 1450 1097 1450 1153 1438 1201 1457 1203 1457 1205 1457 1207 1457 1209 1457 1211 1457 1225 1446 1308 1457 1310 1457 1312 1457 1347 1444 1391 1461 1393 1461 1395 1461 1397 1463 1484 1463 1486 1430 1486 1388 1461 1378 1459 1378 824 1378 824 1417"/></Shape>
	    <String CONTENT="á ser de mi culpa absuelto,"
                    HPOS="822.0"
                    VPOS="1378.0"
                    WIDTH="664.0"
                    HEIGHT="85.0"></String>
          </TextLine>

          
          
          <TextLine ID="eSc_line_c2ee7f11"
                    TAGREFS="LT182"
                    BASELINE="837 1475 1397 1471" 
                    HPOS="835.0"
                    VPOS="1423.0"
                    WIDTH="562.0"
                    HEIGHT="77.0">
            <Shape><Polygon POINTS="1165 1426 1163 1423 1153 1434 1122 1423 1120 1423 1118 1423 1116 1423 1072 1436 1068 1436 1064 1436 1039 1423 1037 1423 917 1423 915 1423 835 1434 837 1475 837 1500 1130 1500 1130 1498 1132 1498 1134 1498 1145 1488 1167 1498 1170 1498 1172 1498 1174 1498 1176 1498 1178 1498 1219 1488 1242 1498 1244 1498 1246 1498 1248 1498 1395 1496 1397 1471 1393 1436 1198 1436 1178 1426 1165 1426"/></Shape>
	    <String CONTENT="y despues el recogerme"
                    HPOS="835.0"
                    VPOS="1423.0"
                    WIDTH="562.0"
                    HEIGHT="77.0"></String>
          </TextLine>

          
          
          <TextLine ID="eSc_line_24b49847"
                    TAGREFS="LT182"
                    BASELINE="826 1519 1436 1527" 
                    HPOS="824.0"
                    VPOS="1481.0"
                    WIDTH="612.0"
                    HEIGHT="58.0">
            <Shape><Polygon POINTS="826 1519 824 1531 1432 1539 1436 1527 1436 1490 826 1481 826 1519"/></Shape>
	    <String CONTENT="en un sagrado Convento."
                    HPOS="824.0"
                    VPOS="1481.0"
                    WIDTH="612.0"
                    HEIGHT="58.0"></String>
          </TextLine>

          
          
          <TextLine ID="eSc_line_2c28073a"
                    TAGREFS="LT182"
                    BASELINE="833 1572 1397 1581" 
                    HPOS="831.0"
                    VPOS="1521.0"
                    WIDTH="566.0"
                    HEIGHT="82.0">
            <Shape><Polygon POINTS="1287 1527 1267 1525 1246 1525 1227 1525 1188 1529 1143 1533 1116 1527 1101 1523 1101 1523 1085 1523 1083 1525 1074 1531 1025 1523 1019 1523 1000 1523 973 1531 872 1521 853 1521 833 1521 833 1572 831 1589 847 1599 849 1599 851 1599 853 1599 957 1589 965 1589 973 1599 975 1599 975 1601 977 1601 979 1601 981 1601 1039 1593 1052 1591 1068 1593 1139 1603 1141 1603 1143 1603 1170 1597 1186 1593 1393 1603 1397 1581 1395 1537 1292 1527 1287 1527"/></Shape>
	    <String CONTENT="Tú te pasarás á España,"
                    HPOS="831.0"
                    VPOS="1521.0"
                    WIDTH="566.0"
                    HEIGHT="82.0"></String>
          </TextLine>

          
          
          <TextLine ID="eSc_line_c5abbd50"
                    TAGREFS="LT182"
                    BASELINE="828 1622 1413 1626" 
                    HPOS="826.0"
                    VPOS="1583.0"
                    WIDTH="587.0"
                    HEIGHT="68.0">
            <Shape><Polygon POINTS="828 1622 826 1638 1409 1651 1413 1626 1411 1587 828 1583 828 1622"/></Shape>
	    <String CONTENT="que ya prevenidos tengo"
                    HPOS="826.0"
                    VPOS="1583.0"
                    WIDTH="587.0"
                    HEIGHT="68.0"></String>
          </TextLine>

          
          
          <TextLine ID="eSc_line_47ad4a8e"
                    TAGREFS="LT182"
                    BASELINE="826 1669 1500 1678" 
                    HPOS="824.0"
                    VPOS="1626.0"
                    WIDTH="676.0"
                    HEIGHT="74.0">
            <Shape><Polygon POINTS="1147 1626 1145 1626 826 1632 826 1669 824 1684 1496 1700 1500 1678 1498 1630 1428 1630 1426 1630 1424 1630 1422 1630 1422 1632 1411 1640 1310 1630 1281 1628 1279 1628 1248 1630 1174 1638 1159 1632 1149 1626 1147 1626"/></Shape>
	    <String CONTENT="dos mil doblones, los quales"
                    HPOS="824.0"
                    VPOS="1626.0"
                    WIDTH="676.0"
                    HEIGHT="74.0"></String>
          </TextLine>

          
          
          <TextLine ID="eSc_line_0612de4d"
                    TAGREFS="LT182"
                    BASELINE="826 1721 1407 1727" 
                    HPOS="824.0"
                    VPOS="1684.0"
                    WIDTH="583.0"
                    HEIGHT="66.0">
            <Shape><Polygon POINTS="826 1721 824 1744 1403 1750 1407 1727 1405 1684 826 1684 826 1721"/></Shape>
	    <String CONTENT="entre los dos partiremos:"
                    HPOS="824.0"
                    VPOS="1684.0"
                    WIDTH="583.0"
                    HEIGHT="66.0"></String>
          </TextLine>

          
          
          <TextLine ID="eSc_line_b76f3b97"
                    TAGREFS="LT182"
                    BASELINE="824 1771 1420 1775" 
                    HPOS="822.0"
                    VPOS="1736.0"
                    WIDTH="598.0"
                    HEIGHT="59.0">
            <Shape><Polygon POINTS="824 1771 822 1785 1416 1795 1420 1775 1418 1740 824 1736 824 1771"/></Shape>
	    <String CONTENT="mira que te vas mañana"
                    HPOS="822.0"
                    VPOS="1736.0"
                    WIDTH="598.0"
                    HEIGHT="59.0"></String>
          </TextLine>

          
          
          <TextLine ID="eSc_line_cf4f3749"
                    TAGREFS="LT182"
                    BASELINE="824 1824 1509 1831" 
                    HPOS="822.0"
                    VPOS="1773.0"
                    WIDTH="687.0"
                    HEIGHT="78.0">
            <Shape><Polygon POINTS="1188 1775 1161 1781 1124 1787 1091 1781 1048 1773 1046 1773 1043 1773 1012 1781 1000 1785 824 1785 824 1824 822 1837 1504 1851 1509 1831 1507 1777 1407 1789 1372 1777 1368 1777 1366 1777 1364 1777 1354 1777 1283 1789 1221 1779 1190 1775 1188 1775"/></Shape>
	    <String CONTENT="pues se halla en este pueblo"
                    HPOS="822.0"
                    VPOS="1773.0"
                    WIDTH="687.0"
                    HEIGHT="78.0"></String>
          </TextLine>

          
          
          <TextLine ID="eSc_line_e5fbf7a8"
                    TAGREFS="LT182"
                    BASELINE="824 1874 1349 1882" 
                    HPOS="822.0"
                    VPOS="1835.0"
                    WIDTH="527.0"
                    HEIGHT="64.0">
            <Shape><Polygon POINTS="824 1874 822 1882 1345 1899 1349 1882 1347 1835 824 1835 824 1874"/></Shape>
	    <String CONTENT="un tratante Mercader,"
                    HPOS="822.0"
                    VPOS="1835.0"
                    WIDTH="527.0"
                    HEIGHT="64.0"></String>
          </TextLine>

          
          
          <TextLine ID="eSc_line_305db95f"
                    TAGREFS="LT182"
                    BASELINE="822 1924 1440 1934" 
                    HPOS="820.0"
                    VPOS="1874.0"
                    WIDTH="620.0"
                    HEIGHT="85.0">
            <Shape><Polygon POINTS="1112 1880 1091 1880 1081 1878 1027 1878 1008 1878 988 1878 967 1878 950 1876 924 1876 905 1876 884 1876 864 1876 843 1876 822 1874 822 1924 820 1940 833 1950 835 1950 837 1950 839 1950 942 1940 1068 1955 1070 1955 1314 1946 1420 1959 1422 1959 1424 1959 1426 1959 1438 1946 1440 1934 1440 1886 1130 1880 1112 1880"/></Shape>
	    <String CONTENT="á quien pagado le tengo"
                    HPOS="820.0"
                    VPOS="1874.0"
                    WIDTH="620.0"
                    HEIGHT="85.0"></String>
          </TextLine>

          
          
          <TextLine ID="eSc_line_281ae891"
                    TAGREFS="LT182"
                    BASELINE="816 1977 1376 1981" 
                    HPOS="814.0"
                    VPOS="1928.0"
                    WIDTH="562.0"
                    HEIGHT="66.0">
            <Shape><Polygon POINTS="1333 1934 1312 1932 1292 1932 1271 1932 1182 1936 1093 1940 816 1928 816 1977 814 1994 1374 1994 1376 1981 1376 1942 1337 1934 1333 1934"/></Shape>
	    <String CONTENT="tn viage, y con él vas"
                    HPOS="814.0"
                    VPOS="1928.0"
                    WIDTH="562.0"
                    HEIGHT="66.0"></String>
          </TextLine>

          
          
          <TextLine ID="eSc_line_84f67ad3"
                    TAGREFS="LT182"
                    BASELINE="816 2025 1416 2033" 
                    HPOS="814.0"
                    VPOS="1979.0"
                    WIDTH="602.0"
                    HEIGHT="73.0">
            <Shape><Polygon POINTS="1002 1979 994 1979 965 1988 845 1979 837 1979 816 1979 816 2025 814 2041 1411 2052 1416 2033 1413 1984 1029 1988 1017 1979 1002 1979"/></Shape>
	    <String CONTENT="segura de muchos riesgos"
                    HPOS="814.0"
                    VPOS="1979.0"
                    WIDTH="602.0"
                    HEIGHT="73.0"></String>
          </TextLine>

          
          
          <TextLine ID="eSc_line_e3880e2a"
                    TAGREFS="LT182"
                    BASELINE="820 2077 1430 2085" 
                    HPOS="818.0"
                    VPOS="2029.0"
                    WIDTH="612.0"
                    HEIGHT="72.0">
            <Shape><Polygon POINTS="820 2077 818 2095 1426 2101 1430 2085 1430 2043 820 2029 820 2077"/></Shape>
	    <String CONTENT="él va á parar á Alicante,"
                    HPOS="818.0"
                    VPOS="2029.0"
                    WIDTH="612.0"
                    HEIGHT="72.0"></String>
          </TextLine>

          
          
          <TextLine ID="eSc_line_3c727b8c"
                    TAGREFS="LT182"
                    BASELINE="816 2126 1442 2130" 
                    HPOS="814.0"
                    VPOS="2081.0"
                    WIDTH="628.0"
                    HEIGHT="74.0">
            <Shape><Polygon POINTS="1374 2085 1372 2085 1339 2095 1337 2095 1240 2095 1147 2095 1130 2083 1126 2083 1105 2081 1085 2081 1064 2081 1043 2081 1023 2081 1002 2081 1000 2081 998 2081 996 2081 983 2091 919 2081 917 2081 915 2081 876 2093 874 2093 849 2081 847 2081 845 2081 843 2081 816 2091 816 2126 814 2147 1048 2151 1050 2151 1052 2151 1056 2151 1097 2141 1139 2151 1149 2153 1151 2153 1153 2153 1178 2151 1258 2143 1271 2153 1273 2153 1275 2153 1277 2155 1362 2155 1362 2153 1364 2153 1366 2153 1397 2143 1436 2153 1442 2130 1442 2097 1376 2085 1374 2085"/></Shape>
	    <String CONTENT="de España famoso puerto."
                    HPOS="814.0"
                    VPOS="2081.0"
                    WIDTH="628.0"
                    HEIGHT="74.0"></String>
          </TextLine>

          
          
          <TextLine ID="eSc_line_a67c39cc"
                    TAGREFS="LT182"
                    BASELINE="816 2178 1518 2182" 
                    HPOS="812.0"
                    VPOS="2128.0"
                    WIDTH="705.0"
                    HEIGHT="79.0">
            <Shape><Polygon POINTS="814 2176 812 2207 1515 2207 1517 2180 1517 2143 1374 2130 1372 2130 1370 2130 1368 2130 1354 2141 1339 2130 1337 2130 1335 2130 1333 2130 1287 2141 1283 2141 1281 2141 1261 2130 1258 2130 1256 2130 1254 2130 1252 2130 1252 2132 1244 2141 1242 2143 1170 2143 1163 2141 1130 2128 1128 2128 1126 2128 814 2136 814 2176"/></Shape>
	    <String CONTENT="Le entregó los mil doblones"
                    HPOS="812.0"
                    VPOS="2128.0"
                    WIDTH="705.0"
                    HEIGHT="79.0"></String>
          </TextLine>

          
          
          <TextLine ID="eSc_line_3b9f1f86"
                    TAGREFS="LT182"
                    BASELINE="814 2227 1358 2238" 
                    HPOS="812.0"
                    VPOS="2180.0"
                    WIDTH="546.0"
                    HEIGHT="95.0">
            <Shape><Polygon POINTS="917 2180 897 2180 878 2180 814 2188 814 2227 812 2258 876 2252 895 2263 903 2267 905 2267 907 2267 909 2267 924 2263 944 2254 952 2263 959 2267 959 2269 961 2269 963 2269 1060 2271 1062 2271 1064 2271 1066 2271 1077 2263 1089 2256 1136 2256 1153 2265 1172 2273 1174 2273 1248 2275 1250 2275 1252 2275 1289 2265 1308 2260 1354 2265 1358 2238 1356 2194 1118 2182 1116 2182 1114 2182 1093 2192 1091 2194 959 2194 950 2190 921 2180 917 2180"/></Shape>
	    <String CONTENT="atados en un lenzuelo;"
                    HPOS="812.0"
                    VPOS="2180.0"
                    WIDTH="546.0"
                    HEIGHT="95.0"></String>
          </TextLine>

          
        </TextBlock>
        

        
      </PrintSpace>
    </Page>
  </Layout>
</alto>
