1122 1584
515 87 93 27 —4—

221 110 717 44 Hé aquí el sitio donde empieza y concluye la accion de

176 144 761 47 nuestro drama, porque lo es, y en él entendieron los tribu-

177 180 763 44 nales. El marco que encierra el cuadro que vamos á trazar

178 214 762 43 es una verdad sublime y constante, á saber: que el dedo de

178 249 761 45 Dios siempre va á borrar el crímen donde no existe, á pesar

178 283 761 49 de las apariencias, y que la verdad y la inocencia siempre

179 323 398 41 cuentan con su favor divino.

227 352 714 51 Los detalles los irán conociendo aquellos que sigan la

183 392 323 45 narracion de los sucesos.

553 463 26 40 I.

230 529 714 48 En los últimos años del siglo pasado vivia en una aldea

187 569 459 36 el anciano Gervasio con su familia.

230 598 712 49 Componíase esta de su mujer Juliana, con quien lleva-

186 634 756 42 ba ya bastantes años de venturoso matrimonio, y su hijo

188 669 755 50 Miguel, honrado jóven que servia á la sazon en los ejérci-

183 708 172 43 tos del Rey.

233 737 711 46 Habia además en su casa, formando parte de ella, si no

188 774 758 49 de la familia, la jóven Ana, preciosa muchacha de veinti-

189 810 757 44 tres años de edad, cuyos encantos personales y cualidades,

189 845 757 49 de virtud y honradez hacian su trato halagüeño y apetecible

190 880 760 44 por demás. Ana era hija única de Granville, quien en otro

190 915 759 45 tiempo habia disfrutado de una excelente fortuna, siendo

190 951 756 45 uno de los labradores más opulentos del contorno; pero la

190 985 758 45 mala direccion de sus negocios y la desgracia que algunas

192 1021 755 46 veces se empeña en sujetarnos á su yugo, redujeron poco

191 1060 756 42 á poco su capital, en términos que, pasado algun tiempo,

191 1091 758 46 se encontró en la más dura pobreza. No disponiendo, pues,

190 1128 760 43 de ningun medio para atender á la educacion de Ana, su

191 1158 759 50 hija, concibió el proyecto de separarse de ella, sentando

192 1196 757 48 plaza de soldado en el ejército, encomendándola al amparo

191 1232 755 44 de una hermana de Gervasio, que vivia en París. Esta,

195 1268 749 44 viendo que Ana adquiria con la edad nuevos encantos, y

192 1302 759 47 no queriendo exponer su virtud á las seducciones y peli-

193 1338 760 43 gros que naturalmente rodean á una jóven en una ciudad

192 1373 758 49 populosa, la recomendó á su hermano Gervasio, en cuya
