2148 3034
1107 210 167 63 — 17 —

473 271 1346 86 Judá y Benjamin; luego que nos vieron los judíos salieron á

477 315 1340 89 nosotros preguntándonos quiénes éramos y á qué íbamos. Contes-

477 362 1338 93 tó García Ramirez á la pregunta, y no creyéndonos nos manda-

473 412 1336 93 ron llevar ante el procurador general de la tribu de Benjamin,

472 466 1343 85 por no haber en aquella nacion más rey, gobernador, corregi-

468 512 1344 88 dor ni otro jefe que un procurador en cada tríbu: este nos man-

468 559 1342 84 dó poner presos por si podia averiguar si entre nosotros iba al-

465 606 1342 86 guna persona real de las tierras de España. Un mes nos tuvo pre-

465 659 1342 87 sos, en cuyo tiempo nos recibió varias declaraciones, y viéndo-

463 697 1342 96 las todas contestes, mandó ponernos en libertad, pero que sin

463 753 1342 101 detenernos siguiéramos nuestra marcha hasta salir de su terri-

467 798 128 70 torio.

529 842 1278 95 En uno de los pueblos del tránsito presenciamos una cosa ra-

460 893 1344 91 ra para nosotros, y fué un entierro en que iban en procesion va-

460 950 1342 79 rias gentes de ambos sexos, vestidos de cilicios y con los piés

455 994 1347 86 descalzos; al llegar á un sitio en que habia una gran porcion de

455 1048 1347 79 ceniza, se arrojaron en ella revolcándose como las bestias en el

455 1088 1343 86 cenagal, y en seguida se volvieron á la casa que ocupaba el di-

456 1136 1341 92 funto, donde, segun nos dijeron, lloran la pérdida de su parien-

455 1188 1342 81 te ó amigo con grandes muestras de pesadumbre todo el resto

450 1240 1343 84 de aquel dia y noche siguiente; durante cuyo tiempo no toman

451 1282 1342 86 más alimento que una escudilla de lentejas cocidas: esta clase

450 1331 1343 101 de gente no creen en la venida de Jesucristo; y sólo se disponen

450 1387 711 59 para la aparicion del Ante-Cristo.

520 1422 1270 89 Los únicos jueces que gobiernan aquellas tribus son los pro-

445 1473 1347 89 curadores electos por el pueblo; éstos están sujetos al Preste

443 1528 1347 91 Juan, á quien le contribuyen anualmente con el tributo de cien

441 1577 1174 96 dromedarios cargados de trigo y diez mil doblas de oro.

930 1675 361 66 CAPITULO VII.

438 1758 1349 65 Como el infante don Pedro y demás de su ac ompañamiento pasa-

483 1790 1305 87 ron á la ciudad de Luca, donde habitan los gigantes, y desde

483 1833 1113 95 allí á la ciudad de Albes, residencia del Preste Juan.

505 1902 1278 97 Salimos de Cananea, y luego nos encaminamos á la ciudad

431 1951 1349 100 de Luca, en cuyo camino gastamos quince dias; este viaje fué

429 2007 1349 89 para nosotros el más peligroso que hicimos en nuestra expedi-

428 2056 1349 93 cion, por el motivo de estar habitadas todas aquellas tierras por

426 2103 1347 89 gigantes que tienen de estatura trece codos; son muy feroces y

423 2155 1354 88 sin piedad; por lo regular están acostumbrados á comer carne

419 2196 1354 92 humana, y no se libra de la muerte el desgraciado que cae en

416 2248 1357 91 sus manos sanguinarias. Por estos paises caminamos con todo

419 2295 1354 95 cuidado y reserva, lo que no nos hubiera servido de nada si la

413 2349 1353 123 suerte no nos hubiese favorecido, como lo hizo, pues en todo el
