1860 2629
269.0 181.0 441.0 108.0 Si 'l pobre á tots atipa,

221.0 265.0 390.0 59.0 digueu cóm pot aná,

225.0 317.0 468.0 62.0 que atipant ells als altres

225.0 363.0 349.0 51.0 casi no pot menjá.

267.0 396.0 397.0 61.0 Es lo mes mal vestit,

221.0 446.0 384.0 60.0 es lo mes mal calsat,

219.0 495.0 485.0 59.0 perque tots tallan llenya

219.0 538.0 460.0 55.0 del arbre que es corcat.

265.0 613.0 474.0 66.0 A Deu podem dá gracias,

219.0 659.0 555.0 63.0 que encara hi ha alguns richs

214.0 705.0 566.0 74.0 que s desvetllan pe 'ls pobres

221.0 755.0 443.0 59.0 y 'ls treuen de fatichs

267.0 795.0 472.0 63.0 Sent malalts los socorren

217.0 843.0 337.0 53.0 en sas necessitats,

217.0 878.0 473.0 70.0 fent bon us de la hisenda

219.0 933.0 434.0 59.0 que Deu los ha donat.

265.0 1003.0 491.0 81.0 També hi ha damas nobles,

214.0 1062.0 386.0 57.0 que ab caritatiu cor,

214.0 1106.0 426.0 61.0 tot lo dia 's desvetllan

219.0 1154.0 368.0 53.0 per lo treballador :

261.0 1187.0 361.0 61.0 Conduint á sos fills

214.0 1233.0 426.0 66.0 mentres son al jornal,

219.0 1275.0 395.0 61.0 llibertantlos del vici,

225.0 1323.0 402.0 72.0 y de pendre cap mal.

258.0 1380.0 443.0 98.0 Sense aquels bonfactors

214.0 1456.0 461.0 64.0 foren molt desgraciats,

214.0 1500.0 483.0 66.0 perque los que mes pican

208.0 1548.0 399.0 92.0 son polls ressucitats.

1063.0 173.0 487.0 122.0 No 's recordan quant eran

1028.0 271.0 454.0 68.0 pobres com los demés;

1017.0 319.0 404.0 68.0 es que 'ls té dominats

1022.0 370.0 366.0 65.0 son infame interés.

1015.0 492.0 342.0 66.0 si tenim llibertat,

1059.0 425.0 454.0 85.0 Potsé de aquí en devant

1019.0 541.0 343.0 63.0 será lo pobre atés,

1024.0 582.0 410.0 57.0 será 'l jornalé honrat.

1017.0 672.0 388.0 61.0 no mes mira per ell,

1065.0 624.0 441.0 68.0 Puig que lo despotisme

1024.0 709.0 487.0 70.0 y arrenca sempre al pobre

1015.0 760.0 366.0 68.0 sens pietat la pell.

1015.0 893.0 377.0 55.0 son fetas ab comú ;

1063.0 841.0 384.0 66.0 Totas aqueixas coblas

1017.0 942.0 419.0 59.0 parlant ab molta gent

1015.0 985.0 408.0 51.0 sense parlá ab ningú.

1015.0 1069.0 395.0 61.0 si algú cofrare n'es;

1063.0 1020.0 426.0 66.0 En pot pendre candela

1015.0 1119.0 465.0 59.0 que per la gent honrada

1015.0 1163.0 406.0 61.0 no acostumo á dí res.

1057.0 1233.0 388.0 74.0 Dient los que manté,

1015.0 1294.0 399.0 55.0 m' havia descuidat

1015.0 1340.0 410.0 55.0 de dí manté los cegos

1019.0 1375.0 452.0 59.0 que la cansó han cantat.

1059.0 1415.0 447.0 70.0 Pues ab los dos cuartets

1013.0 1459.0 408.0 68.0 que deu per la cansó,

1015.0 1505.0 412.0 74.0 vesteix, fa bullí l'olla,

1022.0 1564.0 370.0 68.0 y fa corre 'l porró.

886.0 1757.0 76.0 109.0 FIN.

364.0 2306.0 1107.0 147.0 Se ven as casa. Llorens, Palma de Sta. Catarina núm. 6.  — Barcelona
