1753 2480
60 121 509 66 con lo claro de la noche,

63 176 580 70 porque alumbraba muy claro

63 221 474 65 la luna, ví en una reja

68 276 480 61 que menean una mano;

67 314 531 73 llego y pregunto: ¿es á mí?

81 367 539 67 y me responde: sí, ingrato,

68 417 396 58 desconocido, cruel;

74 457 531 73 yo la respondí: es engaño,

70 507 497 68 señora, errásteis el tiro;

73 556 525 69 si serviros puedo en algo,

77 603 467 70 vereis que de ese sujeto

75 650 542 77 soy todo muy al contrario;

81 702 532 69 viendo yo que va de veras,

88 745 573 83 y que á nadie se ha inclinado

78 800 499 65 de los tres, sino es á mí,

79 850 452 68 alegre dije á mi sayo:

78 898 463 66 sí, le he parecido bien,

79 941 539 64 sin duda soy aquí el gallo:

79 990 517 72 les dije á mis compañeros

79 1044 510 66 me esperasen mas abajo;

82 1088 489 72 que no pierdo la ocasion

85 1132 573 76 que se me ha proporcionado.

82 1183 509 72 Dióme mil satisfacciones,

82 1241 507 59 de amor y celos tratamos,

89 1282 453 73 y ya cansado de estar

85 1335 471 67 con el gallipavo alzado,

85 1381 491 71 la dije: adorado dueño,

85 1432 537 64 dame licencia que un rato

86 1485 520 59 me encarame en esta reja

88 1529 466 62 á gozar mas inmediato

88 1578 490 58 de esos luceros las luces

93 1618 556 69 y el amor de aquesos lábios;

99 1669 457 71 y sin aguardar razones

89 1722 465 59 á la reja me encaramo;

89 1770 444 63 como está sin celosías

89 1818 467 64 la cabeza fuí soplando

92 1862 576 71 por entre los mismos hierros,

97 1915 523 69 y así que la hube soplado,

89 1963 531 60 me quedé admirado en ver

93 2012 437 57 un salero tan salado.

92 2062 460 58 Por mi desgracia pasó

92 2110 504 58 un mozuelo con un hacho

92 2158 459 60 encendido, y la señora

86 2246 461 37 en mi trage reparando,

750 99 442 78 se iba poniendo séría

757 157 411 70 y del sitio retirando:

760 205 427 69 yo la dije: sol divino,

756 252 477 66 esta sorpresa la extraño;

759 298 504 68 dijo arrancando á correr:

760 343 546 78 váyase con dos mil diablos,

762 396 409 69 pelagatos, jarambel,

763 445 431 70 espetera de guiñapos.

763 496 433 63 Bonito quedé, y peor

762 541 443 72 al procurar ir sacando

763 574 602 85 la cabeza de entre los hierros,

764 637 601 79 que por mas fuerza que hago,

764 688 480 73 por mas tirones que doy

770 737 547 78 y por mas trazas que trazo,

766 786 463 72 en llegando á las orejas

770 834 506 68 vuelvo á quedar atascado.

771 880 518 76 ¡Caramba! dije, ¡mi oreja!

769 934 460 67 esto es peor que malo;

771 976 532 71 tira que tira, y los hierros

771 1030 552 72 mas firmes que los diablos;

773 1088 380 54 la capa se me cayó,

773 1120 533 73 tambien andaban rodando

775 1169 530 77 los zapatos y el sombrero.

774 1213 575 79 Los que estaban aguardando,

777 1271 541 75 viendo que yo me tardaba,

775 1325 436 63 á la reja se arrimaron

775 1366 578 71 diciendo: mira que es tarde,

780 1414 479 75 y me hallan pataleando:

777 1456 602 85 me preguntaron: ¿qué es esto?

782 1514 505 69 yo dije: son mis pecados,

780 1562 508 69 ó los diablos del infierno

778 1613 507 62 que me tienen amarrado;

782 1661 445 61 ved si me podeis sacar

780 1696 536 74 aunque sea hecho pedazos.

786 1751 571 81 Viendo del modo que estaba,

781 1810 555 72 entre los dos me agarraron;

784 1860 409 63 uno tira de los piés,

781 1906 456 61 otro tira de las manos

784 1949 416 72 para sacarme de allí,

782 1997 512 76 mas solo me iban sacando

782 2051 448 68 uno vara de pescuezo,

796 2087 515 81 y casi me iban ahorcando.

782 2145 494 73 Estando en estas fatigas,

788 2197 446 73 vieron venir á lo largo
