1842 2600
891.0 258.0 150.0 52.0 —4—

171.0 340.0 648.0 73.0 Sald. Deu lo guart senyó Rectó.

171.0 385.0 679.0 74.0 Rectó. Qué es lo que porteu de bó?

170.0 430.0 576.0 75.0 Sald. De bó no li portém res,

300.0 481.0 425.0 65.0 senyó Rectó lo cas es

300.0 525.0 436.0 61.0 que vinch á notificarli

300.0 564.0 556.0 70.0 que no tinch res per donarli,

299.0 612.0 570.0 71.0 que no tinch un pá á la post,

297.0 655.0 610.0 71.0 qu'estich franch d'aná al rebost

296.0 706.0 559.0 68.0 puig fins ne fugen las ratas,

297.0 754.0 486.0 57.0 y que vaig sense sabatas

294.0 788.0 582.0 81.0 perque no 'n tinch per portar.

161.0 833.0 658.0 72.0 Rectó. Doncas si no 'm pots pagar

288.0 876.0 565.0 74.0 lo que 'm deus del casament,

287.0 931.0 484.0 58.0 dígasme ¿cóm ho farem?

154.0 963.0 607.0 78.0 Sald. ¡Qué vol que le diga jó,

287.0 1015.0 429.0 68.0 qué faré senyó Rectó!

287.0 1060.0 448.0 63.0 puig jo m' habia casat

287.0 1107.0 475.0 63.0 pensantme estar regalat

286.0 1148.0 432.0 65.0 y no habé de treballá,

281.0 1190.0 523.0 73.0 pero habent de buscá el pá

281.0 1243.0 470.0 62.0 pera mi y la Margarida

283.0 1282.0 494.0 68.0 tot ha estat una mentida.

286.0 1324.0 427.0 61.0 Y axís li vuy demaná

278.0 1367.0 539.0 80.0 que ja que no 'l puch pagá;

277.0 1417.0 456.0 66.0 an á mí y la Margarida

275.0 1461.0 461.0 64.0 ans descasi de seguida.

145.0 1496.0 562.0 79.0 Marg. Senyó Rectó deixil dí

274.0 1555.0 509.0 57.0 que en Saldoni está mohí,

274.0 1597.0 517.0 59.0 tan bó que 's lo matrimoni

274.0 1643.0 558.0 71.0 y ara en ximplet den Saldoni

491.0 330.0 449.0 49.0 Desde la porta, entran.

273.0 1682.0 502.0 70.0 voldría que 'm descases!!!

271.0 1731.0 481.0 63.0 nons ne faltaba cap mes,

264.0 1772.0 477.0 62.0 jo voldría habe 'm casat

265.0 1824.0 349.0 49.0 encara mes abiat.

270.0 1859.0 518.0 69.0 Vaya una bona ocurrencia,

262.0 1908.0 526.0 68.0 senyó Rectó ab sa llicencia

262.0 1952.0 521.0 67.0 men tornaré ab lo Saldoni,

261.0 1999.0 513.0 66.0 perque jo vull matrimoni

261.0 2049.0 522.0 59.0 que no puch viure sens ell,

262.0 2093.0 513.0 57.0 vusté que es un home vell

258.0 2133.0 477.0 64.0 tan prudent y tan entés

255.0 2178.0 426.0 59.0 ja veu que fácil no es

255.0 2217.0 454.0 62.0 que una dona ja casada

254.0 2267.0 429.0 62.0 pugui viure separada

252.0 2308.0 450.0 68.0 del seu marit, aixó nó,

251.0 2354.0 452.0 66.0 no senyó, senyó Rectó,

249.0 2397.0 545.0 87.0 perque si vusté ho probés...

967.0 332.0 649.0 56.0 Rectó. Qué no callarás may mes?

1109.0 366.0 436.0 60.0 Quít parla de descasá?

972.0 404.0 615.0 75.0 Sald. Jo li dich que tan me fá,

1108.0 455.0 450.0 59.0 perque si la Margarida

1105.0 499.0 479.0 70.0 treballant me fes la vida

1105.0 548.0 478.0 55.0 y en fes aná ben trincat

1102.0 586.0 443.0 59.0 jo fora molt ben casat,

1102.0 635.0 482.0 58.0 pero habent de treballar,

1099.0 684.0 552.0 59.0 li dich que 'm vull descasar.

966.0 717.0 605.0 64.0 Rectó. Saldoni te faré un pacte

1099.0 767.0 621.0 67.0 mes no m' has de faltá al tracte.

965.0 806.0 696.0 80.0 Sala. Vejám, digui quem proposa?

963.0 853.0 535.0 68.0 Rectó. Uno cosa ventatjosa;

1093.0 910.0 467.0 57.0 ja que ara no pots pagá

1093.0 944.0 571.0 75.0 puig no tens per comprar pá,

1095.0 996.0 494.0 61.0 vaig á proposarte plassos;

1092.0 1041.0 627.0 68.0 tú no ets manco y ab tos brassos

1090.0 1077.0 465.0 68.0 treballant ja guanyarás

1090.0 1125.0 432.0 66.0 y á las horas pagarás.

954.0 1162.0 646.0 74.0 Marg. Aixó es lo que jo pensaba,

1084.0 1216.0 464.0 60.0 senyó Rectó, si lograba

1086.0 1261.0 485.0 66.0 que en Saldoni li pagués

1087.0 1311.0 390.0 56.0 y que no se separés,

1080.0 1347.0 488.0 65.0 li dich com só Margarida

1083.0 1393.0 490.0 60.0 que m' allargaba la vida.

1080.0 1435.0 503.0 71.0 Aclaresquin aquets punts

1082.0 1483.0 481.0 64.0 vusté y en Saldoni junts

1079.0 1523.0 563.0 67.0 perque jo me 'n tinch de aná

1079.0 1568.0 609.0 75.0 á casa á amaní el diná. (sen vá)

1077.0 1617.0 464.0 55.0 Passiho be senyó Rectó.

941.0 1652.0 649.0 74.0 Rectó. Deu te guie y lo ángel bó.

1080.0 1703.0 499.0 63.0 Vamos, Saldoni, que dius

1069.0 1746.0 583.0 78.0 á lo que te dit? (Saldoni riu)

1070.0 1796.0 192.0 51.0 qué rius?

1069.0 1834.0 485.0 68.0 mira que 't parlo formal.

933.0 1873.0 643.0 79.0 Sald. Senyó Rectó ni un sol ral

1067.0 1935.0 410.0 52.0 pel casament li daré;

1069.0 1971.0 466.0 65.0 vosté s' ha cregut potsé

1064.0 2016.0 452.0 59.0 que jo m' escarrassaría

1066.0 2065.0 524.0 62.0 y el meu guany li donaria:

1063.0 2107.0 500.0 66.0 no senyó, no, s' equivoca,

1060.0 2150.0 532.0 65.0 jo no tinch per pa, ni coca.

926.0 2186.0 598.0 78.0 Rectó. Gran insolent, callarás?

1058.0 2244.0 445.0 51.0 de mí no ten burlarás?

1060.0 2288.0 491.0 63.0 ó pagarás lo que 'm deus

1057.0 2334.0 465.0 63.0 ó lligat de maus y peus

1056.0 2371.0 427.0 65.0 te faré aná á la presó.

902.0 2407.0 583.0 83.0 Sald. Catxasa, senyó Rectó;
