1842 2600
157 260 467 52 por el rey mismo escogida

157 301 410 45 está á formarse vecina.

157 339 420 55 Pronto á regar el laurel

157 387 472 47 con la sangre de sus venas

157 418 410 55 parte á lidiar como fiel

156 466 458 42 contra huestes sarracenas.

156 496 463 55 La nobleza que más brilla

156 546 463 47 ya se encuentra á la sazón

156 580 444 51 con los reyes de Castilla,

157 624 400 47 de Navarra y Aragón.

157 664 472 46 Encuéntranse con los tales

157 700 448 58 los caballeros templarios

157 739 513 52 de Montpeller y otros varios,

157 782 403 55 todos en valor iguales.

161 820 479 52 Y el que sin paz ni sosiego

158 860 429 54 hace minutos las leguas,

158 904 495 56 sin dar á su escape treguas:

157 941 383 58 es el amoroso Diego.

158 983 461 58 Que carcome su memoria

158 1024 414 50 de su desgracia la idea

160 1060 523 62 y va á buscar muerte ó gloria

161 1105 413 52 en la sangrienta pelea.

161 1144 455 52 Porque un recuerdo cruel

161 1183 467 59 hacia el combate le llama,

161 1222 554 63 que ha de comprar con su fama

160 1265 349 55 el cariño de Isabel.

160 1315 516 61 Su nombre paso le ha hecho;

161 1354 492 68 y al punto le han admitido:

161 1401 448 60 con la roja cruz al pecho

161 1440 431 57 está á luchar prevenido.

163 1483 358 48 Esperaba el paladín

163 1523 462 51 mostrar pronto la pujanza

163 1567 459 45 de su brazo y de su lanza;

163 1603 456 50 cuando el guerrero clarín

163 1640 451 52 rasgando los aires vanos;

163 1679 510 57 retumba en los hondos senos

163 1720 504 62 llamando á todos los buenos

164 1762 450 53 á luchar como cristianos.

164 1798 415 62 El pecho de Diego late

164 1841 383 55 y se arroja denodado

163 1877 424 65 donde más encarnizado

164 1928 444 45 espera hallar el combate.

169 1965 447 57 Y en los peligros se place

166 2006 406 52 y sin temer mil aceros,

164 2048 447 55 abre, atraviesa y deshace

166 2088 408 48 una nube de guerreros.

164 2132 422 50 Si alguna vez la fortuna

164 2175 421 40 en su inconstante tarea,

166 2212 364 52 lo mejor en la pelea

164 2244 441 55 concede á la media luna;

164 2286 432 56 de su valor hace alarde,

166 2324 434 63 renueva el vigor perdido

169 2366 379 72 y deja roto y vencido

966 261 384 39 al cerraceno cobarde,

967 290 451 59 y convierten sus valientes

966 329 380 55 el belicoso escuadrón

966 382 380 41 en asqueroso montón

967 411 447 52 de cadáveres sangrientos.

967 447 518 61 El conde de Haro que estaba

967 491 434 53 al frente de los cruzados

969 534 446 52 vió los triunfos señalados

967 574 466 54 que el Marcilla alcanzaba;

969 622 400 49 y para recompensarlos

969 663 462 46 cuando la acción terminó,

969 702 416 43 el nombramiento le dió

967 730 456 61 de capitán de Caballeros;

970 775 451 54 y admirándole tan bravo,

972 816 440 47 de tal denuedo y pericia,

969 856 402 49 lo hizo llegar á noticia

969 902 469 44 del rey D. Alfonso octavo.

970 938 414 54 Al salir de los horrores

970 970 529 62 de cada lucha en que entraba,

969 1016 484 50 el buen Diego se entregaba

970 1066 479 46 á sus recuerdos de amores.

972 1105 449 41 Para alentar la esperanza

970 1144 476 46 de la que ansiosa le espera

973 1183 400 44 la noticia sin tardanza

972 1222 338 47 su futura lisonjera.

970 1252 466 63 ¡Mas en cuán fatal engaño

972 1300 332 49 confía su corazón!

972 1337 399 54 la más infame traición

970 1375 499 55 fraguando están en su daño.

972 1425 518 59 Porque el padre de su amada

972 1471 526 61 con la edad se hizo avariento,

973 1519 416 48 y para lograr su intento

972 1560 383 46 le falta á la fé jurada.

973 1596 484 44 Las cartas del buen amante

972 1633 396 54 llegan todas á Teruel;

972 1671 403 52 mas el padre de Isabel

972 1710 451 56 las intercepta al instante;

972 1747 565 67 porque ha formado el concierto,

972 1792 488 59 aunque en el alma se aflija,

972 1835 435 48 su buena y cándida hija,

972 1879 487 55 de dar á Diego por muerto.

972 1915 370 49 Así lo hizo en efecto

972 1950 482 63 en su ambiciosa impiedad

972 2000 422 52 para lograr su proyecto

972 2035 338 55 con toda felicidad.

975 2074 429 56 En tanto pasaban días...

973 2113 359 55 Isabel, muy afligida,

973 2153 442 59 se encontraba sumergida

973 2198 402 49 en negras melancolías.

978 2233 434 55 Ya había pasado un año

975 2272 484 57 y ella en lágrimas deshecha

975 2322 463 54 no se atreve á la sospecha

975 2350 554 72 de que en Diego quepa engaño,
