1060 1411
152 223 678 89 LA VENGANZA CATALANA

471 338 37 34 ó

268 402 435 81 LOS CATALANES EN ORIENTE.

480 642 30 76 I.

117 766 770 41 Corria el siglo XIV. La Grecia amenazada de cerca por los mas

87 799 796 46 encarnizados enemigos de la Religion Cristiana, volvia en todas di¬

89 837 798 40 recciones sus azorados ojos, buscando un apoyo que pudiese libertarla

89 867 792 47 del numeroso ejército que la acosaba. Los Griegos abatidos por su

88 903 795 47 indolencia, degenerados ya, no se creian con fuerzas suficientes pa¬

89 938 798 40 ra poder contrarestar las innumerables huestes turcas que estaban lla¬

90 971 793 42 mando á las puertas del imperio de Oriente en son de guerra. Rei¬

89 1005 799 46 naba á la sazon en Constantinopla Andrónico, vástago indigno de

92 1041 790 44 aquella raza de emperadores romanos que hicieron suya la tierra y

92 1078 797 40 dictaron leyes al mar. De un carácter perverso, de un talento escaso

95 1108 789 43 y de ninguna clase de lealtad y energía estaba dotado este emperador.

94 1141 795 41 Rodeado de aventureros que se habia visto precisado á llamar paraque

91 1179 794 45 le sacasen de la triste situacion que estaba atravesando, vejaba al pue¬

92 1209 797 47 blo con escesivas contribuciones y colmaba de agasajos y honores á los

92 1251 792 57 que solo le servian por el amor al interés y la sed de botin y rapiña.
