1743 2345
234 216 1209 71 dinero que por él habian dado se les puso secretamente en los costa¬

236 273 1211 67 les por órden de José. Cuando ellos lo advirtieron, estaban ya de¬

228 324 572 55 masiado lejos para volver atrás.

279 361 1176 59 Llegado que hubieron á su casa, dieron noticia á su padre de

228 406 1227 64 todo cuanto les habia pasado en Egipto, y el buen anciano no pudo

230 457 1215 54 contener las lágrimas al saber que querian quitarle á su hijo Benja¬

224 494 1223 66 min. Renovó este dolor el de la muerte de José, y todo el dia lo pa¬

230 543 411 54 saba sumido en llanto.

293 576 1152 66 Viendo sus hijos que era matar á su padre el tratar de la partida

224 627 1223 62 de Benjamin, dejaron pasar mucho tiempo sin hablarle una palabra

217 680 1142 56 de ello; pero la suerte de Simeon les inquietaba sobre manera.

293 717 1158 58 Cada dia iba siendo mayor la escasez del trigo, y Jacob propuso á

217 766 1230 60 sus hijos que hicieran otro viaje á Egipto. Contestáronte estos que

228 816 1219 49 era de todo punto inútil, si con ellos no iba Benjamin. Con tal res¬

230 852 1219 64 puesta se renovó el dolor del anciano.—Finalmente, á fuerza de rue¬

226 902 1211 57 gos y despues de haberle jurado Judá que velaria por su hermano,

226 943 1215 57 les permitió que se llevaran á Benjamin.—Les mandó que tomasen

223 982 1216 67 de los mejores frutos del país, para presentar al Gran Señor de Egip¬

226 1031 1215 63 to, y que al mismo tiempo le llevasen doblado dinero, para pagar el

224 1078 1217 55 que se habia traido en los costales, temiendo no hubiese sido por

226 1115 1215 67 inadvertencia.—Llegó el momento de la partida, y entre lágrimas y

221 1172 1220 53 sollozos dijo el Patriarca á sus hijos: Id en buena hora, hijos mios.

215 1205 1222 61 Ruego á mi Dios que es todo poderoso, y que nunca me ha desampa¬

226 1252 1221 59 rado, que os ampare á vosotros todos para que cuanto antes podais

236 1301 1199 57 volver junto con el pobre Simeon y mi pequeño Benjamin, á quien

234 1336 1207 65 pongo en vuestras manos bajo la palabra que me habeis dado, de

236 1387 1207 62 que pongo al cielo por testigo. Ya veis que me quedo sin ningun hijo,

236 1436 1092 64 como muerto estaré hasta tener dichosas nuevas de vosotros.

819 162 51 68 11

696 1534 225 68 CAPITULO

226 1629 1209 65 Los hermanos de José vuelven à Egipto con Benjamin, y con varios regalo

250 1678 1150 63 para José que los récibe con mucha afabilidad y les tiene un banquete.

285 1762 1152 74 Ocioso será decir cómo quedaría el buen Patriarca; pero pronto

232 1819 1121 55 su dolor será cambiado en el mayor contento que esperar podia,

269 1854 1174 68 Llegado que hubieron otra vez á la presencia de José, este los

217 1905 1214 56 recibió con muchísima afabilidad: mandó soltar al instante á su her¬

211 1948 1228 58 mano Simeon que habia quedado en rehenes, aceptó benignamente los

209 1991 1219 62 regalos, y por medio del intérprete manifestó su gozo de que hubie¬

213 2042 1218 56 sen vuelto con felicidad. Despues preguntó por la salud de su ancia¬

217 2083 1222 62 no padre, y en fin, disimulando la grande satisfaccion que tenia de

213 2130 1230 70 ver á Benjamin, le dijo: «¿Es este vuestro hermano pequeña de quien
