1753 2480
221.0 1330.0 1381.0 151.0 LO CANSONÉ DE LAS BARRAQUETAS

254.0 1529.0 440.0 64.0 A beure á tot bitxo aposto.

303.0 1572.0 226.0 60.0 ¡Vinga mosto!

256.0 1603.0 496.0 83.0 Y al que bons tassons no jala,

256.0 1651.0 409.0 62.0 El mateix que una cigala

252.0 1694.0 454.0 56.0 Jo 'l faig ballá panxa adalt.

206.0 1729.0 676.0 71.0 (Perque válgam la moreta del oncle, só

165.0 1775.0 717.0 60.0 capás de fe engullí un regiment de suissos

171.0 1810.0 711.0 62.0 per la gargamella del mes pintat, y arran-

167.0 1851.0 715.0 79.0 cá las entretelas del cor del que desprecia

171.0 1895.0 287.0 70.0 una finesa meva!)

252.0 1922.0 543.0 82.0 Y el que s' hi torna si l' truco...

291.0 1973.0 316.0 54.0 Fuig que l' suco!!!

250.0 1998.0 487.0 91.0 Va al Hospital per desfilas!...

289.0 2052.0 209.0 58.0 Tant se val!

245.0 2085.0 451.0 64.0 Perque jo entre bonas filas

243.0 2136.0 393.0 62.0 Só el terne del arrabal.

237.0 2198.0 488.0 102.0 Faig las conquistas á cossas;

1058.0 1545.0 277.0 54.0 ¡Quinas mossas!

1021.0 1572.0 492.0 77.0 L' una caso, y l' altra planto,

1025.0 1622.0 386.0 62.0 Pero á totas las encanto

1019.0 1667.0 446.0 58.0 Be per forsa ó de bon grat.

979.0 1690.0 664.0 83.0 (Perque jo, fills meus, no está per ala-

938.0 1736.0 701.0 80.0 barme; pero en que tragini la fila mes rat-

934.0 1775.0 705.0 78.0 llada que un mapa-mundi, per las moltas

932.0 1820.0 711.0 73.0 llargandaxadas que 'ls xurís hi han fet, axó

932.0 1866.0 711.0 74.0 es una honra; y despues que quan convé

934.0 1903.0 473.0 62.0 só mes dols que una malva!)

1006.0 1946.0 542.0 73.0 A una el guerxo donant fondo...

1062.0 1986.0 227.0 60.0 ¡Quin arondo!

1008.0 2006.0 536.0 95.0 Tren el xurí y 'm diu: «Entra!»

1056.0 2066.0 229.0 58.0 ¡Vaya un gat!

1006.0 2101.0 498.0 66.0 Li vaig fé un trauet al ventre

1006.0 2141.0 472.0 78.0 Que may mes ha atximullat.

1004.0 2221.0 438.0 99.0 Al carrincló fill del Nanu,
