1111 1577
424 82 105 45 — 11—

77 131 793 34 del atrevido pirata. El capitan, que á última hora habia cono-

75 155 791 38 cido su descuido, se arrojó al mar, donde pereció ahogado, y

76 184 793 39 el piloto murió de un pistoletazo que le disparó el pirata: los

76 214 792 39 marineros tuvieron que rendirse á discrecion, no sin haber pa-

77 245 789 37 gado antes con su sangre faltas que ellos no habian cometido.

74 272 793 40 Al dia siguiente, calmada la borrasca, Juan Ojenkan y los

74 304 792 36 suyos tripulaban la embarcacion apresada hácia la bahía del

73 332 792 36 istmo de Panamá, que ellos conocian perfectamente, y tres dias

73 362 791 40 despues llegaban á ella orgullosos por el gran golpe de mano

72 392 791 39 que acababan de dar, y el cual venia á realizar las esperanzas

72 420 791 40 que habian concebido en la taberna de la Jamaica. Durante

71 452 790 34 el regreso, el pirata hizo contar el tesoro que llevaba el San

73 479 787 37 Pablo, el cual consistia exactamente, como ya hemos dicho, en

72 511 789 36 sesenta mil doblones de oro y cien mil pesos de plata, además

70 538 787 41 de multitod de otros objetos, presentes y equipajes, que cons-

70 569 522 38 tituian en otro sentido una gran fortuna.

110 597 749 37 Pedro Lemoige, el tabernero, estaba loco de contento al ver

70 627 787 41 con qué facilidad se habia puesto rico, y los demás piratas con-

69 660 788 36 taban las ganancias que les correspondian de la presa, esperan-

69 690 787 32 do que esta seria repartida escrupulosamente tan luego como

68 716 788 37 llegasen á la solitaria bahía de Panamá; pero la avaricia es

70 747 786 33 siempre mala consejera, y resultó que el dia antes de llegar á

70 776 785 39 ella tuvieron Juan Ojenkan y Pedro el tabernero la conversa-

70 805 195 41 cion siguiente:

100 834 756 38 —Yo creo, amigo Lemoige, que no estarás descontento de

69 865 786 36 nuestra empresa. En poco tiempo nos hemos apoderado de una

68 894 784 39 gran fortuna, y la que hemos recogido en el San Pablo supe-

68 927 782 37 ra toda clase de esperanzas. Ahora creo que mirando las cosas

70 955 781 36 lógicamente, el tesoro que hemos aprehendido es exclusiva-

68 982 781 40 mente nuestro, sin que la tripulacion pueda tener parte en él,

69 1016 778 37 porque habiendo sido nosotros los iniciadores del pensamiento,

69 1046 780 38 somos los únicos que deben participar de sus ventajas. ¿No te

70 1073 146 37 parece así?

100 1100 749 38 —Me parece perfectamente lo que dices,—respondió el anti-

66 1135 782 36 guo tabernero;—¿pero crees tú que nuestros subordinados se

66 1162 782 33 contenten con tu pensamiento? Lo primero que harán será pe-

65 1189 784 41 dir el reparto, y no habrá más remedio que acceder á él. Tú

65 1221 782 35 debes comprender que por mi parte mejor me sabrian cuatro

65 1251 771 36 que dos; pero en verdad que no sé cómo hacer eso que dices.

127 1276 719 42 —Eso corre de mi cuenta,—respondió el avaricioso Juan

63 1305 784 57 Ojenkan.—Mañana á la noche, al llegar á la bahía de Pana-
