<?xml version="1.0" encoding="UTF-8"?>
<alto xmlns:xsi="http://www.w3.org/2001/XMLSchema-instance"
      xmlns="http://www.loc.gov/standards/alto/ns-v4#"
      xsi:schemaLocation="http://www.loc.gov/standards/alto/ns-v4# http://www.loc.gov/standards/alto/v4/alto-4-2.xsd">
  <Description>
    <MeasurementUnit>pixel</MeasurementUnit>
    <sourceImageInformation>
      <fileName>Varios_065_2.jpg</fileName>
      
    </sourceImageInformation>
  </Description>
  
  <Tags>
    <OtherTag ID="BT221" LABEL="CustomZone:impresorNum" DESCRIPTION="block type CustomZone:impresorNum"/><OtherTag ID="BT222" LABEL="CustomZone:numero_pliego" DESCRIPTION="block type CustomZone:numero_pliego"/><OtherTag ID="BT223" LABEL="CustomZone:title" DESCRIPTION="block type CustomZone:title"/><OtherTag ID="BT224" LABEL="GraphicZone:illustration" DESCRIPTION="block type GraphicZone:illustration"/><OtherTag ID="BT225" LABEL="GraphicZone:ornamentation" DESCRIPTION="block type GraphicZone:ornamentation"/><OtherTag ID="BT226" LABEL="MainZone" DESCRIPTION="block type MainZone"/><OtherTag ID="BT227" LABEL="MainZone:columns" DESCRIPTION="block type MainZone:columns"/><OtherTag ID="BT228" LABEL="MarginTextZone:colophon" DESCRIPTION="block type MarginTextZone:colophon"/><OtherTag ID="BT229" LABEL="MarginTextZone:note" DESCRIPTION="block type MarginTextZone:note"/><OtherTag ID="BT230" LABEL="MusicZone" DESCRIPTION="block type MusicZone"/><OtherTag ID="BT231" LABEL="NumberingZone:page" DESCRIPTION="block type NumberingZone:page"/><OtherTag ID="BT232" LABEL="QuireMarksZone:catchwords" DESCRIPTION="block type QuireMarksZone:catchwords"/><OtherTag ID="BT233" LABEL="QuireMarksZone:signature" DESCRIPTION="block type QuireMarksZone:signature"/><OtherTag ID="BT234" LABEL="RunningTitleZone" DESCRIPTION="block type RunningTitleZone"/>
    <OtherTag ID="LT81" LABEL="CustomLine:propriedad" DESCRIPTION="line type CustomLine:propriedad"/><OtherTag ID="LT82" LABEL="CustomLine:trailer" DESCRIPTION="line type CustomLine:trailer"/><OtherTag ID="LT83" LABEL="DefaultLine" DESCRIPTION="line type DefaultLine"/><OtherTag ID="LT84" LABEL="HeadingLine" DESCRIPTION="line type HeadingLine"/>
  </Tags>
  
  <Layout>
    <Page WIDTH="1753"
          HEIGHT="2480"
          PHYSICAL_IMG_NR="253"
          ID="eSc_dummypage_">
      <PrintSpace HPOS="0"
                  VPOS="0"
                  WIDTH="1753"
                  HEIGHT="2480">
        
        <TextBlock HPOS="90.0"
                   VPOS="107.0"
                   WIDTH="652.0"
                   HEIGHT="2131.0"
                   ID="eSc_textblock_ce43353e"
                   TAGREFS="BT227">
          <Shape><Polygon POINTS="700 369 659 411 700 487 667 768 700 923 651 958 626 1064 667 1107 642 1132 659 1221 742 1281 742 1320 651 1372 634 1479 642 1576 709 1669 651 1752 692 1901 667 2017 692 2081 675 2130 529 2196 502 2238 90 2238 107 181 148 107 684 107 667 254"/></Shape>
          
          
          <TextLine ID="eSc_line_4d43066a"
                    TAGREFS="LT83"
                    BASELINE="157 142 675 138" 
                    HPOS="155.0"
                    VPOS="78.0"
                    WIDTH="520.0"
                    HEIGHT="72.0">
            <Shape><Polygon POINTS="157 142 155 80 194 88 202 80 204 80 204 78 204 78 206 78 206 78 206 78 208 78 208 78 210 78 279 78 279 78 279 78 281 78 281 78 281 78 283 78 289 82 305 95 396 95 403 86 407 80 409 80 409 78 409 78 411 78 411 78 411 78 413 78 413 78 415 78 531 78 531 78 531 78 533 78 533 78 533 78 535 78 535 78 535 80 545 88 547 90 560 90 649 80 649 80 651 80 651 80 653 80 653 80 653 80 655 80 675 93 675 138 675 146 157 150"/></Shape>
	    <String CONTENT="Yo la verdad, más prefiero"
                    HPOS="155.0"
                    VPOS="78.0"
                    WIDTH="520.0"
                    HEIGHT="72.0"></String>
          </TextLine>

          
          
          <TextLine ID="eSc_line_f7beecde"
                    TAGREFS="LT83"
                    BASELINE="115 186 533 181" 
                    HPOS="111.0"
                    VPOS="142.0"
                    WIDTH="422.0"
                    HEIGHT="58.0">
            <Shape><Polygon POINTS="115 186 111 146 527 142 533 181 531 196 115 200"/></Shape>
	    <String CONTENT="gozar de tu juventud;"
                    HPOS="111.0"
                    VPOS="142.0"
                    WIDTH="422.0"
                    HEIGHT="58.0"></String>
          </TextLine>

          
          
          <TextLine ID="eSc_line_9fc41868"
                    TAGREFS="LT83"
                    BASELINE="117 225 628 221" 
                    HPOS="113.0"
                    VPOS="179.0"
                    WIDTH="515.0"
                    HEIGHT="64.0">
            <Shape><Polygon POINTS="117 225 113 183 622 179 628 221 626 239 117 243"/></Shape>
	    <String CONTENT="pues lejos de tí me muero,"
                    HPOS="113.0"
                    VPOS="179.0"
                    WIDTH="515.0"
                    HEIGHT="64.0"></String>
          </TextLine>

          
          
          <TextLine ID="eSc_line_33e7bee3"
                    TAGREFS="LT83"
                    BASELINE="117 264 566 260" 
                    HPOS="113.0"
                    VPOS="223.0"
                    WIDTH="453.0"
                    HEIGHT="49.0">
            <Shape><Polygon POINTS="117 264 113 229 560 223 566 260 564 268 117 272"/></Shape>
	    <String CONTENT="y que vuela placentero"
                    HPOS="113.0"
                    VPOS="223.0"
                    WIDTH="453.0"
                    HEIGHT="49.0"></String>
          </TextLine>

          
          
          <TextLine ID="eSc_line_c90bde04"
                    TAGREFS="LT83"
                    BASELINE="115 305 562 301" 
                    HPOS="111.0"
                    VPOS="262.0"
                    WIDTH="451.0"
                    HEIGHT="62.0">
            <Shape><Polygon POINTS="115 305 111 270 556 262 562 301 560 312 115 324"/></Shape>
	    <String CONTENT="haga Dios por mi salud."
                    HPOS="111.0"
                    VPOS="262.0"
                    WIDTH="451.0"
                    HEIGHT="62.0"></String>
          </TextLine>

          
          
          <TextLine ID="eSc_line_ff56e341"
                    TAGREFS="LT83"
                    BASELINE="155 343 690 338" 
                    HPOS="150.0"
                    VPOS="293.0"
                    WIDTH="540.0"
                    HEIGHT="68.0">
            <Shape><Polygon POINTS="155 343 150 305 684 293 690 338 690 361 155 361"/></Shape>
	    <String CONTENT="Por cuartel quiero mi aldea"
                    HPOS="150.0"
                    VPOS="293.0"
                    WIDTH="540.0"
                    HEIGHT="68.0"></String>
          </TextLine>

          
          
          <TextLine ID="eSc_line_99bf572e"
                    TAGREFS="LT83"
                    BASELINE="115 386 475 382" 
                    HPOS="113.0"
                    VPOS="338.0"
                    WIDTH="362.0"
                    HEIGHT="65.0">
            <Shape><Polygon POINTS="115 386 113 351 270 351 297 338 297 338 299 338 299 338 299 338 301 338 471 351 475 382 473 394 115 403"/></Shape>
	    <String CONTENT="y por capitán á tí,"
                    HPOS="113.0"
                    VPOS="338.0"
                    WIDTH="362.0"
                    HEIGHT="65.0"></String>
          </TextLine>

          
          
          <TextLine ID="eSc_line_a61dd36c"
                    TAGREFS="LT83"
                    BASELINE="115 425 593 419" 
                    HPOS="111.0"
                    VPOS="376.0"
                    WIDTH="482.0"
                    HEIGHT="58.0">
            <Shape><Polygon POINTS="115 425 111 392 587 376 593 419 591 434 113 431"/></Shape>
	    <String CONTENT="nuestros besos por pelea"
                    HPOS="111.0"
                    VPOS="376.0"
                    WIDTH="482.0"
                    HEIGHT="58.0"></String>
          </TextLine>

          
          
          <TextLine ID="eSc_line_1df12baf"
                    TAGREFS="LT83"
                    BASELINE="111 465 514 465" 
                    HPOS="111.0"
                    VPOS="421.0"
                    WIDTH="403.0"
                    HEIGHT="58.0">
            <Shape><Polygon POINTS="111 465 111 421 514 423 514 465 514 477 111 479"/></Shape>
	    <String CONTENT="y será muy fácil, si,"
                    HPOS="111.0"
                    VPOS="421.0"
                    WIDTH="403.0"
                    HEIGHT="58.0"></String>
          </TextLine>

          
          
          <TextLine ID="eSc_line_f16e17f6"
                    TAGREFS="LT83"
                    BASELINE="109 508 529 502" 
                    HPOS="103.0"
                    VPOS="462.0"
                    WIDTH="426.0"
                    HEIGHT="62.0">
            <Shape><Polygon POINTS="109 508 103 469 523 462 529 502 527 516 171 514 109 524"/></Shape>
	    <String CONTENT="que dentro poco te vea."
                    HPOS="103.0"
                    VPOS="462.0"
                    WIDTH="426.0"
                    HEIGHT="62.0"></String>
          </TextLine>

          
          
          <TextLine ID="eSc_line_0f1a1133"
                    TAGREFS="LT83"
                    BASELINE="155 543 692 535" 
                    HPOS="146.0"
                    VPOS="491.0"
                    WIDTH="546.0"
                    HEIGHT="67.0">
            <Shape><Polygon POINTS="155 543 146 510 163 498 163 498 165 498 165 498 167 498 167 498 167 498 169 498 272 506 281 506 283 506 303 496 303 496 303 496 305 496 305 496 308 496 308 496 359 502 374 504 686 491 692 535 692 551 155 558"/></Shape>
	    <String CONTENT="Quiero mucho más morirme"
                    HPOS="146.0"
                    VPOS="491.0"
                    WIDTH="546.0"
                    HEIGHT="67.0"></String>
          </TextLine>

          
          
          <TextLine ID="eSc_line_e6776643"
                    TAGREFS="LT83"
                    BASELINE="111 584 616 580" 
                    HPOS="109.0"
                    VPOS="545.0"
                    WIDTH="507.0"
                    HEIGHT="52.0">
            <Shape><Polygon POINTS="111 584 109 545 611 547 616 580 611 597 109 595"/></Shape>
	    <String CONTENT="entre tus brazos, rendido,"
                    HPOS="109.0"
                    VPOS="545.0"
                    WIDTH="507.0"
                    HEIGHT="52.0"></String>
          </TextLine>

          
          
          <TextLine ID="eSc_line_cca87827"
                    TAGREFS="LT83"
                    BASELINE="111 624 663 620" 
                    HPOS="107.0"
                    VPOS="578.0"
                    WIDTH="556.0"
                    HEIGHT="66.0">
            <Shape><Polygon POINTS="111 624 107 589 657 578 663 620 661 630 328 644 326 644 326 644 324 644 324 644 324 644 301 634 301 634 301 634 254 644 254 644 254 644 252 644 252 644 252 644 250 644 250 644 227 634 225 634 111 634"/></Shape>
	    <String CONTENT="antes que me dé en la frente"
                    HPOS="107.0"
                    VPOS="578.0"
                    WIDTH="556.0"
                    HEIGHT="66.0"></String>
          </TextLine>

          
          
          <TextLine ID="eSc_line_344f39a6"
                    TAGREFS="LT83"
                    BASELINE="111 667 506 661" 
                    HPOS="107.0"
                    VPOS="626.0"
                    WIDTH="399.0"
                    HEIGHT="53.0">
            <Shape><Polygon POINTS="111 667 107 628 500 626 506 661 506 675 111 679"/></Shape>
	    <String CONTENT="la bala del enemigo."
                    HPOS="107.0"
                    VPOS="626.0"
                    WIDTH="399.0"
                    HEIGHT="53.0"></String>
          </TextLine>

          
          
          <TextLine ID="eSc_line_086e4b1c"
                    TAGREFS="LT83"
                    BASELINE="150 704 663 700" 
                    HPOS="146.0"
                    VPOS="659.0"
                    WIDTH="517.0"
                    HEIGHT="58.0">
            <Shape><Polygon POINTS="150 704 146 669 657 659 663 700 661 717 148 713"/></Shape>
	    <String CONTENT="Si aun me quieres tú á mí"
                    HPOS="146.0"
                    VPOS="659.0"
                    WIDTH="517.0"
                    HEIGHT="58.0"></String>
          </TextLine>

          
          
          <TextLine ID="eSc_line_6528a89f"
                    TAGREFS="LT83"
                    BASELINE="111 746 589 746" 
                    HPOS="109.0"
                    VPOS="704.0"
                    WIDTH="480.0"
                    HEIGHT="56.0">
            <Shape><Polygon POINTS="111 746 109 706 587 704 589 746 589 754 111 760"/></Shape>
	    <String CONTENT="haz el favor de decirme:"
                    HPOS="109.0"
                    VPOS="704.0"
                    WIDTH="480.0"
                    HEIGHT="56.0"></String>
          </TextLine>

          
          
          <TextLine ID="eSc_line_2b81b5e2"
                    TAGREFS="LT83"
                    BASELINE="111 783 609 787" 
                    HPOS="107.0"
                    VPOS="746.0"
                    WIDTH="502.0"
                    HEIGHT="57.0">
            <Shape><Polygon POINTS="111 783 111 746 607 750 609 787 605 803 107 799"/></Shape>
	    <String CONTENT="yo también te quiero á tí,"
                    HPOS="107.0"
                    VPOS="746.0"
                    WIDTH="502.0"
                    HEIGHT="57.0"></String>
          </TextLine>

          
          
          <TextLine ID="eSc_line_62a798d6"
                    TAGREFS="LT83"
                    BASELINE="111 828 554 824" 
                    HPOS="107.0"
                    VPOS="783.0"
                    WIDTH="447.0"
                    HEIGHT="60.0">
            <Shape><Polygon POINTS="111 828 107 793 547 783 554 824 551 841 111 843"/></Shape>
	    <String CONTENT="y antes que no sea así"
                    HPOS="107.0"
                    VPOS="783.0"
                    WIDTH="447.0"
                    HEIGHT="60.0"></String>
          </TextLine>

          
          
          <TextLine ID="eSc_line_23749bfa"
                    TAGREFS="LT83"
                    BASELINE="109 870 618 863" 
                    HPOS="103.0"
                    VPOS="826.0"
                    WIDTH="515.0"
                    HEIGHT="56.0">
            <Shape><Polygon POINTS="109 870 103 832 611 826 618 863 616 876 109 882"/></Shape>
	    <String CONTENT="quiero mucho más morirme."
                    HPOS="103.0"
                    VPOS="826.0"
                    WIDTH="515.0"
                    HEIGHT="56.0"></String>
          </TextLine>

          
          
          <TextLine ID="eSc_line_c66fb087"
                    TAGREFS="LT83"
                    BASELINE="155 905 692 901" 
                    HPOS="150.0"
                    VPOS="865.0"
                    WIDTH="542.0"
                    HEIGHT="50.0">
            <Shape><Polygon POINTS="155 905 150 870 686 865 692 901 692 909 155 915"/></Shape>
	    <String CONTENT="Cuando esto esté concluído"
                    HPOS="150.0"
                    VPOS="865.0"
                    WIDTH="542.0"
                    HEIGHT="50.0"></String>
          </TextLine>

          
          
          <TextLine ID="eSc_line_fc1fbcb7"
                    TAGREFS="LT83"
                    BASELINE="111 946 535 946" 
                    HPOS="111.0"
                    VPOS="899.0"
                    WIDTH="424.0"
                    HEIGHT="59.0">
            <Shape><Polygon POINTS="111 946 111 899 535 907 535 946 535 958 111 958"/></Shape>
	    <String CONTENT="mi promesa cumpliré"
                    HPOS="111.0"
                    VPOS="899.0"
                    WIDTH="424.0"
                    HEIGHT="59.0"></String>
          </TextLine>

          
          
          <TextLine ID="eSc_line_8999ffb7"
                    TAGREFS="LT83"
                    BASELINE="109 987 595 981" 
                    HPOS="107.0"
                    VPOS="946.0"
                    WIDTH="488.0"
                    HEIGHT="58.0">
            <Shape><Polygon POINTS="109 987 107 946 591 946 595 981 593 1002 434 992 403 1002 403 1002 401 1002 401 1002 401 1002 401 1004 109 1004"/></Shape>
	    <String CONTENT="y al verme ya tu marido,"
                    HPOS="107.0"
                    VPOS="946.0"
                    WIDTH="488.0"
                    HEIGHT="58.0"></String>
          </TextLine>

          
          
          <TextLine ID="eSc_line_71e2fd63"
                    TAGREFS="LT83"
                    BASELINE="109 1029 475 1025" 
                    HPOS="105.0"
                    VPOS="987.0"
                    WIDTH="370.0"
                    HEIGHT="58.0">
            <Shape><Polygon POINTS="109 1029 105 992 469 987 475 1025 473 1033 109 1045"/></Shape>
	    <String CONTENT="gustoso me moriré"
                    HPOS="105.0"
                    VPOS="987.0"
                    WIDTH="370.0"
                    HEIGHT="58.0"></String>
          </TextLine>

          
          
          <TextLine ID="eSc_line_2bd48310"
                    TAGREFS="LT83"
                    BASELINE="107 1068 568 1064" 
                    HPOS="101.0"
                    VPOS="1027.0"
                    WIDTH="467.0"
                    HEIGHT="55.0">
            <Shape><Polygon POINTS="107 1068 101 1031 562 1027 568 1064 568 1074 107 1082"/></Shape>
	    <String CONTENT="entre tus brazos rendido."
                    HPOS="101.0"
                    VPOS="1027.0"
                    WIDTH="467.0"
                    HEIGHT="55.0"></String>
          </TextLine>

          
          
          <TextLine ID="eSc_line_773bcbeb"
                    TAGREFS="LT83"
                    BASELINE="155 1103 609 1099" 
                    HPOS="150.0"
                    VPOS="1060.0"
                    WIDTH="459.0"
                    HEIGHT="56.0">
            <Shape><Polygon POINTS="155 1103 150 1064 603 1060 609 1099 607 1113 155 1116"/></Shape>
	    <String CONTENT="No creo que falsamente"
                    HPOS="150.0"
                    VPOS="1060.0"
                    WIDTH="459.0"
                    HEIGHT="56.0"></String>
          </TextLine>

          
          
          <TextLine ID="eSc_line_13ccd5a9"
                    TAGREFS="LT83"
                    BASELINE="111 1144 572 1144" 
                    HPOS="109.0"
                    VPOS="1105.0"
                    WIDTH="463.0"
                    HEIGHT="54.0">
            <Shape><Polygon POINTS="111 1144 111 1105 572 1105 572 1144 570 1159 109 1155"/></Shape>
	    <String CONTENT="trates de jurarme amor,"
                    HPOS="109.0"
                    VPOS="1105.0"
                    WIDTH="463.0"
                    HEIGHT="54.0"></String>
          </TextLine>

          
          
          <TextLine ID="eSc_line_66692c8d"
                    TAGREFS="LT83"
                    BASELINE="109 1186 609 1186" 
                    HPOS="107.0"
                    VPOS="1151.0"
                    WIDTH="502.0"
                    HEIGHT="51.0">
            <Shape><Polygon POINTS="109 1186 109 1151 609 1151 609 1186 607 1202 107 1194"/></Shape>
	    <String CONTENT="esto fuera inconsecuente;"
                    HPOS="107.0"
                    VPOS="1151.0"
                    WIDTH="502.0"
                    HEIGHT="51.0"></String>
          </TextLine>

          
          
          <TextLine ID="eSc_line_dc606547"
                    TAGREFS="LT83"
                    BASELINE="109 1229 535 1221" 
                    HPOS="105.0"
                    VPOS="1184.0"
                    WIDTH="430.0"
                    HEIGHT="64.0">
            <Shape><Polygon POINTS="109 1229 105 1192 529 1184 535 1221 533 1233 109 1248"/></Shape>
	    <String CONTENT="y asi dímelo por favor"
                    HPOS="105.0"
                    VPOS="1184.0"
                    WIDTH="430.0"
                    HEIGHT="64.0"></String>
          </TextLine>

          
          
          <TextLine ID="eSc_line_6a053f1f"
                    TAGREFS="LT83"
                    BASELINE="109 1268 626 1264" 
                    HPOS="105.0"
                    VPOS="1227.0"
                    WIDTH="521.0"
                    HEIGHT="52.0">
            <Shape><Polygon POINTS="109 1268 105 1231 620 1227 626 1264 624 1277 109 1279"/></Shape>
	    <String CONTENT="antes que me dé en la frente."
                    HPOS="105.0"
                    VPOS="1227.0"
                    WIDTH="521.0"
                    HEIGHT="52.0"></String>
          </TextLine>

          
          
          <TextLine ID="eSc_line_41bb3f69"
                    TAGREFS="LT83"
                    BASELINE="157 1306 731 1310" 
                    HPOS="152.0"
                    VPOS="1260.0"
                    WIDTH="579.0"
                    HEIGHT="70.0">
            <Shape><Polygon POINTS="157 1306 157 1260 731 1271 731 1310 727 1330 152 1318"/></Shape>
	    <String CONTENT="Yo hasta morir te he de amar,"
                    HPOS="152.0"
                    VPOS="1260.0"
                    WIDTH="579.0"
                    HEIGHT="70.0"></String>
          </TextLine>

          
          
          <TextLine ID="eSc_line_31811c92"
                    TAGREFS="LT83"
                    BASELINE="107 1347 527 1347" 
                    HPOS="105.0"
                    VPOS="1312.0"
                    WIDTH="422.0"
                    HEIGHT="47.0">
            <Shape><Polygon POINTS="107 1347 107 1312 527 1312 527 1347 525 1359 105 1355"/></Shape>
	    <String CONTENT="sin engaño te lo digo;"
                    HPOS="105.0"
                    VPOS="1312.0"
                    WIDTH="422.0"
                    HEIGHT="47.0"></String>
          </TextLine>

          
          
          <TextLine ID="eSc_line_d4f9b30c"
                    TAGREFS="LT83"
                    BASELINE="107 1390 605 1382" 
                    HPOS="99.0"
                    VPOS="1341.0"
                    WIDTH="506.0"
                    HEIGHT="60.0">
            <Shape><Polygon POINTS="107 1390 99 1357 113 1345 113 1345 115 1345 115 1345 115 1345 117 1345 117 1345 119 1345 119 1345 217 1353 351 1341 353 1341 601 1349 605 1382 603 1392 107 1401"/></Shape>
	    <String CONTENT="de tí no me he de apartar"
                    HPOS="99.0"
                    VPOS="1341.0"
                    WIDTH="506.0"
                    HEIGHT="60.0"></String>
          </TextLine>

          
          
          <TextLine ID="eSc_line_ab627acb"
                    TAGREFS="LT83"
                    BASELINE="107 1430 616 1426" 
                    HPOS="103.0"
                    VPOS="1382.0"
                    WIDTH="517.0"
                    HEIGHT="64.0">
            <Shape><Polygon POINTS="107 1430 103 1395 609 1382 616 1426 620 1434 605 1446 605 1446 603 1446 603 1446 603 1446 601 1446 601 1446 599 1446 105 1438"/></Shape>
	    <String CONTENT="si contigo me ha de hallar"
                    HPOS="103.0"
                    VPOS="1382.0"
                    WIDTH="517.0"
                    HEIGHT="64.0"></String>
          </TextLine>

          
          
          <TextLine ID="eSc_line_e05e5192"
                    TAGREFS="LT83"
                    BASELINE="105 1469 479 1469" 
                    HPOS="105.0"
                    VPOS="1434.0"
                    WIDTH="374.0"
                    HEIGHT="49.0">
            <Shape><Polygon POINTS="105 1469 105 1434 479 1434 479 1469 479 1483 105 1483"/></Shape>
	    <String CONTENT="la bala del enemigo."
                    HPOS="105.0"
                    VPOS="1434.0"
                    WIDTH="374.0"
                    HEIGHT="49.0"></String>
          </TextLine>

          
          
          <TextLine ID="eSc_line_8e6d3585"
                    TAGREFS="LT83"
                    BASELINE="146 1508 547 1504" 
                    HPOS="144.0"
                    VPOS="1469.0"
                    WIDTH="403.0"
                    HEIGHT="50.0">
            <Shape><Polygon POINTS="146 1508 144 1469 543 1471 547 1504 545 1514 146 1519"/></Shape>
	    <String CONTENT="De dia no sale el sol."
                    HPOS="144.0"
                    VPOS="1469.0"
                    WIDTH="403.0"
                    HEIGHT="50.0"></String>
          </TextLine>

          
          
          <TextLine ID="eSc_line_03ca1c37"
                    TAGREFS="LT83"
                    BASELINE="105 1547 593 1543" 
                    HPOS="101.0"
                    VPOS="1506.0"
                    WIDTH="492.0"
                    HEIGHT="56.0">
            <Shape><Polygon POINTS="105 1547 101 1514 587 1506 593 1543 589 1562 103 1558"/></Shape>
	    <String CONTENT="ni de noche las estrellas;"
                    HPOS="101.0"
                    VPOS="1506.0"
                    WIDTH="492.0"
                    HEIGHT="56.0"></String>
          </TextLine>

          
          
          <TextLine ID="eSc_line_cdc96efe"
                    TAGREFS="LT83"
                    BASELINE="105 1589 523 1589" 
                    HPOS="105.0"
                    VPOS="1552.0"
                    WIDTH="418.0"
                    HEIGHT="47.0">
            <Shape><Polygon POINTS="105 1589 105 1552 523 1552 523 1589 523 1599 105 1599"/></Shape>
	    <String CONTENT="tú sin mí no ves á él,"
                    HPOS="105.0"
                    VPOS="1552.0"
                    WIDTH="418.0"
                    HEIGHT="47.0"></String>
          </TextLine>

          
          
          <TextLine ID="eSc_line_79863f46"
                    TAGREFS="LT83"
                    BASELINE="103 1630 554 1624" 
                    HPOS="97.0"
                    VPOS="1587.0"
                    WIDTH="457.0"
                    HEIGHT="60.0">
            <Shape><Polygon POINTS="103 1630 97 1593 547 1587 554 1624 554 1632 103 1647"/></Shape>
	    <String CONTENT="yo sin tí no veo á ellas"
                    HPOS="97.0"
                    VPOS="1587.0"
                    WIDTH="457.0"
                    HEIGHT="60.0"></String>
          </TextLine>

          
          
          <TextLine ID="eSc_line_4c5fd0f9"
                    TAGREFS="LT83"
                    BASELINE="148 1667 678 1667" 
                    HPOS="146.0"
                    VPOS="1620.0"
                    WIDTH="534.0"
                    HEIGHT="66.0">
            <Shape><Polygon POINTS="148 1667 146 1626 634 1620 636 1620 636 1620 638 1620 680 1632 678 1667 675 1686 146 1680"/></Shape>
	    <String CONTENT="Hermosa niña á quien amo,"
                    HPOS="146.0"
                    VPOS="1620.0"
                    WIDTH="534.0"
                    HEIGHT="66.0"></String>
          </TextLine>

          
          
          <TextLine ID="eSc_line_ba47551a"
                    TAGREFS="LT83"
                    BASELINE="103 1707 576 1705" 
                    HPOS="101.0"
                    VPOS="1663.0"
                    WIDTH="475.0"
                    HEIGHT="60.0">
            <Shape><Polygon POINTS="103 1707 101 1663 572 1665 576 1705 574 1721 103 1723"/></Shape>
	    <String CONTENT="luz de purpúreo arrebol,"
                    HPOS="101.0"
                    VPOS="1663.0"
                    WIDTH="475.0"
                    HEIGHT="60.0"></String>
          </TextLine>

          
          
          <TextLine ID="eSc_line_c0a219ba"
                    TAGREFS="LT83"
                    BASELINE="105 1748 576 1744" 
                    HPOS="101.0"
                    VPOS="1711.0"
                    WIDTH="475.0"
                    HEIGHT="56.0">
            <Shape><Polygon POINTS="105 1748 101 1715 570 1711 576 1744 576 1754 295 1767 293 1767 103 1756"/></Shape>
	    <String CONTENT="no respondes si te llamo"
                    HPOS="101.0"
                    VPOS="1711.0"
                    WIDTH="475.0"
                    HEIGHT="56.0"></String>
          </TextLine>

          
          
          <TextLine ID="eSc_line_9899e4a0"
                    TAGREFS="LT83"
                    BASELINE="101 1791 574 1787" 
                    HPOS="95.0"
                    VPOS="1750.0"
                    WIDTH="479.0"
                    HEIGHT="56.0">
            <Shape><Polygon POINTS="101 1791 95 1754 568 1750 574 1787 572 1802 101 1806"/></Shape>
	    <String CONTENT="y por eso ahora esclamo"
                    HPOS="95.0"
                    VPOS="1750.0"
                    WIDTH="479.0"
                    HEIGHT="56.0"></String>
          </TextLine>

          
          
          <TextLine ID="eSc_line_123ff393"
                    TAGREFS="LT83"
                    BASELINE="101 1831 477 1826" 
                    HPOS="99.0"
                    VPOS="1791.0"
                    WIDTH="378.0"
                    HEIGHT="48.0">
            <Shape><Polygon POINTS="101 1831 99 1791 473 1791 477 1826 475 1837 101 1839"/></Shape>
	    <String CONTENT="de día no sale el sol."
                    HPOS="99.0"
                    VPOS="1791.0"
                    WIDTH="378.0"
                    HEIGHT="48.0"></String>
          </TextLine>

          
          
          <TextLine ID="eSc_line_23eb4424"
                    TAGREFS="LT83"
                    BASELINE="142 1870 642 1870" 
                    HPOS="140.0"
                    VPOS="1822.0"
                    WIDTH="502.0"
                    HEIGHT="64.0">
            <Shape><Polygon POINTS="142 1870 140 1831 640 1822 642 1870 640 1886 140 1878"/></Shape>
	    <String CONTENT="Corría tras de tus huellas"
                    HPOS="140.0"
                    VPOS="1822.0"
                    WIDTH="502.0"
                    HEIGHT="64.0"></String>
          </TextLine>

          
          
          <TextLine ID="eSc_line_20f13d3b"
                    TAGREFS="LT83"
                    BASELINE="99 1909 597 1909" 
                    HPOS="97.0"
                    VPOS="1874.0"
                    WIDTH="500.0"
                    HEIGHT="50.0">
            <Shape><Polygon POINTS="99 1909 99 1874 597 1874 597 1909 595 1924 97 1917"/></Shape>
	    <String CONTENT="en busca de tus sonrisas,"
                    HPOS="97.0"
                    VPOS="1874.0"
                    WIDTH="500.0"
                    HEIGHT="50.0"></String>
          </TextLine>

          
          
          <TextLine ID="eSc_line_100b55bd"
                    TAGREFS="LT83"
                    BASELINE="97 1953 680 1948" 
                    HPOS="90.0"
                    VPOS="1903.0"
                    WIDTH="590.0"
                    HEIGHT="62.0">
            <Shape><Polygon POINTS="97 1953 90 1907 673 1903 680 1948 680 1959 97 1965"/></Shape>
	    <String CONTENT="y ahora no me hablas de ellas"
                    HPOS="90.0"
                    VPOS="1903.0"
                    WIDTH="590.0"
                    HEIGHT="62.0"></String>
          </TextLine>

          
          
          <TextLine ID="eSc_line_8cd500ca"
                    TAGREFS="LT83"
                    BASELINE="99 1988 576 1992" 
                    HPOS="95.0"
                    VPOS="1950.0"
                    WIDTH="481.0"
                    HEIGHT="54.0">
            <Shape><Polygon POINTS="99 1988 99 1950 574 1955 576 1992 572 2004 95 1996"/></Shape>
	    <String CONTENT="ni de mañana les brisas,"
                    HPOS="95.0"
                    VPOS="1950.0"
                    WIDTH="481.0"
                    HEIGHT="54.0"></String>
          </TextLine>

          
          
          <TextLine ID="eSc_line_ec3711ed"
                    TAGREFS="LT83"
                    BASELINE="95 2033 554 2027" 
                    HPOS="88.0"
                    VPOS="1990.0"
                    WIDTH="466.0"
                    HEIGHT="53.0">
            <Shape><Polygon POINTS="95 2033 88 1996 547 1990 554 2027 554 2043 95 2043"/></Shape>
	    <String CONTENT="ni de noche las estrellas."
                    HPOS="88.0"
                    VPOS="1990.0"
                    WIDTH="466.0"
                    HEIGHT="53.0"></String>
          </TextLine>

          
          
          <TextLine ID="eSc_line_927470da"
                    TAGREFS="LT83"
                    BASELINE="140 2068 593 2068" 
                    HPOS="138.0"
                    VPOS="2027.0"
                    WIDTH="455.0"
                    HEIGHT="58.0">
            <Shape><Polygon POINTS="140 2068 140 2027 593 2033 593 2068 591 2085 138 2079"/></Shape>
	    <String CONTENT="Viertes llanto, ya lo sé,"
                    HPOS="138.0"
                    VPOS="2027.0"
                    WIDTH="455.0"
                    HEIGHT="58.0"></String>
          </TextLine>

          
          
          <TextLine ID="eSc_line_d22d994a"
                    TAGREFS="LT83"
                    BASELINE="95 2110 671 2105" 
                    HPOS="93.0"
                    VPOS="2068.0"
                    WIDTH="578.0"
                    HEIGHT="58.0">
            <Shape><Polygon POINTS="95 2110 93 2068 667 2072 671 2105 667 2126 93 2124"/></Shape>
	    <String CONTENT="por la ausencia de un doncel;"
                    HPOS="93.0"
                    VPOS="2068.0"
                    WIDTH="578.0"
                    HEIGHT="58.0"></String>
          </TextLine>

          
          
          <TextLine ID="eSc_line_4289a540"
                    TAGREFS="LT83"
                    BASELINE="93 2149 591 2153" 
                    HPOS="88.0"
                    VPOS="2110.0"
                    WIDTH="503.0"
                    HEIGHT="57.0">
            <Shape><Polygon POINTS="93 2149 93 2110 589 2112 591 2153 587 2167 88 2155"/></Shape>
	    <String CONTENT="se lo he dicho al coronel,"
                    HPOS="88.0"
                    VPOS="2110.0"
                    WIDTH="503.0"
                    HEIGHT="57.0"></String>
          </TextLine>

          
          
          <TextLine ID="eSc_line_317f0094"
                    TAGREFS="LT83"
                    BASELINE="95 2190 458 2186" 
                    HPOS="90.0"
                    VPOS="2153.0"
                    WIDTH="368.0"
                    HEIGHT="54.0">
            <Shape><Polygon POINTS="95 2190 90 2157 452 2153 458 2186 456 2196 95 2207"/></Shape>
	    <String CONTENT="y se lo dije porque"
                    HPOS="90.0"
                    VPOS="2153.0"
                    WIDTH="368.0"
                    HEIGHT="54.0"></String>
          </TextLine>

          
          
          <TextLine ID="eSc_line_09323656"
                    TAGREFS="LT83"
                    BASELINE="95 2234 491 2229" 
                    HPOS="86.0"
                    VPOS="2186.0"
                    WIDTH="405.0"
                    HEIGHT="101.0">
            <Shape><Polygon POINTS="95 2234 86 2198 107 2186 109 2186 109 2186 109 2186 111 2186 111 2186 113 2186 487 2190 491 2229 491 2285 359 2287 357 2287 357 2287 355 2287 355 2287 355 2287 353 2287 353 2287 353 2285 339 2273 314 2250 285 2250 268 2267 268 2269 268 2269 268 2269 266 2269 266 2269 266 2269 264 2269 264 2269 262 2269 202 2267 202 2267 202 2267 200 2267 200 2267 200 2267 198 2267 198 2267 198 2265 194 2263 183 2252 95 2252"/></Shape>
	    <String CONTENT="tú sin mi no ves á él."
                    HPOS="86.0"
                    VPOS="2186.0"
                    WIDTH="405.0"
                    HEIGHT="101.0"></String>
          </TextLine>

          
        </TextBlock>
        
        <TextBlock HPOS="826.0"
                   VPOS="107.0"
                   WIDTH="627.0"
                   HEIGHT="2139.0"
                   ID="eSc_textblock_25a11a80"
                   TAGREFS="BT227">
          <Shape><Polygon POINTS="1387 279 1436 510 1320 611 1395 758 1306 775 1296 816 1395 901 1354 1113 1403 1157 1395 1237 1428 1312 1320 1347 1403 1397 1403 1436 1304 1535 1345 1554 1364 1620 1420 1636 1420 1684 1354 1736 1329 1808 1354 1899 1444 1926 1453 2006 1329 2025 1320 2246 826 2238 851 157 893 107 1403 107 1420 148"/></Shape>
          
          
          <TextLine ID="eSc_line_bb08c3fd"
                    TAGREFS="LT83"
                    BASELINE="855 181 1416 177" 
                    HPOS="851.0"
                    VPOS="142.0"
                    WIDTH="565.0"
                    HEIGHT="58.0">
            <Shape><Polygon POINTS="855 181 851 144 1409 142 1416 177 1413 198 855 200"/></Shape>
	    <String CONTENT="encuentro niñas muy bellas,"
                    HPOS="851.0"
                    VPOS="142.0"
                    WIDTH="565.0"
                    HEIGHT="58.0"></String>
          </TextLine>

          
          
          <TextLine ID="eSc_line_2085fe40"
                    TAGREFS="LT83"
                    BASELINE="897 142 1395 136" 
                    HPOS="897.0"
                    VPOS="72.0"
                    WIDTH="498.0"
                    HEIGHT="83.0">
            <Shape><Polygon POINTS="897 142 897 80 934 93 1008 82 1008 82 1010 82 1010 82 1012 82 1056 93 1079 78 1081 78 1081 78 1081 78 1083 78 1083 78 1085 78 1085 78 1184 90 1269 74 1279 72 1279 72 1279 72 1281 72 1281 72 1283 72 1283 72 1283 72 1285 72 1316 88 1389 72 1395 136 1393 148 897 155"/></Shape>
	    <String CONTENT="Por el pueblo y la ciudad"
                    HPOS="897.0"
                    VPOS="72.0"
                    WIDTH="498.0"
                    HEIGHT="83.0"></String>
          </TextLine>

          
          
          <TextLine ID="eSc_line_74fc6ec7"
                    TAGREFS="LT83"
                    BASELINE="859 219 1364 219" 
                    HPOS="855"
                    VPOS="186"
                    WIDTH="507"
                    HEIGHT="49">
            <Shape><Polygon POINTS="857 217 855 188 1360 186 1362 217 1360 235 855 231"/></Shape>
	    <String CONTENT="me muestran su voluntad;"
                    HPOS="855"
                    VPOS="186"
                    WIDTH="507"
                    HEIGHT="49"></String>
          </TextLine>

          
          
          <TextLine ID="eSc_line_e19792e8"
                    TAGREFS="LT83"
                    BASELINE="857 264 1306 264" 
                    HPOS="857.0"
                    VPOS="225.0"
                    WIDTH="449.0"
                    HEIGHT="56.0">
            <Shape><Polygon POINTS="857 264 857 225 1306 225 1306 264 1306 272 857 281"/></Shape>
	    <String CONTENT="pero te digo en verdad:"
                    HPOS="857.0"
                    VPOS="225.0"
                    WIDTH="449.0"
                    HEIGHT="56.0"></String>
          </TextLine>

          
          
          <TextLine ID="eSc_line_6adc5729"
                    TAGREFS="LT83"
                    BASELINE="857 307 1281 301" 
                    HPOS="853.0"
                    VPOS="264.0"
                    WIDTH="428.0"
                    HEIGHT="58.0">
            <Shape><Polygon POINTS="857 307 853 270 1275 264 1281 301 1281 307 857 322"/></Shape>
	    <String CONTENT="yo sin ti no veo á ellas."
                    HPOS="853.0"
                    VPOS="264.0"
                    WIDTH="428.0"
                    HEIGHT="58.0"></String>
          </TextLine>

          
          
          <TextLine ID="eSc_line_282c3c1b"
                    TAGREFS="LT83"
                    BASELINE="855 380 1258 384" 
                    HPOS="851.0"
                    VPOS="345.0"
                    WIDTH="407.0"
                    HEIGHT="49.0">
            <Shape><Polygon POINTS="855 380 855 345 1256 349 1258 384 1254 394 851 392"/></Shape>
	    <String CONTENT="del fusil el fogonazo,"
                    HPOS="851.0"
                    VPOS="345.0"
                    WIDTH="407.0"
                    HEIGHT="49.0"></String>
          </TextLine>

          
          
          <TextLine ID="eSc_line_afb925d0"
                    TAGREFS="LT83"
                    BASELINE="899 341 1397 343" 
                    HPOS="895.0"
                    VPOS="293.0"
                    WIDTH="502.0"
                    HEIGHT="60.0">
            <Shape><Polygon POINTS="899 341 899 303 1213 305 1393 293 1397 343 1393 353 895 351"/></Shape>
	    <String CONTENT="Cuando veo que se pierde"
                    HPOS="895.0"
                    VPOS="293.0"
                    WIDTH="502.0"
                    HEIGHT="60.0"></String>
          </TextLine>

          
          
          <TextLine ID="eSc_line_6ce9310f"
                    TAGREFS="LT83"
                    BASELINE="857 425 1397 419" 
                    HPOS="853.0"
                    VPOS="382.0"
                    WIDTH="544.0"
                    HEIGHT="56.0">
            <Shape><Polygon POINTS="857 425 853 386 1391 382 1397 419 1393 438 855 436"/></Shape>
	    <String CONTENT="me preguntó algunas veces:"
                    HPOS="853.0"
                    VPOS="382.0"
                    WIDTH="544.0"
                    HEIGHT="56.0"></String>
          </TextLine>

          
          
          <TextLine ID="eSc_line_f2902df4"
                    TAGREFS="LT83"
                    BASELINE="855 469 1327 458" 
                    HPOS="851.0"
                    VPOS="421.0"
                    WIDTH="476.0"
                    HEIGHT="54.0">
            <Shape><Polygon POINTS="855 469 851 431 1320 421 1327 458 1327 473 855 475"/></Shape>
	    <String CONTENT="¿perderé yo la que amo?"
                    HPOS="851.0"
                    VPOS="421.0"
                    WIDTH="476.0"
                    HEIGHT="54.0"></String>
          </TextLine>

          
          
          <TextLine ID="eSc_line_fb2eb2b3"
                    TAGREFS="LT83"
                    BASELINE="901 504 1434 504" 
                    HPOS="901.0"
                    VPOS="454.0"
                    WIDTH="535.0"
                    HEIGHT="68.0">
            <Shape><Polygon POINTS="901 504 901 458 1292 465 1306 465 1405 454 1405 454 1407 454 1407 454 1407 454 1409 454 1409 454 1436 467 1434 504 1434 518 901 522"/></Shape>
	    <String CONTENT="Escuché en cierta canción,"
                    HPOS="901.0"
                    VPOS="454.0"
                    WIDTH="535.0"
                    HEIGHT="68.0"></String>
          </TextLine>

          
          
          <TextLine ID="eSc_line_260846ef"
                    TAGREFS="LT83"
                    BASELINE="855 543 1395 543" 
                    HPOS="851.0"
                    VPOS="502.0"
                    WIDTH="544.0"
                    HEIGHT="64.0">
            <Shape><Polygon POINTS="855 543 855 502 1395 502 1395 543 1393 566 1219 553 1122 560 1070 564 1068 564 1068 564 1068 564 1066 564 1066 564 1054 560 1037 553 981 558 895 564 893 564 893 564 890 564 851 553"/></Shape>
	    <String CONTENT="decir la esperanza es verde;"
                    HPOS="851.0"
                    VPOS="502.0"
                    WIDTH="544.0"
                    HEIGHT="64.0"></String>
          </TextLine>

          
          
          <TextLine ID="eSc_line_92659e03"
                    TAGREFS="LT83"
                    BASELINE="855 584 1310 580" 
                    HPOS="853.0"
                    VPOS="545.0"
                    WIDTH="457.0"
                    HEIGHT="58.0">
            <Shape><Polygon POINTS="855 584 853 545 1306 545 1310 580 1308 599 855 603"/></Shape>
	    <String CONTENT="y yo en alguna ocasión"
                    HPOS="853.0"
                    VPOS="545.0"
                    WIDTH="457.0"
                    HEIGHT="58.0"></String>
          </TextLine>

          
          
          <TextLine ID="eSc_line_e2cfa8d5"
                    TAGREFS="LT83"
                    BASELINE="855 626 1265 622" 
                    HPOS="851.0"
                    VPOS="584.0"
                    WIDTH="414.0"
                    HEIGHT="52.0">
            <Shape><Polygon POINTS="855 626 851 589 1258 584 1265 622 1263 634 855 636"/></Shape>
	    <String CONTENT="digo que tiene razón."
                    HPOS="851.0"
                    VPOS="584.0"
                    WIDTH="414.0"
                    HEIGHT="52.0"></String>
          </TextLine>

          
          
          <TextLine ID="eSc_line_57ff8793"
                    TAGREFS="LT83"
                    BASELINE="855 667 1316 661" 
                    HPOS="847.0"
                    VPOS="620.0"
                    WIDTH="469.0"
                    HEIGHT="62.0">
            <Shape><Polygon POINTS="855 667 847 632 866 620 868 620 868 620 868 620 870 620 870 620 872 620 1312 626 1316 661 1316 671 855 682"/></Shape>
	    <String CONTENT="cuando veo que se pierde."
                    HPOS="847.0"
                    VPOS="620.0"
                    WIDTH="469.0"
                    HEIGHT="62.0"></String>
          </TextLine>

          
          
          <TextLine ID="eSc_line_5a485c41"
                    TAGREFS="LT83"
                    BASELINE="893 702 1244 706" 
                    HPOS="888.0"
                    VPOS="663.0"
                    WIDTH="356.0"
                    HEIGHT="52.0">
            <Shape><Polygon POINTS="893 702 893 663 1242 671 1244 706 1240 715 888 713"/></Shape>
	    <String CONTENT="Si como deseo ya,"
                    HPOS="888.0"
                    VPOS="663.0"
                    WIDTH="356.0"
                    HEIGHT="52.0"></String>
          </TextLine>

          
          
          <TextLine ID="eSc_line_ec9bcd4c"
                    TAGREFS="LT83"
                    BASELINE="853 746 1391 741" 
                    HPOS="847.0"
                    VPOS="706.0"
                    WIDTH="544.0"
                    HEIGHT="56.0">
            <Shape><Polygon POINTS="853 746 847 708 1385 706 1391 741 1389 762 853 762"/></Shape>
	    <String CONTENT="me duermo yo en tu regazo,"
                    HPOS="847.0"
                    VPOS="706.0"
                    WIDTH="544.0"
                    HEIGHT="56.0"></String>
          </TextLine>

          
          
          <TextLine ID="eSc_line_303ca2fd"
                    TAGREFS="LT83"
                    BASELINE="855 783 1234 787" 
                    HPOS="851.0"
                    VPOS="746.0"
                    WIDTH="383.0"
                    HEIGHT="49.0">
            <Shape><Polygon POINTS="855 783 855 746 1232 750 1234 787 1229 795 851 791"/></Shape>
	    <String CONTENT="tanta mi dicha será"
                    HPOS="851.0"
                    VPOS="746.0"
                    WIDTH="383.0"
                    HEIGHT="49.0"></String>
          </TextLine>

          
          
          <TextLine ID="eSc_line_bab4e497"
                    TAGREFS="LT83"
                    BASELINE="853 826 1281 822" 
                    HPOS="849.0"
                    VPOS="781.0"
                    WIDTH="432.0"
                    HEIGHT="62.0">
            <Shape><Polygon POINTS="853 826 849 795 1275 781 1281 822 1277 843 851 837"/></Shape>
	    <String CONTENT="que no me despertará"
                    HPOS="849.0"
                    VPOS="781.0"
                    WIDTH="432.0"
                    HEIGHT="62.0"></String>
          </TextLine>

          
          
          <TextLine ID="eSc_line_bc078ef9"
                    TAGREFS="LT83"
                    BASELINE="853 868 1242 868" 
                    HPOS="853.0"
                    VPOS="832.0"
                    WIDTH="389.0"
                    HEIGHT="48.0">
            <Shape><Polygon POINTS="853 868 853 832 1242 832 1242 868 1242 878 853 880"/></Shape>
	    <String CONTENT="del fusil el fogonazo."
                    HPOS="853.0"
                    VPOS="832.0"
                    WIDTH="389.0"
                    HEIGHT="48.0"></String>
          </TextLine>

          
          
          <TextLine ID="eSc_line_fa97832e"
                    TAGREFS="LT83"
                    BASELINE="899 907 1374 901" 
                    HPOS="897.0"
                    VPOS="865.0"
                    WIDTH="477.0"
                    HEIGHT="54.0">
            <Shape><Polygon POINTS="899 907 897 865 1370 870 1374 901 1372 913 899 919"/></Shape>
	    <String CONTENT="Aunque mi pecho confía"
                    HPOS="897.0"
                    VPOS="865.0"
                    WIDTH="477.0"
                    HEIGHT="54.0"></String>
          </TextLine>

          
          
          <TextLine ID="eSc_line_e22b090d"
                    TAGREFS="LT83"
                    BASELINE="855 948 1387 944" 
                    HPOS="851.0"
                    VPOS="911.0"
                    WIDTH="536.0"
                    HEIGHT="52.0">
            <Shape><Polygon POINTS="855 948 851 915 1380 911 1387 944 1387 958 855 963"/></Shape>
	    <String CONTENT="pagarte el amor con creces,"
                    HPOS="851.0"
                    VPOS="911.0"
                    WIDTH="536.0"
                    HEIGHT="52.0"></String>
          </TextLine>

          
          
          <TextLine ID="eSc_line_ca136a6d"
                    TAGREFS="LT83"
                    BASELINE="853 987 1349 983" 
                    HPOS="849.0"
                    VPOS="948.0"
                    WIDTH="500.0"
                    HEIGHT="52.0">
            <Shape><Polygon POINTS="853 987 849 952 1343 948 1349 983 1347 996 853 1000"/></Shape>
	    <String CONTENT="del dolor hasta las heces,"
                    HPOS="849.0"
                    VPOS="948.0"
                    WIDTH="500.0"
                    HEIGHT="52.0"></String>
          </TextLine>

          
          
          <TextLine ID="eSc_line_1ef9e757"
                    TAGREFS="LT83"
                    BASELINE="853 1027 1320 1023" 
                    HPOS="849.0"
                    VPOS="985.0"
                    WIDTH="471.0"
                    HEIGHT="60.0">
            <Shape><Polygon POINTS="853 1027 849 989 1314 985 1320 1023 1318 1039 853 1045"/></Shape>
	    <String CONTENT="si yo apuraré algún dia,"
                    HPOS="849.0"
                    VPOS="985.0"
                    WIDTH="471.0"
                    HEIGHT="60.0"></String>
          </TextLine>

          
          
          <TextLine ID="eSc_line_2f90ebf4"
                    TAGREFS="LT83"
                    BASELINE="853 1066 1354 1062" 
                    HPOS="849.0"
                    VPOS="1027.0"
                    WIDTH="505.0"
                    HEIGHT="51.0">
            <Shape><Polygon POINTS="853 1066 849 1031 1347 1027 1354 1062 1351 1076 853 1078"/></Shape>
	    <String CONTENT="me pregunto algunas veces."
                    HPOS="849.0"
                    VPOS="1027.0"
                    WIDTH="505.0"
                    HEIGHT="51.0"></String>
          </TextLine>

          
          
          <TextLine ID="eSc_line_f4ccb3a9"
                    TAGREFS="LT83"
                    BASELINE="897 1105 1327 1105" 
                    HPOS="895.0"
                    VPOS="1068.0"
                    WIDTH="432.0"
                    HEIGHT="56.0">
            <Shape><Polygon POINTS="897 1105 897 1068 1327 1072 1327 1105 1325 1124 895 1120"/></Shape>
	    <String CONTENT="Para vivir con sosiego"
                    HPOS="895.0"
                    VPOS="1068.0"
                    WIDTH="432.0"
                    HEIGHT="56.0"></String>
          </TextLine>

          
          
          <TextLine ID="eSc_line_784fcb58"
                    TAGREFS="LT83"
                    BASELINE="851 1147 1294 1140" 
                    HPOS="847.0"
                    VPOS="1099.0"
                    WIDTH="447.0"
                    HEIGHT="64.0">
            <Shape><Polygon POINTS="851 1147 847 1099 895 1109 905 1101 905 1099 905 1099 907 1099 907 1099 907 1099 907 1099 909 1099 909 1099 909 1099 911 1099 911 1099 913 1099 913 1099 913 1099 915 1099 915 1099 915 1099 930 1109 1287 1105 1294 1140 1292 1159 851 1163"/></Shape>
	    <String CONTENT="tu juramento reclamo:"
                    HPOS="847.0"
                    VPOS="1099.0"
                    WIDTH="447.0"
                    HEIGHT="64.0"></String>
          </TextLine>

          
          
          <TextLine ID="eSc_line_109c4b98"
                    TAGREFS="LT83"
                    BASELINE="851 1184 1391 1188" 
                    HPOS="847.0"
                    VPOS="1138.0"
                    WIDTH="544.0"
                    HEIGHT="66.0">
            <Shape><Polygon POINTS="851 1184 849 1147 1087 1138 1089 1138 1145 1140 1271 1149 1389 1138 1391 1188 1387 1204 847 1192"/></Shape>
	    <String CONTENT="dicen que el amor es ciego;"
                    HPOS="847.0"
                    VPOS="1138.0"
                    WIDTH="544.0"
                    HEIGHT="66.0"></String>
          </TextLine>

          
          
          <TextLine ID="eSc_line_b67b9516"
                    TAGREFS="LT83"
                    BASELINE="851 1229 1349 1225" 
                    HPOS="849.0"
                    VPOS="1186.0"
                    WIDTH="500.0"
                    HEIGHT="62.0">
            <Shape><Polygon POINTS="851 1229 849 1186 1345 1188 1349 1225 1347 1240 851 1248"/></Shape>
	    <String CONTENT="yo pregunto desde luego:"
                    HPOS="849.0"
                    VPOS="1186.0"
                    WIDTH="500.0"
                    HEIGHT="62.0"></String>
          </TextLine>

          
          
          <TextLine ID="eSc_line_421399cd"
                    TAGREFS="LT83"
                    BASELINE="851 1273 1296 1262" 
                    HPOS="847.0"
                    VPOS="1225.0"
                    WIDTH="449.0"
                    HEIGHT="62.0">
            <Shape><Polygon POINTS="851 1273 847 1233 1289 1225 1296 1262 1296 1271 851 1287"/></Shape>
	    <String CONTENT="¿perderé yo la que amo?"
                    HPOS="847.0"
                    VPOS="1225.0"
                    WIDTH="449.0"
                    HEIGHT="62.0"></String>
          </TextLine>

          
          
          <TextLine ID="eSc_line_576cf25c"
                    TAGREFS="LT83"
                    BASELINE="890 1308 1428 1304" 
                    HPOS="886.0"
                    VPOS="1256.0"
                    WIDTH="542.0"
                    HEIGHT="64.0">
            <Shape><Polygon POINTS="890 1308 886 1273 1422 1256 1428 1304 1426 1318 890 1320"/></Shape>
	    <String CONTENT="No me olvideis que soy fiel."
                    HPOS="886.0"
                    VPOS="1256.0"
                    WIDTH="542.0"
                    HEIGHT="64.0"></String>
          </TextLine>

          
          
          <TextLine ID="eSc_line_102c4671"
                    TAGREFS="LT83"
                    BASELINE="849 1347 1254 1351" 
                    HPOS="847.0"
                    VPOS="1308.0"
                    WIDTH="407.0"
                    HEIGHT="51.0">
            <Shape><Polygon POINTS="849 1347 849 1308 1252 1312 1254 1351 1250 1359 847 1353"/></Shape>
	    <String CONTENT="sin tí no podré vivir;"
                    HPOS="847.0"
                    VPOS="1308.0"
                    WIDTH="407.0"
                    HEIGHT="51.0"></String>
          </TextLine>

          
          
          <TextLine ID="eSc_line_a8bfa7e1"
                    TAGREFS="LT83"
                    BASELINE="849 1390 1238 1390" 
                    HPOS="847.0"
                    VPOS="1345.0"
                    WIDTH="391.0"
                    HEIGHT="58.0">
            <Shape><Polygon POINTS="849 1390 849 1345 1238 1349 1238 1390 1236 1403 847 1399"/></Shape>
	    <String CONTENT="ahora te dige adios,"
                    HPOS="847.0"
                    VPOS="1345.0"
                    WIDTH="391.0"
                    HEIGHT="58.0"></String>
          </TextLine>

          
          
          <TextLine ID="eSc_line_9b28c0be"
                    TAGREFS="LT83"
                    BASELINE="849 1432 1395 1428" 
                    HPOS="845.0"
                    VPOS="1378.0"
                    WIDTH="550.0"
                    HEIGHT="70.0">
            <Shape><Polygon POINTS="849 1432 845 1392 1196 1380 1198 1380 1198 1380 1201 1380 1229 1388 1240 1380 1240 1378 1240 1378 1242 1378 1242 1378 1242 1378 1244 1378 1244 1378 1244 1378 1246 1378 1391 1390 1395 1428 1395 1444 849 1448"/></Shape>
	    <String CONTENT="hasta que vuelva á escribir."
                    HPOS="845.0"
                    VPOS="1378.0"
                    WIDTH="550.0"
                    HEIGHT="70.0"></String>
          </TextLine>

          
          
          <TextLine ID="eSc_line_f03fd9ad"
                    TAGREFS="LT83"
                    BASELINE="893 1465 1372 1471" 
                    HPOS="888.0"
                    VPOS="1423.0"
                    WIDTH="484.0"
                    HEIGHT="67.0">
            <Shape><Polygon POINTS="893 1465 893 1423 1370 1434 1372 1471 1368 1490 888 1481"/></Shape>
	    <String CONTENT="Tú eres rosa y yo clavel,"
                    HPOS="888.0"
                    VPOS="1423.0"
                    WIDTH="484.0"
                    HEIGHT="67.0"></String>
          </TextLine>

          
          
          <TextLine ID="eSc_line_69eb3192"
                    TAGREFS="LT83"
                    BASELINE="847 1508 1271 1508" 
                    HPOS="845.0"
                    VPOS="1471.0"
                    WIDTH="426.0"
                    HEIGHT="58.0">
            <Shape><Polygon POINTS="847 1508 845 1473 1269 1471 1271 1508 1269 1529 845 1527"/></Shape>
	    <String CONTENT="yo lirio y tú azucena,"
                    HPOS="845.0"
                    VPOS="1471.0"
                    WIDTH="426.0"
                    HEIGHT="58.0"></String>
          </TextLine>

          
          
          <TextLine ID="eSc_line_08e9db62"
                    TAGREFS="LT83"
                    BASELINE="847 1545 1250 1550" 
                    HPOS="843.0"
                    VPOS="1512.0"
                    WIDTH="407.0"
                    HEIGHT="44.0">
            <Shape><Polygon POINTS="847 1545 847 1512 1248 1516 1250 1550 1246 1556 843 1552"/></Shape>
	    <String CONTENT="tu azúcar y yo miel;"
                    HPOS="843.0"
                    VPOS="1512.0"
                    WIDTH="407.0"
                    HEIGHT="44.0"></String>
          </TextLine>

          
          
          <TextLine ID="eSc_line_d1bf1402"
                    TAGREFS="LT83"
                    BASELINE="845 1591 1339 1587" 
                    HPOS="841.0"
                    VPOS="1535.0"
                    WIDTH="498.0"
                    HEIGHT="68.0">
            <Shape><Polygon POINTS="845 1591 841 1550 1077 1550 1112 1541 1126 1537 1128 1537 1128 1537 1130 1537 1130 1537 1157 1539 1236 1547 1246 1539 1246 1537 1246 1537 1248 1537 1248 1537 1248 1537 1248 1537 1250 1537 1250 1537 1250 1537 1333 1535 1339 1587 1335 1603 843 1601"/></Shape>
	    <String CONTENT="si no quieres darme pena"
                    HPOS="841.0"
                    VPOS="1535.0"
                    WIDTH="498.0"
                    HEIGHT="68.0"></String>
          </TextLine>

          
          
          <TextLine ID="eSc_line_9cdacbdd"
                    TAGREFS="LT83"
                    BASELINE="845 1630 1327 1630" 
                    HPOS="845.0"
                    VPOS="1593.0"
                    WIDTH="482.0"
                    HEIGHT="50.0">
            <Shape><Polygon POINTS="845 1630 845 1593 1327 1593 1327 1630 1327 1643 845 1643"/></Shape>
	    <String CONTENT="no me olvides que soy fiel."
                    HPOS="845.0"
                    VPOS="1593.0"
                    WIDTH="482.0"
                    HEIGHT="50.0"></String>
          </TextLine>

          
          
          <TextLine ID="eSc_line_0bdc183f"
                    TAGREFS="LT83"
                    BASELINE="884 1674 1418 1667" 
                    HPOS="876.0"
                    VPOS="1620.0"
                    WIDTH="542.0"
                    HEIGHT="66.0">
            <Shape><Polygon POINTS="884 1674 876 1636 897 1624 899 1624 899 1624 901 1624 901 1624 901 1624 903 1624 1025 1632 1048 1632 1411 1620 1418 1667 1418 1676 884 1686"/></Shape>
	    <String CONTENT="¿Qué mas te puedo escribir?"
                    HPOS="876.0"
                    VPOS="1620.0"
                    WIDTH="542.0"
                    HEIGHT="66.0"></String>
          </TextLine>

          
          
          <TextLine ID="eSc_line_e8068be5"
                    TAGREFS="LT83"
                    BASELINE="843 1711 1366 1707" 
                    HPOS="839.0"
                    VPOS="1665.0"
                    WIDTH="527.0"
                    HEIGHT="60.0">
            <Shape><Polygon POINTS="843 1711 839 1665 1362 1665 1366 1707 1366 1715 843 1725"/></Shape>
	    <String CONTENT="¿qué más te puedo cantar?"
                    HPOS="839.0"
                    VPOS="1665.0"
                    WIDTH="527.0"
                    HEIGHT="60.0"></String>
          </TextLine>

          
          
          <TextLine ID="eSc_line_45fbdc92"
                    TAGREFS="LT83"
                    BASELINE="845 1752 1333 1752" 
                    HPOS="843.0"
                    VPOS="1713.0"
                    WIDTH="490.0"
                    HEIGHT="51.0">
            <Shape><Polygon POINTS="845 1752 843 1715 1331 1713 1333 1752 1333 1758 845 1764"/></Shape>
	    <String CONTENT="¿qué más te puedo decir?"
                    HPOS="843.0"
                    VPOS="1713.0"
                    WIDTH="490.0"
                    HEIGHT="51.0"></String>
          </TextLine>

          
          
          <TextLine ID="eSc_line_eb6ed9a5"
                    TAGREFS="LT83"
                    BASELINE="843 1787 1273 1793" 
                    HPOS="839.0"
                    VPOS="1744.0"
                    WIDTH="434.0"
                    HEIGHT="66.0">
            <Shape><Polygon POINTS="843 1787 841 1750 1128 1744 1130 1744 1271 1756 1273 1793 1269 1810 839 1802"/></Shape>
	    <String CONTENT="si me llegas a olvidar,"
                    HPOS="839.0"
                    VPOS="1744.0"
                    WIDTH="434.0"
                    HEIGHT="66.0"></String>
          </TextLine>

          
          
          <TextLine ID="eSc_line_85c15453"
                    TAGREFS="LT83"
                    BASELINE="843 1833 1229 1826" 
                    HPOS="839.0"
                    VPOS="1791.0"
                    WIDTH="390.0"
                    HEIGHT="50.0">
            <Shape><Polygon POINTS="843 1833 839 1798 1223 1791 1229 1826 1227 1841 841 1839"/></Shape>
	    <String CONTENT="sin tí no podré vivir."
                    HPOS="839.0"
                    VPOS="1791.0"
                    WIDTH="390.0"
                    HEIGHT="50.0"></String>
          </TextLine>

          
          
          <TextLine ID="eSc_line_24a5eefa"
                    TAGREFS="LT83"
                    BASELINE="882 1868 1341 1874" 
                    HPOS="880.0"
                    VPOS="1822.0"
                    WIDTH="463.0"
                    HEIGHT="66.0">
            <Shape><Polygon POINTS="882 1868 882 1824 1186 1833 1198 1833 1306 1822 1308 1822 1308 1822 1308 1822 1310 1822 1310 1822 1343 1837 1341 1874 1337 1888 880 1874"/></Shape>
	    <String CONTENT="Somos un alma los dos,"
                    HPOS="880.0"
                    VPOS="1822.0"
                    WIDTH="463.0"
                    HEIGHT="66.0"></String>
          </TextLine>

          
          
          <TextLine ID="eSc_line_1a96cbad"
                    TAGREFS="LT83"
                    BASELINE="845 1907 1327 1911" 
                    HPOS="841.0"
                    VPOS="1870.0"
                    WIDTH="486.0"
                    HEIGHT="56.0">
            <Shape><Polygon POINTS="845 1907 845 1870 1325 1874 1327 1911 1323 1926 841 1917"/></Shape>
	    <String CONTENT="vivimos de igual aliento,"
                    HPOS="841.0"
                    VPOS="1870.0"
                    WIDTH="486.0"
                    HEIGHT="56.0"></String>
          </TextLine>

          
          
          <TextLine ID="eSc_line_95d3a6db"
                    TAGREFS="LT83"
                    BASELINE="845 1948 1442 1955" 
                    HPOS="841.0"
                    VPOS="1903.0"
                    WIDTH="601.0"
                    HEIGHT="68.0">
            <Shape><Polygon POINTS="845 1948 847 1903 868 1913 959 1905 1002 1903 1002 1903 1004 1903 1004 1903 1037 1907 1085 1915 1153 1911 1240 1905 1242 1905 1242 1905 1242 1905 1244 1905 1244 1905 1244 1905 1246 1905 1256 1913 1263 1917 1283 1915 1327 1907 1327 1907 1329 1907 1329 1907 1440 1919 1442 1955 1438 1971 841 1959"/></Shape>
	    <String CONTENT="vamos de iguel diche en pos..."
                    HPOS="841.0"
                    VPOS="1903.0"
                    WIDTH="601.0"
                    HEIGHT="68.0"></String>
          </TextLine>

          
          
          <TextLine ID="eSc_line_8140d11a"
                    TAGREFS="LT83"
                    BASELINE="843 1994 1444 1998" 
                    HPOS="841.0"
                    VPOS="1955.0"
                    WIDTH="603.0"
                    HEIGHT="68.0">
            <Shape><Polygon POINTS="843 1994 843 1955 1442 1959 1444 1998 1442 2023 1211 2023 1209 2021 1209 2021 1207 2021 1207 2021 1207 2021 1205 2021 1205 2021 1205 2019 1205 2019 1190 2004 1143 2004 841 2015"/></Shape>
	    <String CONTENT="¡Ay! que me llama el sargento,"
                    HPOS="841.0"
                    VPOS="1955.0"
                    WIDTH="603.0"
                    HEIGHT="68.0"></String>
          </TextLine>

          
          
          <TextLine ID="eSc_line_9138cb8e"
                    TAGREFS="LT83"
                    BASELINE="841 2033 1213 2033" 
                    HPOS="841.0"
                    VPOS="1996.0"
                    WIDTH="372.0"
                    HEIGHT="60.0">
            <Shape><Polygon POINTS="841 2033 841 1996 1213 1996 1213 2033 1213 2056 841 2056"/></Shape>
	    <String CONTENT="ahora te digo adios."
                    HPOS="841.0"
                    VPOS="1996.0"
                    WIDTH="372.0"
                    HEIGHT="60.0"></String>
          </TextLine>

          
          
          <TextLine ID="eSc_line_c0e3fded"
                    TAGREFS="LT83"
                    BASELINE="880 2068 1304 2072" 
                    HPOS="878.0"
                    VPOS="2025.0"
                    WIDTH="428.0"
                    HEIGHT="58.0">
            <Shape><Polygon POINTS="880 2068 880 2035 940 2035 940 2035 950 2027 950 2025 950 2025 952 2025 952 2025 952 2025 955 2025 955 2025 955 2025 957 2025 1209 2037 1221 2027 1221 2025 1221 2025 1223 2025 1223 2025 1223 2025 1225 2025 1225 2025 1227 2025 1279 2025 1279 2025 1279 2025 1281 2025 1281 2025 1281 2025 1283 2025 1306 2039 1304 2072 1302 2079 878 2083"/></Shape>
	    <String CONTENT="Me levanto de la silla"
                    HPOS="878.0"
                    VPOS="2025.0"
                    WIDTH="428.0"
                    HEIGHT="58.0"></String>
          </TextLine>

          
          
          <TextLine ID="eSc_line_5b2ef66f"
                    TAGREFS="LT83"
                    BASELINE="839 2110 1300 2114" 
                    HPOS="835.0"
                    VPOS="2066.0"
                    WIDTH="465.0"
                    HEIGHT="60.0">
            <Shape><Polygon POINTS="839 2110 837 2072 1296 2066 1300 2114 1296 2126 835 2124"/></Shape>
	    <String CONTENT="y me dispongo á partir;"
                    HPOS="835.0"
                    VPOS="2066.0"
                    WIDTH="465.0"
                    HEIGHT="60.0"></String>
          </TextLine>

          
          
          <TextLine ID="eSc_line_f384c207"
                    TAGREFS="LT83"
                    BASELINE="839 2149 1318 2155" 
                    HPOS="835.0"
                    VPOS="2112.0"
                    WIDTH="483.0"
                    HEIGHT="55.0">
            <Shape><Polygon POINTS="839 2149 839 2112 1316 2118 1318 2155 1314 2167 835 2155"/></Shape>
	    <String CONTENT="da expresiones á Pepilla,"
                    HPOS="835.0"
                    VPOS="2112.0"
                    WIDTH="483.0"
                    HEIGHT="55.0"></String>
          </TextLine>

          
          
          <TextLine ID="eSc_line_1d759ab1"
                    TAGREFS="LT83"
                    BASELINE="837 2194 1310 2194" 
                    HPOS="837.0"
                    VPOS="2157.0"
                    WIDTH="473.0"
                    HEIGHT="46.0">
            <Shape><Polygon POINTS="837 2194 837 2157 1310 2157 1310 2194 1310 2203 837 2203"/></Shape>
	    <String CONTENT="adios hermosa chiquilla"
                    HPOS="837.0"
                    VPOS="2157.0"
                    WIDTH="473.0"
                    HEIGHT="46.0"></String>
          </TextLine>

          
          
          <TextLine ID="eSc_line_187b7dea"
                    TAGREFS="LT83"
                    BASELINE="835 2236 1333 2232" 
                    HPOS="828.0"
                    VPOS="2190.0"
                    WIDTH="505.0"
                    HEIGHT="95.0">
            <Shape><Polygon POINTS="835 2236 828 2192 1327 2190 1333 2232 1329 2281 1281 2269 1267 2281 1261 2285 1261 2285 1258 2285 1258 2285 1258 2285 1256 2285 1256 2285 1254 2285 1254 2285 1254 2285 1219 2279 1192 2275 1161 2277 1122 2281 1122 2281 1120 2281 1120 2281 1118 2281 1118 2281 1103 2277 1085 2269 1072 2275 1056 2283 1056 2283 1056 2283 1054 2283 1054 2283 1054 2283 961 2285 959 2285 959 2285 959 2285 957 2285 915 2273 876 2283 874 2283 874 2283 872 2283 872 2283 872 2283 870 2283 831 2269"/></Shape>
	    <String CONTENT="hasta que vuelva á escribir."
                    HPOS="828.0"
                    VPOS="2190.0"
                    WIDTH="505.0"
                    HEIGHT="95.0"></String>
          </TextLine>

          
        </TextBlock>
        

        
      </PrintSpace>
    </Page>
  </Layout>
</alto>
