1860 2629
225 201 558 96 lo que ſiento no ſon mios,

232 282 638 70 y tambien me han deſnudado.

285 330 625 66 Ella preguntó : eran muchos,

225 379 577 65 eſſos que te han ultrajado?

230 425 594 72 Reſpondió, Señor, ſon tres,

234 479 461 75 y al parecer Gitanos.

280 519 459 72 Ella le dixo : pues vé

230 580 550 66 à eſte Lugar mas cercano,

236 628 562 75 y aguardame allí dos dias,

234 670 546 79 y le dió un real de quatro

241 727 471 72 para que ſe ſuſtentaſſe,

289 771 553 72 Y èlla por unos barrancos,

228 828 533 63 por entre peñas, y jaras

234 880 570 62 adonde los ha encontrado,

234 926 533 68 y les dize : Amigos mios,

287 966 653 70 Por cierto que me he alegrado

228 1016 629 81 de que he hallado compañia,

241 1075 478 70 y vengo muy fatigado,

236 1112 527 84 porque tres amigos mios

236 1163 696 81 han preſo, y yo me he eſcapado.

287 1222 502 70 Un Cavallero ha ſalido,

236 1272 474 66 tan ſolo conſu criado,

243 1312 601 79 y trahe mas de mil doblones,

243 1373 586 70 porque lo ſupe en Almagro.

291 1421 610 64 Lo que conviene, eſta noche

236 1465 551 64 es, que eſtèmos deſviados

239 1520 491 66 unos de otros, que aſſi

241 1566 612 72 podemos mas bien cercarlos.

289 1616 590 68 Conque al fin fe dividieron,

247 1667 551 63 los tres con algo diſtantes,

247 1713 597 76 y élla con induſtria, y valor

245 1763 489 92 à los dos ha degollado,

1074 205 603 88 Y al tercero le dió la muerte

1017 273 555 77 con un fuerte carabinaço;

1019 326 450 68 quitóles la cantidad,

1022 381 535 65 que al otro avian robado.

1074 431 461 61 A Villa Manrique fué

1026 490 621 66 donde el dinero ha entregado

1028 523 456 72 al tal ſujeto, y quedó

1026 576 439 65 agradecido del caſo.

1083 620 476 72 Y bolviendoſe à Xerès,

1026 668 544 74 donde mató un Eſcrivano

1024 716 555 79 por cuya muerte fuè preſa,

1028 779 555 68 y al punto la ſentenciaron

1076 828 571 61 A que muera en una horca,

1024 865 680 81 y viendo el pleyto mal parado,

1019 915 518 75 confeſsó que era muger,

1026 972 665 75 y al Virrey cuenta le han dado.

1074 1020 503 75 Embiò quatro mugeres,

1026 1069 491 68 à donde la regiſtraron,

1033 1121 511 68 y viendo que era verdad,

1026 1163 581 81 al punto la han perdonado;

1079 1211 572 83 Porque muchos Cavalleros,

1028 1272 553 70 y Señores de grande fama,

1030 1323 520 59 por empeño lo tomaron,

1028 1364 542 68 librandola de tal eſtrago,

1083 1413 533 70 En la glorioſa Santa Ana

1028 1470 603 59 luego el Habito le han dado

1033 1520 487 61 donde ſirviendo à Dios

1030 1566 560 68 eſtá con muchos aplauſos,

1081 1612 533 70 Eſta es la vida, Señores,

1030 1662 564 70 de Doña Tereſa de Llanos,

1033 1719 583 57 la que hizo tantas muertes,

1033 1759 640 101 ſu honor continuo guardando.

357 2074 1349 147 Barcelona: Por JUAN JOLAS Impreſſor, à los Algodoneros.
