949 1304
726 8 42 23 23

37 37 362 23 sepulcro de su marido en Be-

34 49 367 44 thulia, donde asi aqui, como

38 84 366 37 en todo lsrael, fue llorada

38 110 366 42 por siete dias continuos. To-

38 140 366 41 do lo restante de su vida des-

40 170 364 41 pues de su vicroria, lo pasó

38 201 369 35 en una retirada soledad, dan-

40 233 367 37 do á todos un grande ejemplo

41 260 370 41 de virtud. El dia de su triun-

42 290 369 41 fo fue celebrado siempre, y

41 322 368 40 puesto en el numero de las

42 350 367 43 grandes Festividades de los

46 382 363 45 Judios para toda la poste-

44 413 92 39 ridad.

93 441 318 44 Justo es , que tambien

43 473 368 37 nosotros hagamos á esta gran

43 503 370 42 Matrona sus honras, predi-

43 534 371 40 cando sus virtudes, para

43 563 371 44 ejemplar edificacion, y doc-

44 594 370 36 trina de todos. Nada tuvo

51 623 366 41 Judith de femenina sino el

45 653 371 38 sexo : todo fue varonil, todo

46 684 370 41 generoso, y todo lleno de

46 713 369 42 prodigios. La naturaleza no

46 744 372 35 la dió mas de el sexo, de-

47 771 368 44 jando á la virtud, que hi-

46 804 369 40 ciese lo restante : y la vir-

47 834 369 36 tud despues de haber traba-

50 863 366 40 jado mucho tiempo en esta

47 892 370 38 bella obra, se incorporó den-

48 926 370 36 tro de ella. Nunca la hermo-

50 955 368 36 sura estuvo mejor colocada,

50 984 367 37 que en su cara, con una mez-

50 1012 368 39 cla de gravedad, y amor que

51 1042 366 38 cautivaba á fines muy hones-

53 1071 364 40 tos á quantos la miraban. Era

53 1105 365 36 amable en su gracias, y for-

53 1129 365 38 midable en su valor. Qué mu-

57 1163 360 44 ger de Corte es esta, que no

419 32 363 29 na venido sino á empuñar la

418 49 367 36 espada? Su brazo hizo mas

419 84 368 36 que matar cien mil hombres

418 110 369 38 en sola una cabeza ; pero

422 139 365 42 mas hicieron los ojos, que la

422 170 367 37 mano ; pues ellos fueron los

422 201 367 41 primeros que triunfaron de

422 232 366 40 Holofernes, y un pequeño

428 262 361 41 rayo de sus llamas abrasó

427 294 362 38 todo un Ejercito. El amor

422 324 370 35 tuvo un excelente empleo en

422 352 371 37 esta accion ; y para decir

422 381 371 37 verdad, él consagró sus fle-

426 412 366 39 chas : nunca fue tan inocen-

426 444 366 41 te en sus combates, ni tan

427 472 364 41 glorioso en sus triunfos,

426 500 369 44 pues triunfó, y venció al

432 532 360 39 que en su soberbia imagina-

431 563 364 43 cion le parecia poco todo el

431 593 108 41 mundo.

473 622 319 40 Finalmente, Dios, que

429 653 364 40 obra tantas maravillas, abo-

429 682 367 39 na esra Historia, habiendo

432 718 363 32 querido sea una parte de su

434 743 361 37 Escritura Sagrada. Es un mo-

432 773 363 36 numento eterno de la virtud

430 803 367 42 y fuerza de su brazo, el qual

430 836 367 37 deshace los montes, hiende

431 863 364 38 las piedras, y en un instante

432 895 360 38 vuelve de arriba abajo á es-

433 922 362 37 tos hijos de los Gigantes que

434 951 356 42 hacen la guerra al Cielo, y

432 981 363 40 quieren marchar sobre las

435 1009 360 42 olas de los vientos. Un Ge-

435 1041 359 40 neral de un gran Monarca,

435 1070 360 38 que braveaba en medio de un

435 1101 359 41 Ejercito de cien mil Solda-

435 1127 360 40 dos de á pie, y doce mil de

430 1157 364 50 á caballo, rodeado todo de

734 1192 59 46 ace-
