1753 2480
121.0 49.0 449.0 60.0 arde en su pecho valiente,

117.0 99.0 434.0 49.0 si le insultan se alborota

119.0 140.0 443.0 58.0 y así mató á un insolente

119.0 177.0 339.0 58.0 en el juego de pelota.

161.0 237.0 310.0 60.0 El respeto le faltó

115.0 283.0 405.0 55.0 disputando una jugada.

115.0 324.0 331.0 52.0 al punto le desafio

126.0 363.0 386.0 54.0 y de una sola estocada

121.0 405.0 362.0 53.0 Félix Torrellas mató.

155.0 444.0 436.0 66.0 De los Cadells la malicia

119.0 500.0 451.0 58.0 por ser Serrallonga Narro

117.0 543.0 385.0 54.0 le acusan con justicia,

121.0 586.0 433.0 54.0 y aquel joven tan bizarro

115.0 626.0 366.0 53.0 le persigue la justicia.

155.0 677.0 365.0 64.0 Barcelona abandonó,

117.0 733.0 420.0 52.0 viéndose así perseguido,

115.0 766.0 428.0 60.0 hasta el nombre cambio

115 810 436 58 por temor de ser cogido:

113.0 847.0 441.0 72.0 por eso á Francia marché.

159.0 923.0 475.0 71.0 Montada una hermosa dama

117.0 979.0 333.0 48.0 en un brioso alazán

117.0 1010.0 372.0 58.0 esta á bunto á perecer,

111.0 1051.0 362.0 62.0 y la liberta D. Juan

157.0 1103.0 415.0 66.0 Serrallonga diz la fama,

117.0 1151.0 494.0 62.0 siempre fué apuesto y galán,

119.0 1196.0 439.0 52.0 toda España lo proclama

119.0 1235.0 474.0 56.0 mas viendo con dulce afán,

117.0 1281.0 480.0 76.0 montada una hermora dama.

159.0 1337.0 397.0 60.0 Unos que cazando van

113.0 1382.0 405.0 54.0 un pedreñal dispararon

117.0 1423.0 412.0 50.0 viróse al punto D. Juan

119.0 1459.0 474.0 55.0 viendo una dama asustaron

115.0 1504.0 343.0 54.0 en un brioso alazán.

152.0 1558.0 414.0 56.0 Corre y á más no poder

111.0 1603.0 399.0 54.0 el bruto con furia loca

115.0 1647.0 354.0 53.0 sin poderse detener;

119.0 1682.0 435.0 56.0 la dama grita y se apoca,

109.0 1719.0 416.0 62.0 y está á punto á perecer.

152.0 1775.0 377.0 72.0 Serrallonga al alazán

115.0 1826.0 455.0 62.0 clávale al pecho una daga

115.0 1876.0 453.0 52.0 cuando cerca el río están,

119.0 1917.0 453.0 62.0 cae en sus brazos la dama

109.0 1953.0 366.0 68.0 y la liberta D. Juan.

155.0 2019.0 368.0 80.0 Esta loco, enamorado

119.0 2081.0 474.0 55.0 de aguella hermosa matrona

117.0 2122.0 420.0 56.0 por ella salió de Francia,

111.0 2159.0 432.0 89.0 por ella fué á Barcelona.

967.0 49.0 449.0 58.0 Cuando se miró abrazado

921.0 99.0 464.0 56.0 con aquella dama hermosa

919.0 142.0 393.0 56.0 que él había libertado;

921.0 183.0 476.0 54.0 y que en sus brazos reposa,

921.0 229.0 352.0 50.0 está loco, enamorado.

963.0 270.0 492.0 73.0 «Mucho os debe mi persona

919.0 324.0 455.0 54.0 caballero en este instante,

924.0 367.0 423.0 50.0 vuestro valor os abona»,

926.0 392.0 481.0 68.0 y de entonces fué el amante

924.0 448.0 479.0 54.0 de aquella hermosa matrona.

963.0 496.0 457.0 66.0 Amándola con constancia

919.0 547.0 455.0 52.0 de ella fué correspondido,

919.0 578.0 515.0 62.0 mas viendo que con instancia

926.0 626.0 461.0 53.0 quieren darle otro marido,

915.0 665.0 428.0 66.0 por ella salió de Francia.

961.0 725.0 409.0 60.0 Exponiendo su persona

924.0 770.0 498.0 62.0 pues que le sobra arrogancia

919.0 812.0 441.0 53.0 su amor á todas pregona,

924.0 855.0 421.0 52.0 y con valor y constancia

919.0 894.0 422.0 69.0 por ella fué á Barcelona.

969.0 946.0 486.0 83.0 Vé que sn amada es hermana

917.0 1010.0 422.0 52.0 de su enemigo Torrellas;

928.0 1047.0 397.0 54.0 mata á sai futuro ceposo

921.0 1089.0 515.0 62.0 y marcka á les montes con ella.

963.0 1136.0 417.0 68.0 La suerte cruel é insana

930.0 1188.0 395.0 58.0 le descubre por su mal

921.0 1231.0 451.0 58.0 que la persigue inhumana

924.0 1275.0 351.0 60.0 y de su odioso rival

921.0 1302.0 526.0 80.0 vé que de sa amada ss hermana.

963.0 1374.0 386.0 52.0 Por políticas querellas

924.0 1413.0 419.0 60.0 su padre se vé insultado,

928.0 1461.0 395.0 55.0 y para vengar aquellas,

930.0 1502.0 444.0 56.0 vengarse el hijo ha jurado

921.0 1539.0 414.0 58.0 de sie enemigo Torrellas.

961.0 1581.0 428.0 72.0 En un coloquio amoroso

924.0 1634.0 415.0 58.0 halla á Juana, don Luis,

919.0 1676.0 443.0 57.0 con Serrallonga y furioso

924.0 1719.0 394.0 60.0 para vengar un mentís

921.0 1762.0 410.0 52.0 máta á su futuro esposo.

955.0 1808.0 411.0 70.0 Para vengar la querella

917.0 1862.0 453.0 60.0 de su padre allí ultrajado,

921.0 1909.0 459.0 54.0 dice su nombre á su bella;

921.0 1944.0 484.0 64.0 á su hermano ha perdonado

919.0 1992.0 517.0 70.0 y marcha á los montes con ella.

965.0 2048.0 422.0 91.0 El Fadrí de Sau le incita

915.0 2112.0 366.0 62.0 porque sea el capitán,

919.0 2157.0 451.0 101.0 de un pañado de valientes,
