1860 2629
263 398 552 92 pienso en las dos, y á la una

264 470 517 61 pongo en tí solo aficion,

261 517 445 65 te entrego mi corazon,

261 560 519 60 á las tres busco la suerte,

261 606 416 60 vida mia, para verte,

260 649 491 63 ¡qué largas las horas son!

302 695 519 64 Con tanto amor te idolatro

261 733 449 62 y con tal fe te venero,

265 784 561 59 que mis potencias te entrego

261 832 508 61 á las cinco y á las cuatro,

258 874 461 63 los sentidos con recato,

261 917 454 62 mis cariños en tí están,

263 963 408 60 y las seis ya llegarán

263 1009 526 58 solo por ver tu hermosura,

260 1060 530 48 porque no hay hora segura

256 1086 441 59 en el reloj de mi afan.

302 1108 553 94 No hay rigor que me sujete,

260 1184 543 70 pensando en tí me desvelo,

948 420 535 72 porque el reloj de mi anhelo

948 470 529 67 me tiene pronto á las siete;

946 512 437 61 á las ocho me promete

948 555 434 67 que mis penas cesarán

952 597 460 70 y que á las nueve serán

948 641 482 67 mis fatigas compensadas;

949 687 482 71 ¡ay qué horas tan pesadas

946 740 447 61 y qué poco á poco dan!

984 778 434 64 Señora, bien cierto es

945 819 492 73 que la noche paso en vela

946 879 421 48 en contínua centinela

945 908 476 74 solo por verte á las diez;

945 965 451 55 á las once pienso que es

935 997 493 75 bien premiada mi aficion,

948 1047 419 60 y cuando las doce son

949 1093 410 57 te busco determinado

949 1134 461 66 para que dés de contado

954 1185 399 72 alivio á mi corazon.

438 1282 983 108 TROVOS ALEGRES Y DIVERTIDOS.

303 1405 522 65 De dos hermanas que son,

267 1459 537 57 no hay diferencia ninguna,

256 1498 518 61 si Teodora es como un sol,

258 1535 454 64 Belisa es como la luna.

300 1586 489 61 Si me viera en precision

258 1634 562 57 que una hubiera de escojer,

263 1675 441 58 dudaria en la eleccion,

267 1721 404 60 de cuál habia de ser,

263 1770 482 59 de dos hermanas que son.

302 1814 437 61 Curiosidad importuna

267 1849 349 70 y larga necesitara,

269 1897 437 87 para elegir de dos una,

940 1402 543 62 que de linda á hermosa cara

940 1453 551 65 no hay diferencia ninguna.

968 1491 401 67 De Belisa el arrebol

943 1527 611 82 pasma, admira, atrae, encanta:

948 1584 523 62 y aunque hay tanto girasol,

942 1625 523 66 nunca tendrá beldad tanta,

945 1672 505 60 si Teodora es como un sol.

984 1713 418 68 Sin dificultad alguna

940 1758 475 69 por esta firme estuviera:

943 1796 563 66 que el sol ya luce en la cuna:

948 1844 561 78 Teodora es el sol en su esfera

939 1892 451 87 Belisa es como la luna.

894 2106 74 80 FIN

365 2399 1126 120 MADRID.— Despacho de Marés y Compañia, calle de Juanelo núm. 19.
