1860 2629
1335 144 220 81 Núm. 34

427 1340 856 81 ATROCIDADES

826 1415 79 68 DE

147 1454 1449 177 MARGARITA CISNEROS

140 1610 1478 75 Relación puesta en décimas glosadas, de lo que cometió esta joven

217 1662 1298 68 natural de Tamarite, reino de Aragón, el año 1852; por ha-

299 1711 1146 73 berla obligado sus padres á un casamiento forzoso

619 1749 492 57 en la ciudad de Lérida

585 1824 399 68 Nadie se duela de mí

552 1884 509 74 que à mi marido he matado,

541 1938 384 66 y por atrevida mano

541 1987 367 87 merezco garrote vil.

187 2060 466 75 De las mujeres casadas

144 2117 493 70 queridas de sus maridos,

144 2170 576 71 de esas muchas, una he sido,

147 2225 509 72 pues jamás me faltó nada,

146 2281 472 70 dinero, joyas y galas;

948 2049 419 71 y mi pensamiento vil

942 2098 577 82 me dispuso á una acción ruin

942 2154 481 74 en contra de mi marido,

948 2212 442 73 y por eso á todos digo,

943 2262 402 83 nadie se duela de mí
