930 1434
213 15 322 50 de San Lorenzo Martyr.

688 21 36 51 13

15 61 754 52 con èl, y à rogarle, que le descubriese los thesoros

14 107 760 49 que tenia escondidos, y de aqui tomò ocasion el

14 151 758 48 Santo para predicarle la Fè de Jesu-Christo, y decir-

13 192 758 50 le: O Hypolito! Si crees en Dios Padre todo pode-

14 236 759 50 roso, y en Jesu-Christo su Hijo, yo te prometo de

13 282 760 45 mostrarte los thesoros, y, lo que es mas, la vida eter-

13 322 763 49 na, de la qual si creyeres, seràs participante. Poco á

15 367 761 46 poco le fue dando noticia de la verdad de nuestra san-

14 408 762 47 ta Fè, y de los thesoros inestimables que tiene Dios

16 449 762 50 en el Cielo destinados para los que le aman, y le

14 495 763 48 sirven. Y entrando el rayo de la divina luz en Hy-

17 537 761 50 polito, se convirtiò, y recibiò el bautismo el, y to-

15 580 760 50 da su familia, que eran diez y nueve personas ; y

16 625 763 46 tanto regalò el Señor à Hypolito, que afirman haver

16 666 764 48 alcanzado á ver las almas de los que se bautizaban

17 712 675 48 con él muy alegres, y en extremo hermosas.

53 752 726 48 Como la codicia no le dejaba sosegar al Empera-

18 796 763 48 dor sobre los thesoros de San Lorenzo, mandó que

19 841 761 48 se le traxesen à su presencia. Llegò Hypolito, que

21 882 759 48 ya era Christiano, y dixole al Santo, como le llama-

19 925 763 49 ba el Emperador : y San Lorenzo le respondiò con

21 968 761 50 grande alegria, diciendole: Vamos, querido Hypo-

20 1013 762 48 lito, que à ti, y á mi se nos apareja corona de glo-

21 1056 763 48 ria. Llegò el Santo delante del Emperador, y este

21 1097 759 51 le preguntò luego por los thesoros de la lglesia : y

21 1140 763 50 el santo Diacono con una sabiduria y sagacidad mas

22 1185 762 49 divina, que humana, le respondiò : Que si tenia tan-

23 1227 762 46 ta ansia de los thesoros de la Iglefia, le diese dos ò

23 1273 762 50 tres dias de termino para recogerlos, que èl se los

23 1312 126 53 traherìa.

697 1353 56 48 Tu-
