1753 2480
281.0 210.0 543.0 65.0 "desde el momento que ví."

325.0 261.0 449.0 60.0 Yo te amo con terneza,

278.0 305.0 499.0 62.0 y prometo ser constante,

275.0 354.0 405.0 56.0 agradece esta fineza,

274.0 405.0 591.0 53.0 pues me obliga á ser tu amante

275.0 443.0 460.0 54.0 "el resto de tu belleza."

315.0 483.0 455.0 59.0 Te idolatré con pureza

271.0 529.0 477.0 70.0 firme de noche y de dia;

968.0 213.0 514.0 63.0 seré terco hasta que venza,

970.0 261.0 432.0 61.0 pues con toda bizarría

967.0 303.0 440.0 59.0 "hice voto de firmeza."

1008 347 449 78 Cuando mi pecho sentí

963 386 399 70 abrasado Mongibelo

965 436 399 66 y que penaba por tí,

963 473 442 76 hice juramento al Cielo

961 527 514 78 "con que adorarte ofrecí."

632.0 595.0 502.0 73.0 Quisiera ser un Cupido

581.0 648.0 593.0 71.0 para rendirme á tu planta,

578.0 697.0 512.0 69.0 pues para belleza tanta

580.0 744.0 596.0 74.0 no hay mérito en lo nacido.

310.0 819.0 518.0 57.0 Tu rostro es muy parecido

265.0 861.0 432.0 57.0 al de un serafin alado,

267.0 905.0 459.0 59.0 pues mi corazon herido,

267.0 947.0 426.0 62.0 por imitar al vendado

270.0 992.0 481.0 64.0 "quisiera ser un Cupido."

310.0 1041.0 540.0 58.0 Hoy tu hermosura se presta

265.0 1087.0 475.0 62.0 hasta unir los corazones;

265.0 1127.0 417.0 59.0 solo la dicha me falta

265.0 1164.0 486.0 66.0 de saber me correspondes

268.0 1219.0 534.0 58.0 "para rendirme á tu planta.

981 812 497 62 Si el alma que te idolatra

952 863 461 58 con toda pasion ansiosa

959 905 531 74 te enternece y te quebranta,

953.0 943.0 437.0 58.0 mi suerte será dichosa,

952.0 986.0 563.0 70.0 "pues, para belleza tanta...."

995.0 1036.0 490.0 60.0 Estoy por tí tan perdido,

948.0 1080.0 420.0 53.0 dueño de mi corazon,

950.0 1121.0 567.0 65.0 que aunque loco sin sentido,

949.0 1165.0 413.0 59.0 te confieso con razon,

949.0 1213.0 565.0 62.0 "no hay mérito en lo nacido."

624 1281 508 66 ¡Ay dulce suspiro mio!

572 1330 540 71 cuando te avartas de mí,

576 1374 478 74 no quisiera mas de tí.

574 1421 598 93 que hallarme donde te envío.

308.0 1499.0 407.0 57.0 El alba con su rocío,

261.0 1540.0 517.0 67.0 la corriente de una fuente

263.0 1588.0 464.0 65.0 y los raudales de un rio

261.0 1631.0 505.0 63.0 son mis ojos propiamente;

264.0 1678.0 477.0 67.0 "¡ay dulce suspiro mio!"

301.0 1723.0 410.0 62.0 Puse mi cariño en tí

259.0 1764.0 523.0 68.0 desde aquel felíz momento

259.0 1809.0 403.0 63.0 en que yo te conocí,

261.0 1848.0 476.0 74.0 y así crece mi tormento

257.0 1895.0 523.0 71.0 "cuando te apartas de mí.

983 1496 447 64 Con la esperanza viví

950 1537 439 64 tan solo por alcanzar,

950 1589 439 49 á todo me resolví,

952.0 1632.0 448.0 58.0 pues mil delicias gozar

953.0 1679.0 463.0 54.0 "no quisiera mas de tí."

993.0 1718.0 427.0 63.0 ¡Oh dulce delirio mio

955.0 1764.0 432.0 58.0 que dirijes esta carta!

948.0 1807.0 423.0 55.0 merézcate por alivio,

944 1853 467 58 si mi dicha fuese tanta,

616 1959 508 60 Seré Marte en el amor;

569.0 2004.0 536.0 69.0 seré Monfil y Tarquino,

570 2050 490 70 Julio César en lo fino,

570 2099 529 75 y Alejandro en porfiar.

252.0 2218.0 517.0 78.0 yo tu Asuero permanente,

924 2219 506 83 y tuyo de aquesta suerte
