<?xml version="1.0" encoding="UTF-8"?>
<alto xmlns:xsi="http://www.w3.org/2001/XMLSchema-instance"
      xmlns="http://www.loc.gov/standards/alto/ns-v4#"
      xsi:schemaLocation="http://www.loc.gov/standards/alto/ns-v4# http://www.loc.gov/standards/alto/v4/alto-4-2.xsd">
  <Description>
    <MeasurementUnit>pixel</MeasurementUnit>
    <sourceImageInformation>
      <fileName>Varios_450_6.jpg</fileName>
      
    </sourceImageInformation>
  </Description>
  
  <Tags>
    <OtherTag ID="BT221" LABEL="CustomZone:impresorNum" DESCRIPTION="block type CustomZone:impresorNum"/><OtherTag ID="BT222" LABEL="CustomZone:numero_pliego" DESCRIPTION="block type CustomZone:numero_pliego"/><OtherTag ID="BT223" LABEL="CustomZone:title" DESCRIPTION="block type CustomZone:title"/><OtherTag ID="BT224" LABEL="GraphicZone:illustration" DESCRIPTION="block type GraphicZone:illustration"/><OtherTag ID="BT225" LABEL="GraphicZone:ornamentation" DESCRIPTION="block type GraphicZone:ornamentation"/><OtherTag ID="BT226" LABEL="MainZone" DESCRIPTION="block type MainZone"/><OtherTag ID="BT228" LABEL="MarginTextZone:colophon" DESCRIPTION="block type MarginTextZone:colophon"/><OtherTag ID="BT227" LABEL="MainZone:columns" DESCRIPTION="block type MainZone:columns"/><OtherTag ID="BT229" LABEL="MarginTextZone:note" DESCRIPTION="block type MarginTextZone:note"/><OtherTag ID="BT230" LABEL="MusicZone" DESCRIPTION="block type MusicZone"/><OtherTag ID="BT231" LABEL="NumberingZone:page" DESCRIPTION="block type NumberingZone:page"/><OtherTag ID="BT232" LABEL="QuireMarksZone:catchwords" DESCRIPTION="block type QuireMarksZone:catchwords"/><OtherTag ID="BT233" LABEL="QuireMarksZone:signature" DESCRIPTION="block type QuireMarksZone:signature"/><OtherTag ID="BT234" LABEL="RunningTitleZone" DESCRIPTION="block type RunningTitleZone"/>
    <OtherTag ID="LT83" LABEL="DefaultLine" DESCRIPTION="line type DefaultLine"/><OtherTag ID="LT81" LABEL="CustomLine:propriedad" DESCRIPTION="line type CustomLine:propriedad"/><OtherTag ID="LT82" LABEL="CustomLine:trailer" DESCRIPTION="line type CustomLine:trailer"/><OtherTag ID="LT84" LABEL="HeadingLine" DESCRIPTION="line type HeadingLine"/>
  </Tags>
  
  <Layout>
    <Page WIDTH="1030"
          HEIGHT="1431"
          PHYSICAL_IMG_NR="359"
          ID="eSc_dummypage_">
      <PrintSpace HPOS="0"
                  VPOS="0"
                  WIDTH="1030"
                  HEIGHT="1431">
        
        <TextBlock HPOS="481"
                   VPOS="4"
                   WIDTH="154"
                   HEIGHT="43"
                   ID="eSc_textblock_75a86996"
                   TAGREFS="BT231">
          <Shape><Polygon POINTS="481 4 481 47 635 47 635 4"/></Shape>
          
          
          <TextLine ID="eSc_line_144c6464"
                    TAGREFS="LT83"
                    BASELINE="497 30 613 29" 
                    HPOS="495"
                    VPOS="4"
                    WIDTH="117"
                    HEIGHT="34">
            <Shape><Polygon POINTS="590 4 578 4 575 4 562 8 550 4 543 4 531 4 519 4 495 9 496 29 498 38 504 33 609 38 612 28 611 9 600 4 590 4"/></Shape>
	    <String CONTENT="—6—"
                    HPOS="495"
                    VPOS="4"
                    WIDTH="117"
                    HEIGHT="34"></String>
          </TextLine>

          
        </TextBlock>
        
        <TextBlock HPOS="114"
                   VPOS="44"
                   WIDTH="887"
                   HEIGHT="1290"
                   ID="eSc_textblock_7ae4313f"
                   TAGREFS="BT226">
          <Shape><Polygon POINTS="831 44 977 44 989 565 1001 1124 972 1296 800 1334 205 1334 138 1310 114 1033 128 919 114 486 124 95 143 57"/></Shape>
          
          
          <TextLine ID="eSc_line_161d77dc"
                    TAGREFS="LT83"
                    BASELINE="163 69 948 66" 
                    HPOS="162"
                    VPOS="46"
                    WIDTH="786"
                    HEIGHT="33">
            <Shape><Polygon POINTS="902 65 890 59 878 57 866 57 854 57 842 57 830 57 818 57 806 57 794 57 782 57 771 57 759 57 747 57 735 57 723 57 711 57 699 57 687 57 675 57 663 57 651 57 639 57 627 57 615 57 603 57 591 57 580 57 568 57 556 57 544 57 532 57 520 57 508 57 496 57 484 57 472 57 460 57 448 57 436 57 424 57 412 57 401 57 389 57 377 57 365 57 353 57 341 57 329 57 317 57 305 57 293 57 281 57 269 57 257 57 245 57 233 57 221 57 210 57 198 57 186 57 174 57 162 57 163 69 163 79 947 77 948 66 945 46 904 46 902 65"/></Shape>
	    <String CONTENT="vallente soldado y entendio militar: en aquella campaña obtuvo el"
                    HPOS="162"
                    VPOS="46"
                    WIDTH="786"
                    HEIGHT="33"></String>
          </TextLine>

          
          
          <TextLine ID="eSc_line_1284cb51"
                    TAGREFS="LT83"
                    BASELINE="159 100 942 102" 
                    HPOS="158"
                    VPOS="73"
                    WIDTH="784"
                    HEIGHT="42">
            <Shape><Polygon POINTS="934 81 923 75 159 73 159 100 158 109 940 115 942 102 941 82 934 81"/></Shape>
	    <String CONTENT="título de Vice-almirante. Concluyóse la guerra y no estando en muy"
                    HPOS="158"
                    VPOS="73"
                    WIDTH="784"
                    HEIGHT="42"></String>
          </TextLine>

          
          
          <TextLine ID="eSc_line_c1ab78ad"
                    TAGREFS="LT83"
                    BASELINE="159 135 947 135" 
                    HPOS="159"
                    VPOS="104"
                    WIDTH="788"
                    HEIGHT="42">
            <Shape><Polygon POINTS="159 135 159 146 947 144 947 135 947 109 159 104 159 135"/></Shape>
	    <String CONTENT="buenas ralaciones con el Papa, creyó prudente salirse de Italia. Tuvo"
                    HPOS="159"
                    VPOS="104"
                    WIDTH="788"
                    HEIGHT="42"></String>
          </TextLine>

          
          
          <TextLine ID="eSc_line_07784ef9"
                    TAGREFS="LT83"
                    BASELINE="158 169 945 169" 
                    HPOS="158"
                    VPOS="140"
                    WIDTH="787"
                    HEIGHT="40">
            <Shape><Polygon POINTS="158 169 158 180 945 180 945 169 944 140 158 141 158 169"/></Shape>
	    <String CONTENT="noticias del estado en que se hallaba el imperio de Oriente (hoy Tur¬"
                    HPOS="158"
                    VPOS="140"
                    WIDTH="787"
                    HEIGHT="40"></String>
          </TextLine>

          
          
          <TextLine ID="eSc_line_1104b0d2"
                    TAGREFS="LT83"
                    BASELINE="157 203 948 203" 
                    HPOS="157"
                    VPOS="172"
                    WIDTH="791"
                    HEIGHT="45">
            <Shape><Polygon POINTS="157 203 157 217 948 213 948 203 947 172 157 175 157 203"/></Shape>
	    <String CONTENT="quia), ofreció su real apoyo á Andrónico, fué aceptado y partió: ya"
                    HPOS="157"
                    VPOS="172"
                    WIDTH="791"
                    HEIGHT="45"></String>
          </TextLine>

          
          
          <TextLine ID="eSc_line_6a4327a1"
                    TAGREFS="LT83"
                    BASELINE="159 238 948 238" 
                    HPOS="159"
                    VPOS="211"
                    WIDTH="789"
                    HEIGHT="38">
            <Shape><Polygon POINTS="159 238 159 249 948 246 948 238 948 213 159 211 159 238"/></Shape>
	    <String CONTENT="hemos presenciado su llegada y la manera como habian comenzado"
                    HPOS="159"
                    VPOS="211"
                    WIDTH="789"
                    HEIGHT="38"></String>
          </TextLine>

          
          
          <TextLine ID="eSc_line_e0c54952"
                    TAGREFS="LT83"
                    BASELINE="158 270 753 273" 
                    HPOS="157"
                    VPOS="244"
                    WIDTH="596"
                    HEIGHT="44">
            <Shape><Polygon POINTS="158 270 157 281 404 286 405 286 442 281 454 280 458 281 473 287 475 287 476 288 535 288 535 287 537 287 538 287 545 281 628 281 630 281 670 287 671 287 673 287 685 281 712 287 713 287 751 280 753 273 751 248 158 244 158 270"/></Shape>
	    <String CONTENT="las relaciones entre catalanes y genoveses y griegos."
                    HPOS="157"
                    VPOS="244"
                    WIDTH="596"
                    HEIGHT="44"></String>
          </TextLine>

          
          
          <TextLine ID="eSc_line_0dc35c39"
                    TAGREFS="LT83"
                    BASELINE="187 307 948 307" 
                    HPOS="187"
                    VPOS="277"
                    WIDTH="761"
                    HEIGHT="42">
            <Shape><Polygon POINTS="187 307 187 318 947 319 948 307 948 279 187 277 187 307"/></Shape>
	    <String CONTENT="Las proezas de los primeros asustaron á los últimos y temerosos"
                    HPOS="187"
                    VPOS="277"
                    WIDTH="761"
                    HEIGHT="42"></String>
          </TextLine>

          
          
          <TextLine ID="eSc_line_473e2d39"
                    TAGREFS="LT83"
                    BASELINE="157 342 942 339" 
                    HPOS="156"
                    VPOS="311"
                    WIDTH="786"
                    HEIGHT="43">
            <Shape><Polygon POINTS="157 342 157 352 940 354 942 339 940 312 167 311 165 311 164 311 163 311 156 314 157 342"/></Shape>
	    <String CONTENT="de que algun dia sus aliados no se convirtiesen en enemigos, comen¬"
                    HPOS="156"
                    VPOS="311"
                    WIDTH="786"
                    HEIGHT="43"></String>
          </TextLine>

          
          
          <TextLine ID="eSc_line_379660d2"
                    TAGREFS="LT83"
                    BASELINE="157 373 940 375" 
                    HPOS="156"
                    VPOS="343"
                    WIDTH="784"
                    HEIGHT="46">
            <Shape><Polygon POINTS="156 382 644 389 645 389 939 383 940 375 939 350 173 350 158 343 157 373 156 382"/></Shape>
	    <String CONTENT="zaron á ponerles toda clase de asechanzas y cortapisas para que per-"
                    HPOS="156"
                    VPOS="343"
                    WIDTH="784"
                    HEIGHT="46"></String>
          </TextLine>

          
          
          <TextLine ID="eSc_line_f0f98053"
                    TAGREFS="LT83"
                    BASELINE="157 407 839 410" 
                    HPOS="156"
                    VPOS="376"
                    WIDTH="683"
                    HEIGHT="41">
            <Shape><Polygon POINTS="157 407 156 414 836 417 839 410 837 381 157 376 157 407"/></Shape>
	    <String CONTENT="diesen el prestigio que con su valor se habian conquistado."
                    HPOS="156"
                    VPOS="376"
                    WIDTH="683"
                    HEIGHT="41"></String>
          </TextLine>

          
          
          <TextLine ID="eSc_line_ce0bdc3c"
                    TAGREFS="LT83"
                    BASELINE="186 442 950 442" 
                    HPOS="186"
                    VPOS="413"
                    WIDTH="764"
                    HEIGHT="43">
            <Shape><Polygon POINTS="186 442 186 453 948 456 950 442 950 414 186 413 186 442"/></Shape>
	    <String CONTENT="Este ódio aumentó cuando el emperador Andrónico para tener mas"
                    HPOS="186"
                    VPOS="413"
                    WIDTH="764"
                    HEIGHT="43"></String>
          </TextLine>

          
          
          <TextLine ID="eSc_line_194bb064"
                    TAGREFS="LT83"
                    BASELINE="157 478 947 475" 
                    HPOS="156"
                    VPOS="447"
                    WIDTH="791"
                    HEIGHT="40">
            <Shape><Polygon POINTS="157 478 157 487 946 485 947 475 945 448 156 447 157 478"/></Shape>
	    <String CONTENT="de su parte á Rojer de Flor, gefe de la espedicion, le dió la mano de"
                    HPOS="156"
                    VPOS="447"
                    WIDTH="791"
                    HEIGHT="40"></String>
          </TextLine>

          
          
          <TextLine ID="eSc_line_2fffb862"
                    TAGREFS="LT83"
                    BASELINE="158 511 936 511" 
                    HPOS="158"
                    VPOS="480"
                    WIDTH="778"
                    HEIGHT="44">
            <Shape><Polygon POINTS="158 524 936 523 936 511 935 482 640 486 608 481 599 480 597 480 586 481 544 486 526 481 522 480 521 480 520 480 506 481 447 486 406 481 398 480 397 480 396 480 395 481 383 487 288 487 262 480 258 480 257 480 254 480 226 486 216 480 214 480 213 480 212 480 207 480 170 486 161 480 158 511 158 524"/></Shape>
	    <String CONTENT="su hija, la princesa María, y además el título del Megaduque del im-"
                    HPOS="158"
                    VPOS="480"
                    WIDTH="778"
                    HEIGHT="44"></String>
          </TextLine>

          
          
          <TextLine ID="eSc_line_6a241d78"
                    TAGREFS="LT83"
                    BASELINE="158 548 942 544" 
                    HPOS="157"
                    VPOS="513"
                    WIDTH="785"
                    HEIGHT="48">
            <Shape><Polygon POINTS="158 548 158 561 205 555 941 555 942 544 940 521 816 521 816 519 810 515 810 513 809 513 808 513 806 513 767 519 762 519 754 519 686 513 685 513 683 513 682 513 682 515 677 519 675 521 657 518 619 515 618 515 584 518 562 521 477 518 408 516 406 516 405 516 404 516 403 517 397 522 378 517 368 516 367 516 346 517 291 522 275 517 272 516 270 516 269 516 257 517 218 522 157 517 158 548"/></Shape>
	    <String CONTENT="perio. Pobre título era este en las cirtunstancias por las que atra¬"
                    HPOS="157"
                    VPOS="513"
                    WIDTH="785"
                    HEIGHT="48"></String>
          </TextLine>

          
          
          <TextLine ID="eSc_line_4b54d364"
                    TAGREFS="LT83"
                    BASELINE="158 580 947 580" 
                    HPOS="158"
                    VPOS="555"
                    WIDTH="789"
                    HEIGHT="38">
            <Shape><Polygon POINTS="158 580 158 593 947 593 947 580 947 555 158 555 158 580"/></Shape>
	    <String CONTENT="vesaba el imperio de Oriente ! No obstante los alanos, que no eran"
                    HPOS="158"
                    VPOS="555"
                    WIDTH="789"
                    HEIGHT="38"></String>
          </TextLine>

          
          
          <TextLine ID="eSc_line_3496ddd4"
                    TAGREFS="LT83"
                    BASELINE="156 614 946 611" 
                    HPOS="155"
                    VPOS="587"
                    WIDTH="791"
                    HEIGHT="40">
            <Shape><Polygon POINTS="156 614 156 627 945 627 946 611 942 587 155 587 156 614"/></Shape>
	    <String CONTENT="mas que una tropa mercenaria que mediante crecidísimas sumas se"
                    HPOS="155"
                    VPOS="587"
                    WIDTH="791"
                    HEIGHT="40"></String>
          </TextLine>

          
          
          <TextLine ID="eSc_line_3ed49800"
                    TAGREFS="LT83"
                    BASELINE="157 647 948 647" 
                    HPOS="157"
                    VPOS="617"
                    WIDTH="791"
                    HEIGHT="44">
            <Shape><Polygon POINTS="157 647 157 655 947 661 948 647 948 624 768 617 767 617 735 622 724 623 718 622 705 617 704 617 702 617 626 621 575 623 545 620 516 617 515 617 514 617 504 620 491 623 486 620 484 617 483 617 482 617 480 617 479 617 472 620 461 623 452 620 446 617 445 617 443 617 442 617 438 620 427 623 386 618 368 617 367 617 366 617 362 618 349 623 306 618 295 617 294 617 290 618 266 623 213 617 208 617 207 617 206 617 205 617 195 623 157 617 157 647"/></Shape>
	    <String CONTENT="habia puesto el servicio de Andrónico, comenzaron á tener celos de"
                    HPOS="157"
                    VPOS="617"
                    WIDTH="791"
                    HEIGHT="44"></String>
          </TextLine>

          
          
          <TextLine ID="eSc_line_5bb7abbc"
                    TAGREFS="LT83"
                    BASELINE="157 679 944 682" 
                    HPOS="157"
                    VPOS="652"
                    WIDTH="787"
                    HEIGHT="40">
            <Shape><Polygon POINTS="157 679 157 692 942 689 944 682 942 655 157 652 157 679"/></Shape>
	    <String CONTENT="los recien llegados y hasta se mancomunaron sus gefes para saciar"
                    HPOS="157"
                    VPOS="652"
                    WIDTH="787"
                    HEIGHT="40"></String>
          </TextLine>

          
          
          <TextLine ID="eSc_line_afecb250"
                    TAGREFS="LT83"
                    BASELINE="157 715 883 715" 
                    HPOS="157"
                    VPOS="685"
                    WIDTH="726"
                    HEIGHT="42">
            <Shape><Polygon POINTS="157 715 157 723 882 727 883 715 883 691 861 685 860 685 859 685 780 691 769 691 689 690 435 685 434 685 414 688 380 691 359 686 349 685 348 685 322 686 243 691 211 685 207 685 206 685 205 685 204 685 187 691 157 685 157 715"/></Shape>
	    <String CONTENT="con la muerte de Rojer su ardiente sed de carnaje y brutalidad."
                    HPOS="157"
                    VPOS="685"
                    WIDTH="726"
                    HEIGHT="42"></String>
          </TextLine>

          
          
          <TextLine ID="eSc_line_40fc61e4"
                    TAGREFS="LT83"
                    BASELINE="186 748 942 747" 
                    HPOS="184"
                    VPOS="719"
                    WIDTH="758"
                    HEIGHT="41">
            <Shape><Polygon POINTS="186 748 186 759 940 760 942 747 940 723 184 719 186 748"/></Shape>
	    <String CONTENT="Entretanto el príncipe Miguel, hijo de Andrónico, si bien demos¬"
                    HPOS="184"
                    VPOS="719"
                    WIDTH="758"
                    HEIGHT="41"></String>
          </TextLine>

          
          
          <TextLine ID="eSc_line_c13a6bbe"
                    TAGREFS="LT83"
                    BASELINE="156 784 947 784" 
                    HPOS="156"
                    VPOS="753"
                    WIDTH="791"
                    HEIGHT="42">
            <Shape><Polygon POINTS="156 784 156 793 946 795 947 784 947 758 156 753 156 784"/></Shape>
	    <String CONTENT="traba protejer á su cuñado Rojer, fué el primero en venderle y en"
                    HPOS="156"
                    VPOS="753"
                    WIDTH="791"
                    HEIGHT="42"></String>
          </TextLine>

          
          
          <TextLine ID="eSc_line_e44b1b7c"
                    TAGREFS="LT83"
                    BASELINE="156 815 945 818" 
                    HPOS="156"
                    VPOS="787"
                    WIDTH="789"
                    HEIGHT="39">
            <Shape><Polygon POINTS="156 815 156 826 944 826 945 818 944 790 156 787 156 815"/></Shape>
	    <String CONTENT="aconsejar á su padre que le espulsase del reino, y al ver la dificul¬"
                    HPOS="156"
                    VPOS="787"
                    WIDTH="789"
                    HEIGHT="39"></String>
          </TextLine>

          
          
          <TextLine ID="eSc_line_95b4eb4c"
                    TAGREFS="LT83"
                    BASELINE="156 852 947 852" 
                    HPOS="156"
                    VPOS="820"
                    WIDTH="791"
                    HEIGHT="42">
            <Shape><Polygon POINTS="156 852 156 859 946 862 947 852 947 826 930 820 929 820 928 820 865 826 833 820 831 820 705 826 623 820 621 820 591 826 563 820 562 820 560 820 559 820 552 827 492 827 483 820 482 820 480 820 479 820 478 820 477 820 466 827 322 827 312 820 311 820 310 820 254 820 253 820 156 826 156 852"/></Shape>
	    <String CONTENT="tad que habia en dar este paso, se avino con los alanos y resolvió la"
                    HPOS="156"
                    VPOS="820"
                    WIDTH="791"
                    HEIGHT="42"></String>
          </TextLine>

          
          
          <TextLine ID="eSc_line_c861a428"
                    TAGREFS="LT83"
                    BASELINE="157 886 470 886" 
                    HPOS="157"
                    VPOS="853"
                    WIDTH="313"
                    HEIGHT="42">
            <Shape><Polygon POINTS="313 853 280 856 231 859 223 855 221 853 220 853 219 853 218 853 217 853 214 855 205 859 157 853 157 886 157 895 470 895 470 886 470 860 315 853 313 853"/></Shape>
	    <String CONTENT="muerte del caudillo catalan."
                    HPOS="157"
                    VPOS="853"
                    WIDTH="313"
                    HEIGHT="42"></String>
          </TextLine>

          
          
          <TextLine ID="eSc_line_f5445a11"
                    TAGREFS="LT83"
                    BASELINE="186 920 948 920" 
                    HPOS="186"
                    VPOS="888"
                    WIDTH="762"
                    HEIGHT="45">
            <Shape><Polygon POINTS="186 920 186 927 947 933 948 920 948 889 186 888 186 920"/></Shape>
	    <String CONTENT="Rojer, mientras en palacio se decretaba su muerte, en las fronteras"
                    HPOS="186"
                    VPOS="888"
                    WIDTH="762"
                    HEIGHT="45"></String>
          </TextLine>

          
          
          <TextLine ID="eSc_line_1b65f827"
                    TAGREFS="LT83"
                    BASELINE="156 950 945 952" 
                    HPOS="156"
                    VPOS="922"
                    WIDTH="789"
                    HEIGHT="42">
            <Shape><Polygon POINTS="156 950 156 964 944 961 945 952 942 922 156 924 156 950"/></Shape>
	    <String CONTENT="asiáticas aseguraba la vida del Imperio. Los turcos en todas partes"
                    HPOS="156"
                    VPOS="922"
                    WIDTH="789"
                    HEIGHT="42"></String>
          </TextLine>

          
          
          <TextLine ID="eSc_line_fe93f087"
                    TAGREFS="LT83"
                    BASELINE="158 987 946 987" 
                    HPOS="158"
                    VPOS="956"
                    WIDTH="788"
                    HEIGHT="40">
            <Shape><Polygon POINTS="158 987 158 995 945 996 946 987 945 956 158 961 158 987"/></Shape>
	    <String CONTENT="vencidos y destrozados, al solo aspecto de los almogávares volvian"
                    HPOS="158"
                    VPOS="956"
                    WIDTH="788"
                    HEIGHT="40"></String>
          </TextLine>

          
          
          <TextLine ID="eSc_line_ed2d5702"
                    TAGREFS="LT83"
                    BASELINE="157 1021 942 1019" 
                    HPOS="156"
                    VPOS="988"
                    WIDTH="786"
                    HEIGHT="49">
            <Shape><Polygon POINTS="731 988 730 988 729 988 717 988 705 988 693 988 681 988 669 988 662 988 661 988 632 993 625 994 623 993 618 988 617 988 615 988 609 988 597 988 586 988 574 988 565 988 564 988 438 995 421 995 418 995 410 989 409 989 408 989 406 989 342 995 318 989 317 989 316 989 276 995 241 989 239 989 180 995 163 989 162 989 161 989 159 989 158 989 158 990 157 990 156 990 157 1021 158 1036 180 1030 206 1036 207 1036 208 1037 281 1037 281 1036 282 1036 284 1036 284 1035 290 1030 509 1036 531 1036 532 1036 533 1036 534 1036 550 1029 582 1035 583 1035 638 1029 940 1035 942 1019 939 990 741 994 737 992 732 988 731 988"/></Shape>
	    <String CONTENT="las espaldas; á centenares se cojian los estandartes en cada accion:"
                    HPOS="156"
                    VPOS="988"
                    WIDTH="786"
                    HEIGHT="49"></String>
          </TextLine>

          
          
          <TextLine ID="eSc_line_173726a7"
                    TAGREFS="LT83"
                    BASELINE="156 1056 586 1052" 
                    HPOS="155"
                    VPOS="1027"
                    WIDTH="431"
                    HEIGHT="37">
            <Shape><Polygon POINTS="156 1056 156 1064 584 1061 586 1052 583 1029 155 1027 156 1056"/></Shape>
	    <String CONTENT="rico era el botin é inmensa la gloria."
                    HPOS="155"
                    VPOS="1027"
                    WIDTH="431"
                    HEIGHT="37"></String>
          </TextLine>

          
          
          <TextLine ID="eSc_line_1772eac5"
                    TAGREFS="LT83"
                    BASELINE="184 1089 946 1087" 
                    HPOS="183"
                    VPOS="1055"
                    WIDTH="763"
                    HEIGHT="42">
            <Shape><Polygon POINTS="184 1089 184 1097 946 1094 946 1087 945 1062 928 1055 927 1055 926 1055 924 1055 902 1061 860 1055 859 1055 808 1061 806 1061 736 1055 735 1055 734 1055 713 1061 712 1062 667 1062 665 1061 660 1055 658 1055 657 1055 656 1055 611 1061 606 1061 601 1061 576 1056 575 1056 574 1056 565 1061 562 1062 551 1061 523 1056 522 1056 500 1060 488 1063 421 1063 417 1060 412 1056 411 1056 410 1056 409 1056 408 1056 393 1060 384 1062 369 1060 348 1056 347 1056 323 1060 304 1062 183 1060 184 1089"/></Shape>
	    <String CONTENT="A cada nueva de alguna recien victoria los enemigos de Rojer se"
                    HPOS="183"
                    VPOS="1055"
                    WIDTH="763"
                    HEIGHT="42"></String>
          </TextLine>

          
          
          <TextLine ID="eSc_line_54b10ad6"
                    TAGREFS="LT83"
                    BASELINE="156 1123 942 1120" 
                    HPOS="155"
                    VPOS="1091"
                    WIDTH="787"
                    HEIGHT="43">
            <Shape><Polygon POINTS="156 1123 156 1132 940 1134 942 1120 939 1091 878 1097 856 1091 855 1091 854 1091 853 1091 839 1091 744 1097 695 1092 674 1091 673 1091 651 1093 615 1097 607 1093 601 1091 600 1091 599 1091 578 1093 546 1099 477 1099 471 1094 467 1092 466 1092 465 1092 464 1092 442 1094 418 1098 397 1095 373 1092 372 1092 155 1097 156 1123"/></Shape>
	    <String CONTENT="estremecian y sentian en su seno una voz que muy alto les gritaba:"
                    HPOS="155"
                    VPOS="1091"
                    WIDTH="787"
                    HEIGHT="43"></String>
          </TextLine>

          
          
          <TextLine ID="eSc_line_77347645"
                    TAGREFS="LT83"
                    BASELINE="153 1153 944 1155" 
                    HPOS="152"
                    VPOS="1122"
                    WIDTH="792"
                    HEIGHT="46">
            <Shape><Polygon POINTS="490 1123 298 1129 274 1123 273 1123 272 1123 237 1129 230 1123 229 1123 227 1123 226 1123 225 1123 207 1129 153 1122 153 1153 152 1161 554 1168 556 1168 942 1162 944 1155 941 1124 549 1130 491 1123 490 1123"/></Shape>
	    <String CONTENT="« Ellos siendo ocho mil bastan para hacer lo que vosotros con sesenta"
                    HPOS="152"
                    VPOS="1122"
                    WIDTH="792"
                    HEIGHT="46"></String>
          </TextLine>

          
          
          <TextLine ID="eSc_line_e37ca3cb"
                    TAGREFS="LT83"
                    BASELINE="155 1191 661 1188" 
                    HPOS="153"
                    VPOS="1156"
                    WIDTH="508"
                    HEIGHT="49">
            <Shape><Polygon POINTS="155 1191 155 1198 217 1205 218 1205 249 1199 254 1199 266 1199 340 1205 341 1205 368 1200 379 1199 417 1202 471 1204 472 1204 473 1204 480 1202 491 1198 502 1202 508 1204 509 1204 510 1204 525 1202 552 1198 559 1203 562 1204 563 1204 564 1204 565 1204 661 1203 661 1188 658 1165 624 1165 623 1163 613 1156 612 1156 611 1156 609 1156 608 1156 607 1156 607 1157 600 1163 600 1165 514 1165 509 1162 491 1156 490 1156 489 1156 410 1161 349 1165 153 1159 155 1191"/></Shape>
	    <String CONTENT="mil hombres no habeis sabido llevar á cabo!»"
                    HPOS="153"
                    VPOS="1156"
                    WIDTH="508"
                    HEIGHT="49"></String>
          </TextLine>

          
          
          <TextLine ID="eSc_line_77093304"
                    TAGREFS="LT83"
                    BASELINE="186 1224 934 1223" 
                    HPOS="184"
                    VPOS="1191"
                    WIDTH="750"
                    HEIGHT="45">
            <Shape><Polygon POINTS="398 1191 397 1191 396 1191 395 1191 378 1196 372 1197 358 1196 316 1191 315 1191 184 1194 186 1224 186 1236 933 1233 934 1223 932 1198 797 1198 796 1197 779 1191 778 1191 776 1191 736 1197 734 1197 730 1197 694 1191 693 1191 654 1197 648 1198 569 1198 568 1197 560 1191 559 1191 558 1191 557 1191 513 1196 502 1198 405 1198 404 1196 399 1192 399 1191 398 1191"/></Shape>
	    <String CONTENT="Muchas plazas fueron reconquistadas al turco, al grito del desper"
                    HPOS="184"
                    VPOS="1191"
                    WIDTH="750"
                    HEIGHT="45"></String>
          </TextLine>

          
          
          <TextLine ID="eSc_line_91b209f7"
                    TAGREFS="LT83"
                    BASELINE="157 1260 944 1256" 
                    HPOS="156"
                    VPOS="1225"
                    WIDTH="788"
                    HEIGHT="46">
            <Shape><Polygon POINTS="157 1260 157 1271 944 1268 944 1256 940 1225 904 1231 742 1228 695 1227 694 1227 693 1227 688 1228 671 1233 515 1230 361 1228 360 1228 359 1228 358 1228 353 1233 350 1234 343 1233 323 1228 322 1228 237 1234 227 1234 223 1234 176 1228 175 1228 174 1228 156 1234 157 1260"/></Shape>
	    <String CONTENT="ta ferro y á la vista de los pendones de Catalaña y Sicilia; porque"
                    HPOS="156"
                    VPOS="1225"
                    WIDTH="788"
                    HEIGHT="46"></String>
          </TextLine>

          
          
          <TextLine ID="eSc_line_ea58f56a"
                    TAGREFS="LT83"
                    BASELINE="159 1292 944 1290" 
                    HPOS="158"
                    VPOS="1262"
                    WIDTH="786"
                    HEIGHT="54">
            <Shape><Polygon POINTS="159 1292 159 1316 223 1305 241 1305 251 1314 251 1315 253 1315 254 1315 255 1316 372 1316 372 1315 373 1315 380 1312 408 1305 430 1312 441 1315 442 1315 443 1315 445 1315 452 1311 467 1305 537 1310 557 1311 558 1311 559 1311 563 1310 575 1304 652 1304 661 1308 671 1314 673 1314 674 1314 675 1314 676 1314 682 1308 685 1305 735 1304 749 1306 781 1314 782 1315 907 1315 907 1314 908 1314 909 1314 909 1312 917 1304 942 1303 944 1290 940 1262 158 1264 159 1292"/></Shape>
	    <String CONTENT="los catalanes impusieron al emperador Andrónico entre otras muchas"
                    HPOS="158"
                    VPOS="1262"
                    WIDTH="786"
                    HEIGHT="54"></String>
          </TextLine>

          
        </TextBlock>
        

        
      </PrintSpace>
    </Page>
  </Layout>
</alto>
