947 1458
312 26 253 42 de Judas Macabeo.

43 62 804 51 Con este pie tan Catholico entrò Judas en sus empres-

4 109 848 52 sas, resistiendo por espacio de seis años las grandes, y pro-

10 154 844 46 digiosas fuerzas de tres Reyes de la Asia, oponiendose con

7 196 844 51 un pequeño Esquadron bolante á Exercitos de quarenta,

9 241 845 48 sesenta, y de cien mil hombres, á quienes derrotò, y ven-

12 283 844 48 ciò ayudado de su Dios, que le miraba piadoso, compla-

11 324 846 50 ciendose de sus muchas virtudes. Este sì, que era Solda-

12 371 845 47 dor. pues siempre ponia por bassa de sus armas el cumplir

13 416 847 45 primero con su Dios. Y de aqui nacia, que se hallaba con

11 456 850 48 una gran confianza en la proteccion Divina, creyendo, que

14 498 845 47 era amado de Dios, à quien èl reciprocamente amaba,

12 541 851 49 mas por su finceridad de afecto, que por pompa exterior.

14 584 851 47 Y assi nunca saliò à pelear, que no se armasse primero

15 627 850 48 con fuertes, y fervorosas oraciones, jamàs se puso á dar al-

13 671 852 49 guna batalla, que no exhortasse á sus gentes à implorar los

12 715 853 47 Divinos socorros sobre sus armas. De este modo se mos-

14 758 849 47 traba muy reconocido á los favores del Cielo, y queria que

14 802 850 47 Dios triunfasse primero en todos los buenos sucessos, que

16 843 354 44 obtenian sus Vanderas.

63 883 802 50 Viòse palpablemente muchissimas veces la assistencia

17 929 851 44 de su Dios; y mas quando èl solo desafiò en batalla cam-

19 971 851 51 pal à nueve Generales de Infieles, matando à algunos con

17 1018 853 47 sus proprias manos, y llevandose los despojos. El prime-

18 1059 852 49 ro de ellos fue Apolonio, hombre de grande reputacion en

18 1100 854 51 el Reyno de Antioco. Este fue el que entrò en Jerusalèn

20 1146 849 46 con una armada de veinte y dos mil hombres, y con color

19 1187 851 50 de paz hizo un terrible destrozo. Sabiendo, pues, que Ju-

19 1230 853 47 das Macabeo se havia puesto en Campaña con fuerzas de

25 1271 842 52 poca consideracion ; èl no obstante, juntò grandes Tropas,

25 1313 846 62 por impedir los progressos de los Judios, y salir con toda

799 1360 38 48 se-
