1860 2629
346.0 1489.0 1119.0 134.0 VILLANCICOS PATRIOTICOS

228.0 1601.0 1335.0 101.0 que se cantan este año por el nacimiento del Redentor del mundo, escla-

581.0 1660.0 605.0 72.0 vizado, y triunfo de la libertad.

254.0 1741.0 572.0 94.0 VIAJE DE LA VÍRGEN Y SAN JOSE.

263.0 1857.0 357.0 73.0 Camina para Belén

223.0 1914.0 445.0 59.0 una hermosa Peregrina,

223.0 1958.0 415.0 53.0 en cuya preciosa sien,

225.0 2002.0 389.0 55.0 puso la mano divina

225.0 2044.0 452.0 57.0 la gran corona del bien.

267.0 2090.0 520.0 52.0 La acompaña un Peregrino,

228.0 2131.0 524.0 57.0 á quien llama tierno Esposo,

232.0 2177.0 463.0 59.0 y su amor hace al camino

232.0 2221.0 408.0 59.0 que sea menos penoso

230.0 2263.0 504.0 65.0 y hasta hechicero y divino.

274.0 2302.0 423.0 66.0 La jóven encantadora,

230.0 2350.0 454.0 73.0 del Parto siente el dolor,

921.0 1778.0 469.0 62.0 y es que se acerca la hora

910.0 1818.0 397.0 66.0 de nacer el Redentor

905.0 1868.0 492.0 59.0 antes que salga la aurora.

951.0 1903.0 424.0 62.0 Hora que ya revelada

910.0 1952.0 491.0 61.0 por el Angel San Gabriel,

908.0 2000.0 408.0 52.0 es de María anhelada

910.0 2044.0 458.0 61.0 y de su Esposo tambien

908.0 2081.0 502.0 63.0 que con ánsia la esperaba.

949.0 2120.0 498.0 70.0 Llegan, pues, á la Ciudad

908.0 2177.0 491.0 55.0 que parece estar desierta,

912.0 2219.0 555.0 66.0 y es tan grande su humildad,

910.0 2265.0 605.0 52.0 que márchanse puerta en puerta

912.0 2302.0 430.0 61.0 buscando hospitalidad.

954.0 2350.0 539.0 75.0 Mas no hallan este consuelo,

1296.0 258.0 243.0 77.0 (Núm. 156.)
