1052 1430
431 7 133 40 —7—

90 38 799 48 esta condicion: Nos guiarán al combate, además de la vuestra, las

90 85 570 30 enseñas que queramos y entre ellas las de Aragon.

120 102 757 50 En el entretanto, un incidente fatal vino á aumentar el ódio que es-

90 138 795 49 taba fermentando entre alanos y catalanes. Por razones desconocidas

91 173 795 47 hasta el presente, alanos y almogávares vinieron á las manos y quiso

90 209 796 42 la desgracia que el hijo de George, gefe de los primeros, muriese en

90 238 795 50 la reyerta. El ódio que ya anidaba en el pecho de George, vino á au¬

94 274 792 47 mentarse con la muerte de su hijo; así pues separóse con sus tropas

93 307 787 44 de Rojer y juró en su interior anticipar la muerte del caudillo cata¬

91 339 785 45 lan. Este continuaba conquistando gloria; infinidad de ciudades, ca–

96 374 790 46 yeron en su poder; todas las que habian sido conquistadas á los

93 408 794 46 Griegos fueron recobradas; Efeso, Filadelfia, Nicea, las Magnesias

93 442 794 52 griegas, la Cária, la Armenia, el mar Egéo y hasta el monte Tauro

95 479 639 45 oyeron sus gritos de combate y sus cantos de victoria.

122 514 754 42 La llegada de Sicilia de Berenguer de Entenza con mil infantes y

95 546 793 45 doscientos ginetes anticipó la catástrofe que amenazaba á Rojer, cortó

95 587 795 35 el hilo que sostenia, la espada de Dámocles, pendiente sobre la cabeza

96 613 794 54 del héroe, desde que habia entrado en el campo de la gloria en

98 648 91 44 Grecia!

126 685 766 45 En efecto, Andrónico para atraerse mas y mas á los mismos que

98 719 792 40 intentaba aniquilar, dió el título de Megaduque que tenia Rojer de

97 748 791 45 Flor á Berenguer de Entenza, y á aquel le dió el segundo título del im¬

100 786 789 42 perio: esto es, el título de Cesar. Las cuatro dignidades primeras del

96 817 783 45 imperio: eran 1.ª Sebastocrator; 2.ª César; 3.ª Protovestiario y 4.ª

96 849 793 49 Megaduque. El nombrar Cesar á Rojer de Flor, aumentó las iras de

97 891 765 45 sus adversarios y comenzaron los planes maquiavélicos que desgra

97 924 549 47 ciadamente tan funestos resultados ocasionaron.

474 1061 55 50 III.

127 1188 763 42 In vitado Rojer á pasar á Andrinópolis, acudió á aquella ciudad en

97 1228 789 38 donde le esperaba el Sebastocrator (ó segundo del imperio) Miguel,

96 1253 791 61 hijo del emperador Andrónico. Grandes agasajos se le hicieron
