1753 2480
115.0 74.0 505.0 70.0 En la gran Sierra-Morena

66.0 117.0 409.0 60.0 amparo de foragidos,

64.0 169.0 413.0 62.0 en un pequeño lugar

62.0 223.0 485.0 70.0 que se llama Javalquinto

62.0 272.0 442.0 64.0 vivía Alonso Gutiérrez

57.0 326.0 490.0 72.0 con una hija y dos hijos,

57.0 382.0 511.0 68.0 en compañía de su esposa

57.0 434.0 538.0 72.0 que eran dos amantes finos,

59.0 487.0 447.0 68.0 y por la paz y sosiego,

57.0 541.0 546.0 74.0 y por gusto que han tenido,

55.0 607.0 447.0 50.0 á los dos hijos casaron

53.0 644.0 523.0 79.0 con gran fiesta y regocijo.

97.0 713.0 519.0 66.0 Quedó sola con sus padres

51.0 754.0 461.0 62.0 Sebastiana del Castillo,

53.0 818.0 484.0 54.0 la mujer mas desalmada

55.0 876.0 501.0 49.0 que de madres ha nacido.

99.0 911.0 446.0 64.0 De esta tal se enamoró

55.0 973.0 468.0 66.0 un mancebo granadino,

53.0 1020.0 513.0 69.0 que estaba en aquel lugar

51.0 1070.0 544.0 68.0 desde la edad de muy niño.

99.0 1126.0 459.0 80.0 Dió en pasearle la calle

51.0 1184.0 453.0 72.0 con fiestas y regocijos,

53.0 1237.0 486.0 69.0 alcanzó el sí de la dama,

53.0 1297.0 540.0 73.0 de sus padres no ha podido;

51.0 1343.0 443.0 62.0 antes con mucho rigor

51.0 1395.0 474.0 74.0 la castigan de continuo.

97.0 1457.0 405.0 55.0 Enfurecida se enoja,

51.0 1504.0 529.0 74.0 y hecha como un basilisco,

49.0 1566.0 509.0 68.0 cuanto más le castigaban,

51.0 1609.0 500.0 65.0 rompiéndose los vestidos,

51.0 1676.0 476.0 60.0 tirándose de las trenzas,

49.0 1717.0 589.0 64.0 mas se enciende en su delirio,

51.0 1777.0 527.0 58.0 más de un año en una sala

49.0 1831.0 471.0 57.0 encerrada la han tenido

49.0 1878.0 538.0 68.0 en donde sus dos hermanos

49.0 1938.0 474.0 64.0 la dieron algun cartigo.

99.0 1984.0 457.0 72.0 Tuvo forma Sebastiana

49.0 2046.0 459.0 55.0 de escribir un papelito,

51.0 2091.0 581.0 72.0 que en breves renglones dice:

49.0 2143.0 469.0 72.0 « Dulcísimo dueño mío,

49.0 2194.0 608.0 85.0 sabrás que he estado encerrada

864.0 74.0 506.0 54.0 pasando dos mil martirios

859.0 113.0 590.0 73.0 de mi padre, y mis hermanos,

862.0 179.0 436.0 54.0 con dolores excesivos:

857.0 233.0 590.0 64.0 supuesto que eres mi amante,

862.0 283.0 541.0 62.0 y que eres hombre de bríos,

859.0 330.0 519.0 66.0 para esta noche á las doce

857.0 390.0 497.0 66.0 te espero bien prevenido:

862.0 436.0 512.0 64.0 y mira no me hagas falta,

866.0 500.0 539.0 60.0 porque te espero bien mío.»

905.0 543.0 449.0 68.0 No dijo más y con esto

862.0 597.0 440.0 70.0 ha cerrado el papelito,

859.0 657.0 616.0 78.0 y á un muchacho se lo entrega,

855.0 704.0 441.0 71.0 el cual era su sobrino,

857.0 762.0 426.0 70.0 para que se lo llevase

855.0 816.0 517.0 64.0 á Juan González del Pino.

903.0 863.0 525.0 73.0 Tomó el papel, el mancebo

855.0 913.0 428.0 70.0 lo recibió agradecido,

859.0 971.0 424.0 70.0 por la vista lo repasa,

857.0 1023.0 459.0 74.0 y así que lo hubo leído,

857.0 1074.0 414.0 66.0 lágrimas del corazón

855.0 1126.0 439.0 70.0 derramaba hilo á hilo.

897.0 1184.0 543.0 74.0 Se fué al instante á su casa

855.0 1240.0 503.0 68.0 donde sus armas previno,

853.0 1295.0 478.0 58.0 dos pistolas, una espada

855.0 1343.0 507.0 74.0 y un cuchillo de dos filos.

897.0 1399.0 465.0 70.0 Oyó las diez y las once,

853.0 1450.0 488.0 75.0 dan las doce y ha salido,

851.0 1508.0 505.0 66.0 se fué á casa de su dama,

853.0 1568.0 521.0 60.0 y ella que estaba en aviso,

851.0 1616.0 461.0 74.0 abrió la puerta y entró,

851.0 1665.0 482.0 66.0 sin ser de nadie sentido.

895.0 1719.0 461.0 62.0 Ella encedió una bujía,

853.0 1777.0 552.0 64.0 y de esta suerte le ha dicho:

853.0 1824.0 527.0 69.0 Yo he de matar á mi padre

851.0 1891.0 525.0 59.0 y á mi madre, vive Cristo,

849.0 1940.0 606.0 66.0 que he de vengar mis injurias,

851.0 1984.0 484.0 74.0 pues lo tienen merecido;

849.0 2050.0 546.0 58.0 aunque sepa que al infierno

853.0 2101.0 517.0 54.0 vaya á apagar mis delitos,

851.0 2147.0 565.0 70.0 y me has de ayudar también,

853.0 2198.0 498.0 98.0 y advierte lo que te digo,
