1753 2480
126.0 200.0 1471.0 122.0 RELACION DE UN GANZO DE UN COR-

115.0 295.0 1480.0 128.0 tijo, manifestando el chasco que le sucedió la no-

312.0 419.0 1097.0 74.0 che de S. Juan, en este presente año.

115.0 533.0 637.0 122.0 Dios gracias, aca estamos toos

109.0 626.0 595.0 72.0 carambita que me entrampan,

109.0 671.0 478.0 64.0 ¿es Sivilla esta Zuidad?

107.0 713.0 560.0 72.0 por que segun por la mapa

105.0 760.0 537.0 66.0 de muchachas y mancebos

107.0 803.0 525.0 71.0 no es otra cosa, mal haya

107.0 839.0 279.0 57.0 tal tierra amen

111.0 868.0 397.0 84.0 y tengo razon sobraa

113.0 934.0 366.0 60.0 para jablar isparates

107.0 975.0 459.0 62.0 de Sivilla y su comarca.

103.0 1014.0 461.0 68.0 Sobre que estoy escamao

107.0 1064.0 465.0 62.0 por porquito dejo el alma

105.0 1103.0 411.0 66.0 en tan pustifera tierra

103.0 1149.0 457.0 70.0 á mano de mi desgracia:

103.0 1192.0 391.0 64.0 vaya solo un berrion

103.0 1227.0 500.0 81.0 de mi historia bien formaa.

107.0 1275.0 416.0 66.0 Yo salí de mi Cortijo,

103.0 1320.0 455.0 70.0 en hora bueua é en mala,

101.0 1364.0 463.0 72.0 noche de S. Juan Batista

99.0 1409.0 477.0 68.0 macuerdo que se llamaba

107.0 1457.0 484.0 70.0 y vine á parar al puente

99.0 1502.0 430.0 64.0 erecho alla por Triana.

97.0 1543.0 436.0 66.0 Ojalá que en el camino

97.0 1585.0 467.0 66.0 se me quebrara una pata,

101.0 1630.0 500.0 72.0 y hubiera guelto al Cortijo

97.0 1674.0 448.0 66.0 entre dos jaldas de paja

97.0 1713.0 504.0 72.0 por no pasar tal virguenza.

97.0 1762.0 401.0 64.0 Apenas puse las patas

95.0 1804.0 421.0 70.0 en las calles de Sivilla

97.0 1849.0 349.0 73.0 repare que siceaba

93.0 1901.0 411.0 60.0 una mozuela, y desde

95.0 1942.0 341.0 56.0 una ventanita alta

90.0 1981.0 397.0 62.0 me jiso señas, mas yo

93.0 2029.0 430.0 62.0 que no me merezco naa

88.0 2072.0 567.0 64.0 me arrime aya ¡que muchacha!

90.0 2122.0 306.0 54.0 ¡que cachigorda!

90.0 2157.0 548.0 75.0 ¡que patas que me enseñaba!

97.0 2203.0 512.0 62.0 y que buen troncho de pelo

95.0 2244.0 382.0 66.0 que tenia la malvaa;

93.0 2289.0 471.0 73.0 al ver tan grande proigio

95.0 2331.0 394.0 64.0 yo me jise una batata

88.0 2378.0 377.0 79.0 sin saber que le iria,

913 595 436 66 con los ojos me jablaba

921.0 642.0 404.0 60.0 y soltando de su boca

913.0 671.0 465.0 70.0 la sal que se le erramaba

921.0 727.0 414.0 66.0 ¿que me traes? me ijo:

921 766 375 75 yo naa, le respondi,

917.0 820.0 288.0 45.0 mas si te agraa

915.0 843.0 509.0 74.0 aqui traigo algunos cuartos,

919.0 899.0 486.0 68.0 y me respondió pues baya

915.0 942.0 478.0 70.0 si algo traes yo te espero

928.0 987.0 386.0 62.0 y pelaremos la paba.

924.0 1029.0 432.0 66.0 Sali como un torbellino

926.0 1074.0 461.0 62.0 y compre piñones, pasas,

926.0 1105.0 583.0 89.0 y un panal de aquellos grandes

924.0 1169.0 463.0 56.0 que dan para vever agua.

921.0 1211.0 586.0 78.0 Tambien le compre un muñeco

919.0 1256.0 441.0 62.0 de una manera tan rara

926.0 1295.0 432.0 73.0 que tirandole de un jilo

924.0 1345.0 411.0 62.0 jasia dos mil muanzas.

919.0 1380.0 463.0 74.0 Cuando golvi la encontré

921.0 1438.0 472.0 50.0 risueña como una pascua:

917.0 1469.0 499.0 81.0 me mandó que suba arriba

921.0 1519.0 373.0 59.0 y por una reja falsa

915.0 1550.0 478.0 84.0 me encaramé muy ligero

917.0 1601.0 443.0 68.0 y le bi lo que llevava:

917.0 1647.0 354.0 64.0 ¿pero que jembra?

913.0 1690.0 482.0 72.0 si se me ablandó la panza

917.0 1731.0 381.0 69.0 y toditito mi cuerpo

913.0 1773.0 478.0 76.0 se me gizo una sarandaja,

917.0 1829.0 439.0 64.0 y yo como no soy lerdo

909.0 1864.0 504.0 68.0 cuando vi que se arrimaba

911.0 1917.0 519.0 69.0 por entre los mismos jierros

909.0 1963.0 416.0 58.0 arrempujé con pijanza

909.0 2000.0 397.0 62.0 la cabeza por pegalle

907.0 2050.0 407.0 55.0 tan solo una tarascaa.

911.0 2091.0 385.0 56.0 Ella juyo y yo quee

905.0 2139.0 426.0 62.0 sin poer sacar la gaita;

903.0 2174.0 442.0 68.0 paso entre paso se fue

911.0 2223.0 476.0 64.0 y yo mientras mas tiraba

907.0 2263.0 475.0 76.0 el mismo Demonio amigo

907.0 2310.0 457.0 72.0 parece que me apretaba,

905.0 2362.0 432.0 53.0 cual quearia mi cuerpo

901.0 2401.0 502.0 70.0 cuando vi entrar en la sala
