1860 2629
1335.0 214.0 198.0 62.0 Núm 59

245.0 1500.0 1196.0 191.0 SEBASTIANA DEL CASTILLO

151.0 1678.0 1358.0 79.0 Nueva y famosa relación de las atrocidades de Sebastiana del

296.0 1741.0 1081.0 73.0 Castillo y el trágico fin de su vida después de haber

434.0 1805.0 805.0 109.0 muerto á su padre, madre y hermanos

149.0 1938.0 517.0 73.0 Para el mayor sentimiento

103.0 2000.0 565.0 63.0 que se ha visto ni se ha oído,

103.0 2052.0 467.0 66.0 en este presente tiempo

105.0 2109.0 436.0 59.0 á mis oyentes convido

103.0 2157.0 511.0 64.0 para admiración del Orbe,

107.0 2214.0 452.0 60.0 y para que sumergidos

105.0 2265.0 561.0 61.0 les cause espanto y asombro,

109.0 2322.0 450.0 61.0 pido que me den oídos.

149.0 2366.0 535.0 96.0 Tambien le pido á la Reina

905.0 1943.0 435.0 70.0 de los cielos el auxilio

908.0 2002.0 381.0 66.0 para poder explicar

903.0 2055.0 432.0 65.0 el valor más atrevido,

905.0 2105.0 492.0 70.0 la atrocidad más enorme,

908.0 2157.0 609.0 77.0 que en mujer jamás se ha visto

908.0 2217.0 478.0 63.0 y el poco temor de Dios,

908.0 2271.0 447.0 73.0 y de sus justos juicios;

910.0 2331.0 434.0 61.0 mas con su divina luz

910.0 2381.0 500.0 79.0 doy á este caso principio.
