1753 2480
72.0 90.0 475.0 62.0 ¿ha visto usía tal gracia?

70.0 130.0 442.0 62.0 repare bien en la niña,

68.0 175.0 471.0 66.0 es bella, quiero llamarla.

72.0 223.0 438.0 60.0 Ven acá, niña, le dice;

68.0 264.0 504.0 58.0 viene luego que la llaman

113.0 307.0 490.0 65.0 —Aquí tiene usía, señor,

64.0 355.0 653.0 70.0 «siempre obediente á sus plantas,

62.0 403.0 560.0 57.0 una esclava á quien mandar,

62.0 448.0 539.0 62.0 humilde, inocente y casta.»

66.0 487.0 469.0 71.0 ¡Qué política es la niña!

62.0 539.0 438.0 52.0 y tiene buena crianza;

59.0 568.0 538.0 78.0 dime, niña, ¿de quién eres?

113.0 615.0 525.0 67.0 —Respondió, la vista baja:

55.0 661.0 455.0 70.0 de mi Señor Jesucristo

55.0 713.0 515.0 62.0 en todo mi cuerpo y alma.

107.0 758.0 606.0 81.0 —¡Qué buena está la respuesta!

53.0 810.0 445.0 64.0 parece mujer anciana;

51.0 845.0 503.0 72.0 dime, niña, ¿qué le pides

53.0 899.0 482.0 66.0 cuando te estas elevada?

101.0 940.0 537.0 74.0 —Yo pido, que como es día

51.0 983.0 482.0 66.0 que la religión cristiana

51.0 1035.0 457.0 60.0 celebra del Sacramento

49.0 1080.0 457.0 60.0 sus benditas alabanzas,

51.0 1120.0 469.0 60.0 vengo á pedirle á Jesús

51.0 1167.0 503.0 60.0 que me conceda la gracia

47.0 1213.0 492.0 55.0 de ser su esposa querida,

47.0 1260.0 432.0 58.0 ser religiosa descalza,

47.0 1297.0 509.0 77.0 porque me tiene arrobada

45.0 1349.0 442.0 66.0 el objeto de su gracia.

95.0 1382.0 500.0 68.0 —Dime, niña: y ese Dios

45.0 1442.0 558.0 56.0 que tanto le quieres y amas,

45.0 1477.0 488.0 60.0 antes de criar al mundo,

43.0 1521.0 533.0 72.0 dime, niña, ¿dónde estaba?

99.0 1566.0 554.0 64.0 —Señor, estaba en sí mismo

43.0 1616.0 525.0 62.0 todo el poder de su gracia;

45.0 1661.0 531.0 68.0 porque Dios no tuvo padre,

41.0 1707.0 475.0 60.0 ni fué formado de nada;

41.0 1756.0 479.0 52.0 antes de todos los siglos

43.0 1793.0 537.0 60.0 Dios en sí mismo se estaba.

93.0 1845.0 566.0 54.0 —Dime: ¿de qué fué formado

37.0 1888.0 486.0 56.0 en las vírgenes entrañas

37.0 1936.0 477.0 58.0 de nuestra Madre María,

37.0 1977.0 477.0 62.0 ese Jesús á quien amas?

35.0 2015.0 485.0 68.0 Se rió un poquito y dijo:

43.0 2062.0 653.0 74.0 ¡la pregunta me ha hecho gracia!

39.0 2120.0 531.0 66.0 De la más preciosa sangre,

33.0 2157.0 413.0 58.0 suprema y calificada

35.0 2194.0 450.0 69.0 de su corazón sagrado,

35.0 2248.0 469.0 54.0 Madre de toda mi alma.

82.0 2281.0 581.0 93.0 —Válgame Dios, la chiquilla;

870.0 90.0 589.0 56.0 ¿no es un portento escucharla?

872.0 130.0 500.0 68.0 Dime, para que Dios baje

872.0 186.0 459.0 49.0 á la Hostia consagrada,

868.0 225.0 473.0 54.0 hacen muchas oraciones

868.0 262.0 496.0 60.0 ó dicen muchas palabras?

911.0 305.0 521.0 69.0 —Con cinco palabras solas

868.0 363.0 473.0 58.0 Cristo de los cielos baja,

868.0 411.0 545.0 49.0 y viene á las propias manos

870.0 450.0 515.0 62.0 del que la hostia consagra.

917.0 491.0 486.0 60.0 —Niña, ¿no las sabes tú?

915.0 543.0 589.0 68.0 —Bien las sé, pero no es tanta

868.0 582.0 527.0 56.0 mi dignidad, y no tenemos

864.0 626.0 459.0 58.0 las mujeres dicha tanta

866.0 677.0 380.0 54.0 para poderlas decir.

864.0 717.0 541.0 64.0 Dijo el canónigo: son malas

864.0 768.0 432.0 56.0 las mujeres, y por eso

859.0 803.0 470.0 62.0 no merecen dicha tanta.

862.0 861.0 367.0 54.0 Se puso coloradita,

857.0 899.0 412.0 66.0 alzó los ojos y habla:

905.0 944.0 583.0 79.0 —¿Sabe usía lo que ha dicho?

859.0 989.0 474.0 65.0 parece no ha dicho nada

855.0 1039.0 507.0 60.0 en despreciar las mujeres,

857.0 1087.0 451.0 57.0 y por el suelo echarlas,

853.0 1126.0 410.0 62.0 siendo la cosa mejor,

855.0 1178.0 416.0 51.0 digna de ser alabada,

855.0 1223.0 513.0 50.0 que crió mi amado Dueño

851.0 1262.0 503.0 60.0 con el poder de su gracia.

851.0 1310.0 505.0 62.0 Pongámoslo en discusión,

855.0 1351.0 453.0 54.0 y si usía á mí me gana

849.0 1388.0 486.0 73.0 haré yo un solemne voto

851.0 1438.0 560.0 64.0 con todas sus circunstancias,

853.0 1492.0 432.0 47.0 de rezar todos los días

849.0 1523.0 562.0 68.0 puesta en cruz y arrodillada,

849.0 1570.0 482.0 58.0 siete credos porque Dios

847.0 1616.0 509.0 58.0 lleve á los cielos su alma;

849.0 1669.0 440.0 52.0 y si yo le gano á usía,

847.0 1711.0 515.0 51.0 en pago de aquesta gracia

845.0 1754.0 525.0 54.0 me ha de dar usía un dote,

847.0 1802.0 575.0 53.0 que esa es toda mi esperanza.

845.0 1837.0 556.0 70.0 Usía defiende á los hombres,

847.0 1895.0 496.0 55.0 y yo que estoy agraviada

843.0 1934.0 475.0 60.0 defenderé á las mujeres,

845.0 1986.0 459.0 53.0 porque es mía la causa.

845.0 2029.0 418.0 50.0 Dice el canónigo: yo,

839.0 2064.0 548.0 56.0 absorto estoy de escucharla;

841.0 2118.0 451.0 52.0 sin sentido y sin juicio

841.0 2157.0 531.0 50.0 me ha dejado la muchacha;

839.0 2203.0 475.0 53.0 no sólo responde á todo,

839.0 2248.0 465.0 58.0 sino que pide campaña:

839.0 2289.0 411.0 67.0 el dote te lo prometo
