1753 2480
95.0 99.0 438.0 62.0 Amparar á un aflígido

47.0 136.0 374.0 64.0 es obra de caridad,

49.0 181.0 352.0 58.0 ejecutad la piedad

47.0 225.0 546.0 76.0 con quien se halla desvalido.

88.0 297.0 623.0 93.0 Qué ha de hacer un desdichado,

45.0 363.0 618.0 73.0 pues que implora lo que siente:

43.0 411.0 469.0 60.0 señora, os haré presente

45.0 456.0 440.0 56.0 mi infortunado estado;

45.0 500.0 442.0 64.0 yo estoy aquí arrojado

45.0 545.0 440.0 58.0 por haberme escedido,

41.0 591.0 424.0 53.0 en esta prisión metido

41.0 626.0 488.0 72.0 donde mi mal se origina;

41.0 682.0 508.0 66.0 por Dios os pido, heroina,

41.0 725.0 442.0 72.0 amparar á un afligido.

78.0 791.0 533.0 91.0 Hoy mi desdichada señora,

37.0 855.0 481.0 70.0 me ha obligado y así es,

37.0 903.0 467.0 66.0 que la invoque esta vez

37.0 948.0 442.0 54.0 por piadosa defensora;

35.0 989.0 465.0 69.0 así mi pecho lo implora,

33.0 1029.0 425.0 68.0 con mucha seguridad,

33.0 1076.0 465.0 83.0 de que tendrá la bondad

33.0 1124.0 396.0 64.0 de condolerse y así,

33.0 1167.0 411.0 66.0 lo que hiciere por mí

28.0 1217.0 366.0 72.0 es obra de caridad.

70.0 1287.0 639.0 87.0 Bien se sabe que el que es pobre

28.0 1349.0 412.0 62.0 de recursos y dinero,

28.0 1392.0 497.0 69.0 lo amparan los caballeros

26.0 1438.0 521.0 58.0 con oro, plata ó con cobre:

31.0 1483.0 510.0 58.0 y porque á veces les sobre

28.0 1521.0 422.0 62.0 su noble benignidad,

26.0 1572.0 445.0 60.0 su respeto y humildad,

28.0 1616.0 550.0 60.0 que es lo que Cristo enseñó;

28.0 1659.0 439.0 68.0 y asi hacedlo por Dios,

24.0 1700.0 362.0 81.0 ejecutad la piedad.

64.0 1773.0 446.0 80.0 En fin, señora piadosa,

24.0 1841.0 532.0 58.0 por tu esposo y por tu niño

22.0 1886.0 501.0 75.0 á quien le debe el cariño,

22.0 1928.0 395.0 68.0 pido seais generosa;

22.0 1971.0 482.0 66.0 y por la sangre preciosa,

20.0 2017.0 554.0 84.0 por quien fuímos redimidos,

20.0 2066.0 401.0 52.0 por todo esto os pido

18.0 2099.0 546.0 87.0 postrado ante vuestros piés,

18.0 2151.0 436.0 58.0 que obreis con interés

18.0 2194.0 544.0 95.0 con quien se halla desvalido.

841.0 107.0 544.0 76.0 ¡Valgame Dios, que de cosas

795.0 155.0 488.0 64.0 he visto en aqueste puesto!

795.0 200.0 422.0 62.0 he visto mi sepultura,

793.0 248.0 492.0 82.0 antes de haberme muerto.

833.0 312.0 494.0 80.0 Solo yo con causa plena,

793.0 367.0 577.0 83.0 me encuentro muy lastimado,

793.0 415.0 424.0 68.0 pues me veo fatigado

791.0 467.0 449.0 64.0 en tan indecible pena;

793.0 506.0 424.0 66.0 veo grillos y cadenas

791.0 553.0 542.0 71.0 y también gruesas esposas;

793.0 601.0 575.0 64.0 ¡ qué escenas tan lastimosas !

789.0 642.0 445.0 64.0 y yo á su lado fenezco

789.0 686.0 534.0 72.0 por lo mucho que padezco;

789.0 739.0 556.0 69.0 ¡ válgame Dios, que de cosas!

826.0 797.0 432.0 83.0 El hedor del calabozo

787.0 870.0 465.0 60.0 y el rumor de la gente,

785.0 909.0 515.0 72.0 me tienen todo impaciente

783.0 958.0 446.0 62.0 sin consuelo ni reposo;

783.0 1006.0 571.0 66.0 todo se encuentra asqueroso,

783.0 1049.0 467.0 64.0 desazonado y moleseto,

785.0 1087.0 519.0 80.0 y por lo tanto yo advierto,

781.0 1134.0 401.0 66.0 sin mentira ni jurar

781.0 1178.0 573.0 76.0 que á muchos hombres llorar

783.0 1233.0 486.0 73.0 he visto en aqueste puesto.

822.0 1302.0 532.0 82.0 No hay sazón en la comida,

777.0 1359.0 577.0 69.0 encuentro el agua amargosa,

777.0 1405.0 490.0 62.0 muchas veces asquerosa,

777.0 1450.0 469.0 64.0 hedionda y corrompida;

777.0 1496.0 403.0 60.0 sólo espero la salida

775.0 1535.0 490.0 64.0 de mazmorra tan oscura,

775.0 1581.0 581.0 66.0 y á mas lo que hoy me apura

773.0 1628.0 440.0 60.0 con delirantes antojos,

775.0 1674.0 579.0 62.0 que con la muerte en los ojos

775.0 1711.0 421.0 84.0 he visto mi sepultura.

814.0 1793.0 624.0 85.0 Lo que á mi más me atormenta

769.0 1845.0 427.0 72.0 en tan increible pena,

769.0 1893.0 489.0 62.0 son los grillos y cadenas,

769.0 1942.0 467.0 60.0 en esta pasión violenta:

771.0 1979.0 541.0 69.0 pero me he hecho la cuenta

769.0 2029.0 512.0 72.0 de que soy cadáver yerto,

769.0 2077.0 469.0 57.0 pasando cruel tormento,

766.0 2116.0 523.0 62.0 y en tan insufrifles penas;

766.0 2159.0 583.0 89.0 no corre sangre en mis venas

764.0 2207.0 488.0 91.0 antes de haberme muerto.
