1115 1600
546 165 92 43 — 6—

207 224 761 25 midos, trabucaban y confundian las ondas, descubriendo unas ve-

206 243 762 42 ces la tierra sus entrañas, y otras el agua pretendia mezclar y

206 274 350 39 juntar con las nubes sus olas.

229 307 743 41 No obstante la gravedad de su peso, empezó á elevarse el Arca

207 344 765 37 de la tierra, y comenzando á azotar las olas caminaba errante (aun-

209 378 764 37 que bien guiada por la Providencia) sobre las aguas. Algun infeliz

211 406 762 41 mortal que se habia posesionado en las cumbres de los montes cla-

211 439 761 40 maba triste y desconsolado porque se le acercasen á socorrerle.

210 470 764 42 Oh! vosotros que navegais dichosos, decian; acercaos á estos infe-

211 505 765 39 lices próximos á ser sumergidos si vuestra piedad no los acoge!

211 536 764 40 Otros no acertaban á dar voces, porque anudadas las gargantas, ó

213 566 762 44 por el horror y susto, ó por el contínuo lamento y clamor, hacian

214 600 762 40 señas para que se les llegase; pero ninguno era oido, pues ya el

215 632 763 42 Altísimo habia cerrado el Arca, no teniendo arbitrio para abrirla

216 664 762 40 los dichosos que encerraba. Fueron, finalmente, las aguas subien-

216 697 763 40 do y ocupando los montes, hasta que no exceptuando alto ni ele-

219 730 760 44 vado risco que no cubriesen, vinieron á quedar todos los habitan-

218 760 308 40 tes del globo sumergidos.

248 792 732 40 Este fué el Diluvio Universal del mundo: terrible consecuencia

220 828 761 36 de tanta maldad, cuando obligó á Dios á imponerles castigo tan

219 859 762 43 espantoso. Qué seria ver huir los hombres á las eminencias, pero

220 896 762 37 en vano, pues llevaban dentro de sus almas la culpa, y sobre ellos

220 927 761 41 el azote de la divina Justicia! Qué horror ver cubiertas las aguas

222 956 760 43 de cadáveres, y entre ellos algunos hombres medio vivos que se

224 989 759 40 afanaban por salir á la orilla que no podian alcanzar! Las aves vo-

225 1020 759 43 lando sobre las aguas se entregaban cansadas á la muerte, los bru-

224 1056 759 40 tos se rendian fatigados de andar, y los racionales desmayados

224 1089 645 40 elegian por único recurso la muerte de ser sumergidos.

249 1118 735 43 A los horrores de la muerte se juntaban atroces y espantosas

226 1151 760 43 circunstancias, pues además de verse sofocados por las aguas, mi-

229 1184 757 41 rábanse al mismo tiempo rodeados de fieras, que rabiosas se encar-

230 1217 756 42 nizaban con cuantos se encontraban, con peligro de ser tragados

231 1249 755 42 de aquellos voraces y ferocísimos mónstruos. Y si preguntamos

231 1284 755 40 la causa de tan horrible y formidable extrago, veremos qué fué

232 1314 754 42 la culpa; porque dice la Escritura: Que el motivo de destruir Dios

232 1345 754 50 la tierra con sus vivientes todos, fué el haberla visto tan llena de

235 1376 121 49 maldades.
