1860 2629
1256.0 254.0 182.0 61.0 Núm. 40

252.0 1393.0 1116.0 92.0 TROUOS NURUOS

407.0 1498.0 810.0 61.0 DARA GAMTARSE CON GUITARRA

105.0 1557.0 1428.0 149.0 EL CUATRO Y EL TRES

127.0 1932.0 484.0 57.0 Dijo el cuatro: Cuatro son

89.0 1978.0 481.0 52.0 De nuestra fe los misterios,

87.0 2015.0 465.0 55.0 Cuatro son los evangelios;

89.0 2057.0 470.0 50.0 Sin tener duda ó cuestion;

89.0 2094.0 411.0 59.0 Cuatro las auroras son,

96.0 2131.0 417.0 62.0 Y de cuatro esquinas es

94.0 2177.0 419.0 53.0 Antes, ahora y después

96.0 2219.0 434.0 52.0 La torre del firmamento.

98.0 2258.0 489.0 55.0 Y probando este argumento

98.0 2298.0 535.0 54.0 Estaban el cuatro y el tres

135.0 2335.0 435.0 59.0 Dijo el tres : en realidad

96.0 2370.0 399.0 72.0 Yo me llevo la corona,

892.0 1921.0 502.0 57.0 Porque tres son las personas

894.0 1969.0 389.0 53.0 De la Santa Trinidad;

897.0 2008.0 491.0 49.0 Treinta y tres años de edad

901.0 2048.0 406.0 57.0 Vivió Jesús, alma mía,

901.0 2085.0 388.0 57.0 Tres horas pasó María

894.0 2125.0 454.0 59.0 al pie de la cruz sagrada;

899.0 2171.0 506.0 57.0 Y el cuatro y el tres estaban,

899.0 2208.0 513.0 59.0 En grande porfía uu día.

932.0 2252.0 445.0 52.0 Cuatro son los elementos

897.0 2287.0 460.0 59.0 Y los sentidos son cuatro,

894.0 2333.0 406.0 50.0 Cuatro son sin aparato

894.0 2372.0 520.0 83.0 Las partes del mundo entero;

537.0 1711.0 522.0 74.0 Estahan el cuatro y el tres

526.0 1770.0 496.0 63.0 En grande porfía un día

524.0 1807.0 447.0 59.0 Argumentando los dos

526.0 1840.0 502.0 90.0 Chal mejor niímero hacía
