1134 1518
483 76 110 40 —21—

121 117 813 40 Sobre su hija, hacer se marchase á dicho punto, pero viajando con el

118 143 814 47 mismo aparato que las otras expediciones. Sea el haber mudado de tem-

119 176 814 42 peramento, sea que el viaje no fuese de su agrado, lo cierto es que la

119 205 814 43 reina doña Juana estaba más furiosa cada vez, y tomó más incremen-

121 234 368 41 to su ya incurable enfermedad.

159 258 773 47 El anciano Luis Ferrer era el que estaba encargado del cuidado de

124 292 814 45 doña Juana, y al cual esta no podia ver, por eso encontraba en ella

125 322 813 46 una oposicion enorme á todo lo que la encargaba hiciera, complaciéndo-

125 353 812 42 se en ejecutarlo al contrario. Si la rogaba, por ejemplo, se acostase en

128 383 807 41 su cama, lo hacia en el suelo; si disponia que se trasladase á otra habi-

128 411 811 41 tacion más decente y ventilada, cerraba con más fuerza los cerrojos de

129 442 811 41 la en que estaba. Cuando hacia frio, desechaba las pieles y objetos de

132 470 809 42 abrigo que le proporcionaban, y cuan tomás la suplicaba Luis Ferrer

131 500 810 41 se vistiese y asease, con más empeño andaba súcia y mal vestida. Poco

135 530 805 40 tiempo despues se le puso en la cabeza la manía de no comer ni beber;

135 561 810 37 y hubo ocasion de que pasasen tres dias sin tomar nada, hasta que aco-

135 588 812 40 sada por el hambre, tomaba algo, empeñándose que los platos donde le

137 618 810 37 mandaban las viandas no saliesen de su habitacion, de suerte que estos

137 645 812 41 objetos súcios con otros, daban un olor insoportable á aquella morada,

139 676 813 38 é imposible por tanto de aguantarlo. Momentos habia en que despues de

139 703 814 40 un gran delirio, gozaba de alguna razon, y se lamentaba de que ha-

140 732 815 41 bian arrancado la corona de sus sienes, y no contentos sus enemigos

140 761 814 42 con un rapto de este género, la habian sepultado en un calabozo tan

140 790 657 40 hediondo y custodiado por un carcelero tan despreciable.

177 817 778 41 Estas palabras llegaron con la velocidad del relámpago á oidos

141 846 811 39 del Católico don Fernando; así es, que al siguiente año de 1510,

141 877 811 38 cuando pasaba para las Córtes de Monzon, hizo por visitarla, y cer-

143 905 812 34 ciorado de todo lo que ocurría, reunió un consejo de los grandes para

141 935 813 37 deliberar sobre el método que se debia observar en adelante con su

143 964 813 31 hija, porque sabia que la presencia de don Luis Ferrer la martiriza-

145 993 813 37 ba; del consejo salió, que despues de haberla provisto de todo lo

144 1022 814 33 necesario de aseo, ropas y alimentos, se eligiesen doce señoras

144 1049 817 38 para que cuidasen contínuamente de ella, y cada una se quedara una

144 1077 815 41 noche en vela para obligarla á vestirse, desnudarse y mudarse de

144 1108 817 35 camisa, aun en contra de su voluntad. Veinte dias estuvo el rey Católico

144 1135 817 38 acompañando á doña Juana, en los cuales estuvo menos mal; pero des-

145 1166 818 35 pues que se la obligaba á ejecutar lo pactado por su padre, se apodera-

143 1195 817 38 ba de ella una furia tan grande, que nadie podia permanecer á su lado.

143 1222 823 41 Más previsor el cardenal Cisneros que los grandes de que se habia com-

145 1252 820 53 puesto el consejo, creyó oportuno jubilar á don Luis Ferrer, porque
