1860 2629
199.0 210.0 533.0 74.0 y hasta en la voz cree oir

199.0 271.0 511.0 66.0 á la hija que ha perdido.

252.0 308.0 645.0 86.0 Quiere al fin que á su presencia

203.0 363.0 525.0 72.0 le conduzcan á Francisco,

210.0 414.0 496.0 74.0 y en secreto le interroga

203.0 471.0 512.0 65.0 por ver si dice lo mismo.

258.0 514.0 634.0 81.0 Viendo ya que estan conformes,

190.0 569.0 489.0 68.0 benévolo da el permíso

190.0 620.0 538.0 81.0 de que queden en palacio,

197.0 672.0 487.0 66.0 á su mas libre albedrío.

247.0 720.0 544.0 77.0 Mientras tanto se disponen

188.0 779.0 575.0 66.0 los medios mas conductivos,

199.0 832.0 516.0 72.0 para que vuelvan á Rusia

193.0 878.0 475.0 79.0 en libertad, sin peligro.

245.0 939.0 566.0 66.0 Mas ellos cuando lo oyeron

195.0 990.0 491.0 61.0 hondamente agradecidos

199.0 1038.0 469.0 63.0 besan al Turco los pies

188.0 1086.0 498.0 81.0 en ademan muy sumiso.

243.0 1147.0 588.0 62.0 Mientras tanto el gran sultan

193.0 1196.0 425.0 76.0 un órden ha dirigido

199.0 1244.0 537.0 74.0 para que nuestros amantes

193.0 1296.0 559.0 73.0 á un buque sean admitidos.

243.0 1347.0 450.0 72.0 Aun les dió de regalo

195.0 1393.0 456.0 74.0 para gasto y regocijos,

193.0 1456.0 596.0 75.0 dos mil y trescientas piastras;

195.0 1505.0 495.0 76.0 para que asi vivan ricos.

243.0 1557.0 465.0 66.0 Ellos felices marcharon

186.0 1601.0 480.0 72.0 en un bergantin bonito

190.0 1673.0 474.0 57.0 que surca ligero el mar

188.0 1708.0 439.0 73.0 empavesado y altivo.

245.0 1763.0 542.0 70.0 Llegaron luego á las costas

193.0 1811.0 539.0 64.0 de Alemania, y allí mismo

186.0 1870.0 566.0 57.0 desembarcaron y entrambos

186.0 1921.0 561.0 72.0 siguen por tierra el camino.

247.0 1965.0 472.0 76.0 Ya vestidos de paisanos

193.0 2017.0 568.0 70.0 y con sus nombres fingidos,

188.0 2076.0 480.0 77.0 encamínanse á su tierra

965.0 219.0 451.0 76.0 para no ser conocidos.

1006.0 269.0 564.0 68.0 Cuando á su patria llegaron

958.0 311.0 601.0 83.0 nuestra Paulowna y Francisco

960.0 368.0 487.0 70.0 fue de sus caras familias

958.0 416.0 415.0 87.0 indecible el regocijo.

1015.0 473.0 533.0 79.0 Y los padres de Paulowna

960.0 523.0 507.0 70.0 que creian haber perdido

962.0 578.0 558.0 72.0 para siempre á su linda hija

960.0 637.0 415.0 61.0 se alegraron infiníto.

1006.0 685.0 535.0 79.0 Le hacen repetir mil veces

956.0 727.0 515.0 92.0 la historia de lo ocurrido

962.0 782.0 487.0 81.0 y ven de la Providencia

958.0 845.0 452.0 62.0 inescrutables designios.

1002.0 889.0 502.0 79.0 Numerosos son los besos

954.0 942.0 412.0 72.0 los abrazos infinitos,

951.0 999.0 472.0 67.0 las lágrimas de ternura

956.0 1047.0 463.0 65.0 y los amantes suspiros.

1004.0 1093.0 581.0 72.0 Por fin queda el matrimonio

954.0 1150.0 555.0 72.0 de Paulowna con Francisco

956.0 1198.0 603.0 79.0 entre los padres de entrambos

962.0 1253.0 406.0 70.0 para luego decidido.

1013.0 1292.0 612.0 86.0 Ya quieren que sea esplendido

956.0 1353.0 559.0 77.0 cual otro nunca se ha visto,

954.0 1406.0 636.0 72.0 que haya orquestas y banquetes

958.0 1461.0 390.0 70.0 y festines repetidos.

1004.0 1507.0 445.0 76.0 Ya se prepara la novia

951.0 1555.0 527.0 85.0 los mas brillantes vestidos

951.0 1616.0 446.0 68.0 las alajas mas costosas

954.0 1680.0 462.0 59.0 con las galas y atavios.

1002.0 1715.0 498.0 79.0 Francisco tambien alegre

954.0 1765.0 508.0 84.0 y cual fuera de si mismo

949.0 1818.0 503.0 77.0 convida á su matrimonio

947.0 1879.0 441.0 64.0 á deudos y conocidos.

1000.0 1921.0 548.0 83.0 Dios bendijo aquesta union

954.0 1984.0 570.0 68.0 y de Paulowna y Francisco

949.0 2022.0 494.0 81.0 durará la tierna historia

954.0 2079.0 546.0 85.0 por los siglos de los siglos.

386.0 2423.0 1081.0 127.0 Imprenta de I. Estivill, calle del Conde del Asalto, n.° 65.

1197.0 2193.0 281.0 78.0 Es propiedad.

318.0 2245.0 1151.0 123.0 PALMA.—Tienda de M. Borrás, plaza del Call n. 10
