1120 1552
475 114 90 36 —7—

174 150 730 48 Aprended, mortales, á temer la culpa, pues suveneno bastó pa-

141 188 762 38 ra dar muerte á todo el universo. Y si esto aconteció entonces,

142 219 764 43 ¿qué será en la última desolacion del mundo? Entonces sin duda

140 253 766 38 se mostrará más rigido y justiciero el Juez; pues el dolor de volver

139 287 765 38 á ver pervertidos ingratamente los corazones, hará desatar á su

139 318 767 39 justísima indignacion en venganzas. Agraviado, pues, de la de-

140 350 764 38 masía de insultos, hará estallar con violentos vaivenes la tierra,

139 381 766 41 bará suspirar furiosos los aires, bramar los mares, enfurecerse el

140 417 766 39 fuego hasta reducir el bronce en pavesa; y, en fin, como dice el

141 448 764 40 Santo Doctor Crisóstomo, entonces ostentará más su rigor la Ma-

139 480 644 38 Jestad de Cristo, para confusion y espanto de los malos.

432 541 184 63 CAPITULO II.

144 606 762 46 Duracion del Diluvio.—Falsas opiniones para poner en duda si

163 648 743 38 fué universal.—Hace mansion el Arca en los montes de Arme-

167 680 739 38 nia.—Recházanse varias fábulas sobre el Arca.—Salen del Arca

169 709 738 42 Noé y sus hijos.—Planta Noé viñas y se embriaga.—Si Noé

167 744 739 42 pecó en esta embriaguez.—Maldice á Cham, bendice á Sen y á

169 776 533 41 Japhet, y por qué.—Fundacion de Babilonia.

180 837 726 36 Duró el Diluvio por espacio de cuarenta dias, lloviendo de dia

147 866 755 41 y de noche sin cesar hasta llegar las aguas á cubrir toda la tierra,

147 901 758 38 los más altos y elevados montes; pues asegura el Texto sagrado

146 932 758 41 que se elevaron las aguas sobre los más encumbrados montes y

146 964 759 39 riscos hasta quince codos.El motivo, como hemos dicho, que tuvo

146 996 760 39 la divina Majestad para causar tanto estrago á los vivientes, fué

146 1027 760 43 la perversa inclinacion de costumbres que predominaba tan desen-

148 1061 691 40 vueltamente entre los hombres, sin temor ni respeto á Dios.

160 1091 744 41 Esta verdad sagrada, que tan clara y patentemente nos lo ase-

148 1122 757 41 guran las divinas letras, no ha faltado quien ha querido disuadir-

147 1155 757 42 la, siendo el principal corifeo de esta opinion el perverso Preadami-

148 1187 758 43 ta Isaac Peirere con otros sus secuaces, los cuales propalaron er-

147 1223 758 39 róneamente que el Diluvio solo se extendió á los términos de Pa-

147 1257 758 37 lestina y no á todo el universo. Pero tiene contra sí unas razones

148 1284 755 41 bastante congruentes. Lo primero que se ocurre es, ¿con qué me-

147 1317 753 47 dios y de qué portento se valió la Providencia para detener impe-
