1753 2480
374 454 866 267 SEGUNDA

839 756 159 103 PARTE.

564 909 496 87 Seis meses pasado habian

523 977 576 74 Que en la iglesia de S. Pedro,

525 1027 483 64 Con pompa se celebraba

527 1076 531 64 De Leonor el casamiento.

520 1122 478 72 Lloró á sus padres Josè

531 1171 529 69 Mas nunca borró del pecho

527 1225 506 60 El amor que jurò un dia,

529 1264 597 77 A una mujer, que habia hecho

529 1318 457 62 Él infeliz, y que ahora

525 1370 508 84 Le compensaba su yerro.

467 1882 696 81 Tan solo señoras qutere por amigas,

425 1936 776 72 Y hasta olvidar llega áquien ledió el ser,

421 1998 709 58 Se cree una reina; se cree una diosa

432 2041 700 108 Y solo á los ricos puede ella querer.

578 1500 724 130 Al verse elevada de criada á señora

506 1603 529 66 Se olvida la bella Leonor

434 1636 795 89 De aquellas muchas que tanto le amaban

419 1709 742 66 Que pruebas tantas le dieron de amor.
