1860 2629
506.0 1075.0 610.0 127.0 EL TROBADOR.

572.0 1231.0 485.0 76.0 PRIMERA PARTE.

324.0 1279.0 761.0 85.0 Un tiempo fué que en cítara sonora,

331.0 1345.0 706.0 65.0 gloria y amor el Trobadór cantó;

322.0 1388.0 783.0 86.0 brilló en la lid su espada vencedora,

329.0 1443.0 660.0 68.0 y lauros mit á la beldad rindió.

370.0 1485.0 763.0 74.0 Hora infeliz, en llanto y desventura

322.0 1529.0 801.0 81.0 trocó su bien un malhadado amor....

326.0 1588.0 750.0 68.0 tú que cruel causaste su amargura

326.0 1629.0 748.0 73.0 ten ay! piedad del triste Trobador.

377.0 1684.0 732.0 68.0 No se oye ya la voz de su dulzura

326.0 1721.0 777.0 75.0 alzar de amor el hi nno en el festin,

329.0 1772.0 862.0 83.0 ni el canto audaz que iospira la bravura,

331.0 1818.0 688.0 72.0 hace latir el pecho al paladin:

405.0 1864.0 777.0 81.0 Proscripto ya y en estranjero suelo

329.0 1912.0 785.0 83.0 llora infeliz su malhadado amor....

331.0 1965.0 743.0 74.0 tú que cruel causaste su deselo,

333.0 2013.0 746.0 68.0 ten ay! piedad del triste Trobador.

410.0 2059.0 719.0 79.0 El ronco son de belicosa frompa

335.0 2101.0 698.0 87.0 llamó tal vez á la sangrienta lid,

335.0 2155.0 838.0 81.0 y entre el rumor de la guerrera pompa

337.0 2208.0 742.0 70.0 pronto marchó y alegre, el ada id:

333.0 2258.0 818.0 70.0 lanzase andaz y vana es su esperanza

333.0 2300.0 811.0 79.0 no encuentra fin su malhadado amor,

324.0 2350.0 755.0 70.0 ansia morir, y en la enemiga lanza

329.0 2398.0 826.0 99.0 no halla piedad tampoco el Trobador.
