1860 2629
391 270 1198 98 TROVOS NUEVOS Y DIVERTIDOS.

614 379 33 63 I.

331 411 631 108 A un jóven y á un viejo quiero,

280 483 507 58 aunque con distinta ley,

281 525 576 66 quiero el jóven por su cara,

281 571 529 64 y al viejo por la del rey.

327 623 510 66 Es mi carácter grosero,

281 671 481 60 no lo puedo remediar,

290 717 474 71 y mi genio placentero:

290 765 421 70 y para especulizar,

289 814 646 71 á un jóven y á un viejo quiero.

325 867 557 63 Soy mas tenaz que Muley,

287 911 579 67 y voy siguiendo mi intento,

283 963 618 63 tengo mas calma que un buey

286 1009 615 70 y á los dos doy cumplimiento,

281 1057 525 60 aunque con dístinta ley.

324 1108 532 64 Es en el mundo muy rara

279 1150 507 71 la que suele despreciar;

279 1200 508 70 con el interés soy clara,

279 1260 528 54 pero en tocando al casar,

280 1301 576 60 quiero al jóven por su cara.

322 1346 607 72 Aunque me pretenda un Dey,

277 1396 555 67 con su opulencia y su oro,

277 1443 530 61 no he de faltar á mi ley;

277 1492 557 67 por su cara al mozo adoro

279 1543 498 67 y al viejo por la del rey.

597 1640 66 52 II.

324 1727 564 72 El que quiera vivir mucho

279 1781 606 68 ha de huir lo mas que pueda,

279 1831 432 57 de médicos y boticas

276 1873 603 68 pepinos, melones y hembras.

326 1930 636 61 Aunque me llamen no escucho

276 1973 529 67 á las de catorce en cesta;

276 2027 581 57 guarde entero su cartucho,

276 2071 526 65 ande con esta respuesta,

277 2120 561 69 el que quiera vivir mucho.

319 2167 595 72 Aquel que libre estar quiera

276 2215 580 69 de practicantes y unciones,

274 2265 509 76 no afloje la faltriquera,

1011 382 567 73 de las que piden doblones,

1006 438 592 65 ha de huir lo mas que pueda.

1056 483 526 72 Pájaro que mucho pica,

1012 530 473 64 en la red pronto caerá,

1015 578 525 67 el buen sentido le indica

1014 629 447 57 huír de toda manera,

1014 677 429 54 de médicos y boticas

1054 721 525 69 Si de mujeres te prendas,

1012 774 450 61 darás fin á tu caudal,

1011 817 549 73 déjate pues de contiendas,

1009 874 523 59 sabe que es perjudicial

1008 917 593 84 pepinos, melones y hembras.

1319 1020 76 57 III.

1060 1156 558 73 Quién fuera mozo y casado,

1012 1218 513 52 y confesor de las damas,

1009 1266 523 55 cirujanos por las tardes,

1012 1311 566 56 y médico por las mañanas.

1054 1364 500 52 Paseando por un prado,

1012 1409 563 58 ví un poeta en un balcon

1009 1460 503 54 disputando con un sábio

1011 1504 450 55 que decia con fervor,

1009 1551 569 62 quién fuera mozo y casado.

1053 1600 454 59 A todas las resaladas

1006 1651 548 57 sepan que doy á entender,

1006 1700 551 61 que para saber sus tramas

1006 1746 427 57 mocito quisiera ser,

1006 1795 526 59 y confesor de las damas.

1050 1843 487 52 Paseándome una tarde

1003 1888 453 64 por el paseo del rey,

997 1936 557 66 ví una mujer con donaire;

1003 1987 427 63 por eso quisiera ser,

1002 2037 500 58 cirujano por las tardes.

1052 2085 451 63 Regocíjate con galas,

1003 2132 455 61 salada con tu querer;

999 2180 457 59 para visitar madamas,

1002 2231 453 60 digo que quisiera ser,

997 2278 531 64 médico por las mañanas.

296 2355 1370 127 Imprenta de D. José Maria Moreno, calle Madre de Dios número 1.
