1753 2480
690 76 378 122 VALS

411.0 194.0 124.0 82.0 Coro

161.0 252.0 506.0 64.0 1 A orillas de una fuente

111.0 301.0 364.0 66.0 á una muchacha ví

113.0 343.0 321.0 64.0 al ruido del agua

115.0 372.0 467.0 84.0 yo me acerqué hasta allí.

159.0 419.0 585.0 85.0 Coro.—Oí una voz que decía

115.0 477.0 614.0 74.0 hay de mí, hay de mí, hay de mí.

165.0 527.0 403.0 84.0 2 Como la vi solita

117.0 582.0 356.0 69.0 le declaré mi amor

119.0 630.0 354.0 60.0 ella quedó turbada

117.0 682.0 346.0 59.0 nada me contestó.

171.0 690.0 476.0 89.0 Yo dijo para mi entonces

119.0 766.0 435.0 75.0 ya cayó, cayó, ya cayó.

169.0 801.0 488.0 98.0 3 Su faz cual ángel bello

119.0 870.0 358.0 68.0 aumenta mi pasión

121.0 913.0 383.0 72.0 grabada con esmero

121.0 969.0 404.0 64.0 quedó en mi corazón.

173.0 1008.0 341.0 58.0 Yo le decía lucero

124.0 1043.0 659.0 70.0 no me olvides, sé firme en el amor.

171.0 1103.0 496.0 72.0 4 Como era tan hermosa

128.0 1153.0 366.0 70.0 y su talle tan gentil

128.0 1200.0 442.0 66.0 tan bella y tan graciosa

128.0 1248.0 384.0 56.0 cual entre flores mil

177.0 1297.0 385.0 50.0 Y me decia amorosa

126.0 1330.0 589.0 83.0 no me olvides clavel del pensil.

971.0 181.0 484.0 79.0 5 De un rosal candoroso

921.0 229.0 265.0 56.0 una rosa robé

924.0 260.0 394.0 74.0 y en su divino pecho

924.0 318.0 308.0 60.0 yo se la coloqué

973.0 345.0 443.0 76.0 Y entonces dijo la niña

924.0 409.0 599.0 64.0 hay, hay, que atrevido es usted.

973.0 462.0 449.0 89.0 6 Con amor verdadero

921.0 529.0 346.0 64.0 me la traje al café

926.0 584.0 359.0 58.0 y luego de brasero

924.0 617.0 337.0 60.0 á su casa la llevé.

973.0 659.0 333.0 70.0 Y me decía salero

928.0 717.0 641.0 60.0 hay que noble, que noble es usted.

981.0 785.0 461.0 74.0 7 Viendo que la quería

928.0 841.0 324.0 64.0 con tanto frenesí

930.0 890.0 409.0 56.0 me apretó de la mano

932.0 927.0 316.0 71.0 sólo me dijo así.

973.0 961.0 591.0 76.0 Duerme en paz bien de mi vida

932.0 1018.0 616.0 100.0 que mi amor sólo en tí, sólo en tí.

979.0 1095.0 476.0 78.0 8 Al despedirme de ella

932.0 1142.0 326.0 67.0 turbada se quedó

936.0 1186.0 358.0 72.0 y me dijo llorando

936.0 1227.0 444.0 75.0 no me olvides por Dios.

986.0 1283.0 516.0 54.0 Ya se sabe que el amor mío

938.0 1328.0 517.0 64.0 sólo á tí, sólo á tí, se rindió.

498 1421 820 100 La Esperanza

179.0 1521.0 581.0 49.0 1 Cuando muere la esperanza.

132.0 1556.0 453.0 64.0 queda la vida muy triste

134.0 1609.0 593.0 54.0 y mi alma no resiste la ventura,

134.0 1649.0 661.0 66.0 la ventura, la ventura que yo perdí.

175.0 1696.0 511.0 56.0 Mas aguardando el silencio

134.0 1742.0 502.0 60.0 de mi amor la triste suerte

134.0 1779.0 426.0 58.0 el dejar yo de quererte

138.0 1822.0 447.0 62.0 no lo creas, no lo creas,

138.0 1870.0 424.0 58.0 no lo creas, no, de mi.

188.0 1932.0 576.0 80.0 2 Si alguna vez no recuerdas

140.0 1994.0 492.0 66.0 que mi pasión te persigue

144.0 2035.0 622.0 83.0 y mi alma no consigue confianza,

144.0 2087.0 598.0 95.0 confianza, confianza de tu amor.

986.0 1504.0 554.0 60.0 Mas al derramar una lágrima,

965.0 1552.0 368.0 57.0 te diré mujer perjura

952.0 1595.0 383.0 64.0 lloraré mi desventura

957.0 1643.0 516.0 57.0 por tu indina, por tu indina,

959.0 1682.0 446.0 70.0 por tu indina compasión.

990.0 1742.0 506.0 68.0 3 A los muros de tu casa

946.0 1798.0 397.0 62.0 oirás tiernos gemidos

946.0 1849.0 612.0 58.0 y lamentos doloridos de tu firme,

946.0 1888.0 596.0 69.0 de tu firme, de tu firme amador.

996.0 1946.0 395.0 54.0 Y tú corazón ingrato

950.0 1984.0 401.0 64.0 olvidando la memoria

946.0 2023.0 666.0 68.0 no acuerda ya de las glorias pasadas

946.0 2077.0 716.0 90.0 otro tiempo, pasadas en nuestro amor.
