1122 1530
543 62 95 41 — 22—

187 99 789 46 no pocas señales de su tránsito, por las que los piratas se

191 133 573 40 guiaban, esperando alcanzarlos muy pronto.

231 161 748 43 En efeoto, al cabo de seis horas de marcha y de haberse

187 188 793 43 alejado de la costa, descubrieron á los españoles que, rendidos

187 221 792 41 de fatiga, esperaban en la orilla del rio Panamá la vuelta de

187 252 790 41 Rosaura, por lo que muchos de ellos se habian quedado dormi-

184 282 793 37 dos y otros se entregaban á preparar su comida mientras que

186 311 792 39 un pequeño reten custodiaba el tesoro rescatado. El oficial

186 339 791 40 Juan de Ortega, hermano de Rosaura, miraba sin cesar hácia

186 368 791 41 la confiluencia del rio y habia mandado algunos explorado-

187 399 789 42 res con ánimo de tener noticias de la valiente y heroica es-

187 428 105 41 pañola.

227 457 748 42 Cuando Juan Ojenkan y su gente se apercibieron de lo que

185 491 791 36 pasaba, comprendieron que no debian demorar un momento el

186 521 789 38 ataque contra los españoles, puesto que la ocasion no podia ser

182 547 792 41 más propicia, en virtud de lo desapercibidos que éstos se en-

183 578 790 35 contraban. En efecto, salieron del bosque á la carrera y cuan-

185 606 788 42 do los españoles quisieron defenderse ya estaban rodeados por

186 639 787 37 todas partes. Sin embargo, aquellos que se hallaban en estado

184 664 788 42 de resistir se reunieron al valiente Juan de Ortega y principió

183 693 788 43 una lucha á muerte en donde el valor y la desesperacion se

182 723 789 39 mezclaban y confundian los unos por apoderarse de nuevo del

182 753 788 40 codiciado tesoro y los otros por defenderlo hasta el último

182 782 787 41 trance. Pero sorprendidos los españoles no estaban en disposi-

181 810 790 41 cion de hacer frente á tan recia arremetida: los que se halla-

182 842 788 42 ban durmiendo ú ocupados en otras faenas cayeron prisioneros

181 871 789 43 antes de coger las armas, y solo el bravo Ortega tuvo que ha-

181 901 789 44 cer frente con unos veinte hombres á más de cien piratas, re-

181 930 789 42 sultando de esta incontrastable superioridad que el tesoro vol-

183 958 787 46 viera á caer en manos de Juan Ojenkan y su gente, los cuales

181 988 789 46 lanzaron gritos de alegría por tan costosa victoria. Y decimos

181 1021 789 39 costosa, porque de los piratas habian quedado más de treinta

181 1046 788 47 hombres fuera de combate, y teniendo los españoles muchos

175 1078 793 45 menos á causa del reducido número de los que entraron en la

181 1106 108 43 batalla.

222 1138 746 43 Sin embargo, con profundo dolor y vergüenza vióse obli-

179 1167 787 44 gado Juan Ortega á retirarse del campo, no sabiendo qué hacer

177 1201 789 40 ante el descalabro que acababa de sufrir, y solo cuando la ma-

179 1229 787 41 yor parte de su gente se le fué incorporando, pues unos se

175 1256 790 42 habian escapado, y otros, escondidos, pensaron en volver para

175 1288 789 59 atrás y no regresar á Tierra Firme hasta tanto que lograsen por
