1100 1577
350 251 326 73 LOS LADRONES DE MAR

492 336 29 46 ó

240 424 544 67 EL TESORO CODICIADO.

345 579 315 64 CAPÍTULO PRIMERO.

113 666 787 47 Las Antillas.—Las flotas españolas y el hombre del sombrero y el capote de

112 705 788 30 mar.—La taberna de la Jamaica.—El plan que el pirata Juan Ojenkan revela

185 726 639 40 al tabernero y cómo y con qué medios principian á ejecutarlo.

155 808 747 43 La famosa bahía de Darien, situada en una de las grandes

110 842 792 41 ensenadas que constituyen las pequeñas Antillas, casi unida

112 871 790 41 al continente americano, se encuentra al Norte de la Jamaica

112 903 785 38 que, con las islas Bermudas, Lucayas, la Guayana y otras,

113 932 787 40 constituyen el grupo de las posesiones inglesas que hay casi

111 960 787 41 en frente del golfo de Méjico. Todas estas islas, teatro hoy de

113 991 784 40 un comercio importante, en donde se vende el maíz, el cacao,

111 1019 787 43 el algodon, el tabaco, la quina, la vainilla, la jalapa, el palo

112 1049 785 42 campeche, la azúcar, el café, el añil y otros frutos, era en lo

111 1079 784 41 antiguo el punto de reunion de todos los piratas extranjeros,

113 1107 782 45 que, valiéndose de los numerosos arrecifes y escollos de aque-

111 1138 785 40 llos tempestuosos parajes, esperaban el paso de las naves espa-

113 1167 785 43 ñolas que, cargadas de oro y plata, volvian á España para

109 1200 784 36 llevar á ella el fruto del descubrimiento de Cristóbal Colon, y

111 1227 784 44 allí, en medio de los mares, las sorprendian y se apoderaban

112 1264 112 35 de ellas.

147 1285 747 41 Eran, pues, muy frecuentes por este motivo los combates

109 1319 785 50 marítimos, las empresas temerarias y las sorpresas más incon-
