1860 2629
122.0 1183.0 1479.0 181.0 Oración a S. Rafael Arcangel

243.0 1437.0 432.0 72.0 Ya te veo entre las nubes

210.0 1476.0 437.0 72.0 y te busco en tanto anhelo

230.0 1516.0 267.0 57.0 que te veo Rafael

206.0 1551.0 401.0 59.0 como te bajas del Cielo.

243.0 1588.0 404.0 55.0 Del que necesita auxilio

208.0 1621.0 382.0 57.0 oyes la voz al instante

212.0 1662.0 395.0 57.0 y al momento das alivio

203.0 1695.0 356.0 62.0 al perdido caminante.

252.0 1732.0 430.0 68.0 « El que se ve descarriado,

208.0 1763.0 417.0 79.0 por su falta involuntaria,

208.0 1805.0 309.0 55.0 al Arcangel Rafael

206.0 1838.0 368.0 59.0 le dirige una plegaría.

245.0 1873.0 419.0 65.0 Y el santo atento a la voz

203.0 1906.0 413.0 63.0 le aquel mortal afligido,

197.0 1952.0 546.0 63.0 se encuentra en pocos momentos

199.0 1987.0 369.0 52.0 aliviado y socorrido. »

247.0 2011.0 428.0 74.0 Tú eres el Señor Supremo

197.0 2050.0 375.0 64.0 el más próximo aliado,

199.0 2094.0 412.0 55.0 y él te recibe en su seno

199.0 2138.0 417.0 52.0 con cariño y con agrado.

241.0 2164.0 373.0 59.0 De los arcángeles eres

193.0 2193.0 381.0 67.0 bello, divino y hermoso

199.0 2236.0 362.0 57.0 y te cedió mil poderes

201.0 2276.0 384.0 50.0 ese Dios tan poderoso.

236.0 2304.0 437.0 73.0 Eres astro de esplendores

195.0 2337.0 397.0 92.0 de luces bellas y puras,

1059.0 1434.0 441.0 95.0 tu das vida, fe y consuelo

1068.0 1502.0 381.0 57.0 y quitas las amarguras.

1096.0 1529.0 408.0 63.0 Alumbras de tal manera

1063.0 1566.0 347.0 59.0 con tu divina belleza

1057.0 1601.0 368.0 55.0 que eres angel tutelar

1057.0 1643.0 379.0 50.0 de virtud y de pureza.

1098.0 1673.0 367.0 62.0 Tan solo rogando a ti

1057.0 1704.0 405.0 66.0 la más humilde criatura,

1057.0 1746.0 447.0 65.0 se conserva sana y buena,

1057.0 1781.0 416.0 59.0 hermosa, galana y pura.

1096.0 1816.0 380.0 65.0 Tú velas sin descansar

1059.0 1855.0 384.0 64.0 para salvar pecadores,

1063.0 1897.0 345.0 55.0 y te apareces Rafael

1059.0 1927.0 417.0 57.0 cubierto de resplandores.

1107.0 1965.0 423.0 52.0 Tus milagros son notables

1057.0 1995.0 454.0 60.0 y en ellos no hay que dudar

1050.0 2039.0 419.0 53.0 porque Dios te concedió

1059.0 2074.0 335.0 48.0 una gracia singular.

1098.0 2101.0 408.0 67.0 « Pasaba el joven Tobías

1052.0 2147.0 395.0 46.0 cerca del Tìgris un día

1055.0 2179.0 405.0 53.0 que es un rio caudaloso

1057.0 2217.0 386.0 59.0 y de mucha nombradia.

1085.0 2252.0 397.0 63.0 Para lavarse las manos

1052.0 2285.0 301.0 52.0 en el rio se acercó

1055.0 2320.0 421.0 65.0 y del fondo de sus aguas

1057.0 2361.0 375.0 86.0 en gran pescado salió.
