1753 2480
101.0 132.0 581.0 66.0 salieron con gran sigilo

105.0 181.0 606.0 64.0 de la ciudad de Valencia.

105.0 227.0 525.0 72.0 Doña Josefa responde:

105.0 276.0 699.0 75.0 pues que ocasion les molesta

99.0 330.0 574.0 64.0 á esos nobles Caballeros

101.0 380.0 564.0 66.0 para salir de su tierra ?

99.0 427.0 659.0 66.0 quizas iran á algun pleyto

97.0 479.0 682.0 79.0 de alguna de sus haciendas,

101.0 537.0 703.0 74.0 que quien tiene mayorazgos,

99.0 591.0 618.0 62.0 nunca le faltan quimeras.

99.0 630.0 754.0 87.0 No es mal pleyto el que les siguen

97.0 690.0 624.0 66.0 (ellos dieron por respuesta)

99.0 750.0 715.0 56.0 pues son los que dieron muerte

95.0 793.0 614.0 64.0 á Don Padro Valenzuela.

95.0 834.0 549.0 81.0 Disimulando su enojo,

95.0 886.0 678.0 83.0 respondió con gran reserva:

95.0 946.0 622.0 66.0 mucha fuerza se me hace,

95.0 987.0 663.0 69.0 mas no es posible que crea,

93.0 1041.0 661.0 68.0 que esos nobles Caballeros

93.0 1087.0 634.0 72.0 hiciesen accion como ella,

90.0 1142.0 755.0 71.0 que fue una accion muy villana,

95.0 1190.0 543.0 72.0 y le resisten sus venas

90.0 1240.0 658.0 78.0 sangre noble, y esto basta,

86.0 1289.0 763.0 87.0 saber que hay quien lo defienda;

93.0 1345.0 636.0 68.0 y eso no se puede hablar,

84.0 1397.0 709.0 68.0 sino es por cosa muy cierta.

84.0 1446.0 674.0 66.0 Sabed que es mucha verdad

86.0 1490.0 726.0 86.0 lo que os digo, y si no fuera,

82.0 1547.0 670.0 60.0 nada me importa el decirlo.

82.0 1597.0 651.0 64.0 Mas ella con gran cautela

80.0 1643.0 655.0 76.0 respondió : Dios los asista;

90.0 1700.0 643.0 71.0 y á donde el viage llevan?

86.0 1748.0 720.0 78.0 Y ellos mismos le informaron,

80.0 1804.0 602.0 72.0 que iban acia Cartagena.

76.0 1845.0 620.0 74.0 Salió del juego, diciendo:

76.0 1895.0 684.0 82.0 buena suerte ha estado esta;

76.0 1953.0 622.0 76.0 ya tendra mi pena alivio,

74.0 2006.0 546.0 68.0 si se me logra la idea.

80.0 2050.0 668.0 78.0 Y montando en un caballo,

72.0 2105.0 634.0 71.0 que al zéfiro puso rienda,

70.0 2147.0 539.0 70.0 á Cartagena marchaba

66.0 2207.0 663.0 93.0 con muy pronta diligencia.

884.0 140.0 519.0 54.0 Llegó una tarde feliz

884.0 177.0 639.0 79.0 á eso de las dos y media,

897.0 233.0 612.0 81.0 y en un meson se acogió,

893.0 285.0 537.0 70.0 y dixo á la mesonera:

884.0 330.0 569.0 81.0 cuideme de ese caballo,

886.0 382.0 680.0 83.0 que yo presto doy la buelta

897.0 438.0 483.0 64.0 y sin desarmarse fué

888.0 481.0 676.0 87.0 á la playa, por si encuentra

888.0 533.0 585.0 87.0 algunos de sus paisanos,

890.0 593.0 606.0 72.0 que el verlos tanto desea.

886.0 634.0 561.0 85.0 No los pudo descubrir,

893.0 686.0 707.0 93.0 y ácia el meson dió la buelta,

897.0 744.0 564.0 78.0 y á la patrona le dixo,

886.0 783.0 511.0 87.0 le previniese la cena.

895.0 841.0 591.0 78.0 y que le hiciese la cama

882.0 901.0 608.0 72.0 en una quadra que tenga

886.0 944.0 538.0 68.0 las ventanas á la calle

886.0 992.0 689.0 82.0 sin darle á entender su idea.

886.0 1045.0 437.0 75.0 Apenas anocheció,

884.0 1101.0 591.0 77.0 pronta se puso á la rexa

876.0 1144.0 624.0 83.0 de la ventana, escuchando

880.0 1202.0 693.0 79.0 quanto en la calle conversan.

880.0 1246.0 641.0 82.0 Oyó decir á unos hombres

880.0 1299.0 616.0 83.0 aquestas palabras mesmas:

882.0 1353.0 583.0 75.0 para mañana á la noche

878.0 1399.0 695.0 91.0 tengo una funcion muy regia

876.0 1452.0 664.0 81.0 en casa Don Juan Mancilla,

874.0 1504.0 719.0 81.0 porque en su casa se hospedan

872.0 1554.0 539.0 66.0 dos famosos Caballeros

870.0 1601.0 529.0 79.0 naturales de Valencia,

880.0 1655.0 505.0 76.0 y quiere regocijarlos,

878.0 1713.0 674.0 70.0 y ha de hacer una Comedia

872.0 1760.0 641.0 81.0 y otros muchos Entremeses;

868.0 1806.0 651.0 80.0 mas no quiere que se sepa,

866.0 1864.0 667.0 76.0 porque en Valencia mataron

866.0 1907.0 748.0 89.0 á un hombre de grandes prendas.

866.0 1955.0 638.0 86.0 Tente hombre, no prosigas,

862.0 2006.0 667.0 87.0 calla ya tu infame lengua,

862.0 2058.0 742.0 89.0 que no sabes quien te escucha,

859.0 2118.0 650.0 76.0 porque si bien lo supieras,

857.0 2159.0 716.0 89.0 no dieras cuenta á tu amigo.

859.0 2207.0 656.0 101.0 O quanto mas nos valiera
