<?xml version="1.0" encoding="UTF-8"?>
<alto xmlns:xsi="http://www.w3.org/2001/XMLSchema-instance"
      xmlns="http://www.loc.gov/standards/alto/ns-v4#"
      xsi:schemaLocation="http://www.loc.gov/standards/alto/ns-v4# http://www.loc.gov/standards/alto/v4/alto-4-2.xsd">
  <Description>
    <MeasurementUnit>pixel</MeasurementUnit>
    <sourceImageInformation>
      <fileName>Varios_117_8.jpg</fileName>
      
    </sourceImageInformation>
  </Description>
  
  <Tags>
    <OtherTag ID="BT221" LABEL="CustomZone:impresorNum" DESCRIPTION="block type CustomZone:impresorNum"/><OtherTag ID="BT222" LABEL="CustomZone:numero_pliego" DESCRIPTION="block type CustomZone:numero_pliego"/><OtherTag ID="BT223" LABEL="CustomZone:title" DESCRIPTION="block type CustomZone:title"/><OtherTag ID="BT224" LABEL="GraphicZone:illustration" DESCRIPTION="block type GraphicZone:illustration"/><OtherTag ID="BT225" LABEL="GraphicZone:ornamentation" DESCRIPTION="block type GraphicZone:ornamentation"/><OtherTag ID="BT226" LABEL="MainZone" DESCRIPTION="block type MainZone"/><OtherTag ID="BT227" LABEL="MainZone:columns" DESCRIPTION="block type MainZone:columns"/><OtherTag ID="BT228" LABEL="MarginTextZone:colophon" DESCRIPTION="block type MarginTextZone:colophon"/><OtherTag ID="BT229" LABEL="MarginTextZone:note" DESCRIPTION="block type MarginTextZone:note"/><OtherTag ID="BT230" LABEL="MusicZone" DESCRIPTION="block type MusicZone"/><OtherTag ID="BT231" LABEL="NumberingZone:page" DESCRIPTION="block type NumberingZone:page"/><OtherTag ID="BT232" LABEL="QuireMarksZone:catchwords" DESCRIPTION="block type QuireMarksZone:catchwords"/><OtherTag ID="BT233" LABEL="QuireMarksZone:signature" DESCRIPTION="block type QuireMarksZone:signature"/><OtherTag ID="BT234" LABEL="RunningTitleZone" DESCRIPTION="block type RunningTitleZone"/>
    <OtherTag ID="LT81" LABEL="CustomLine:propriedad" DESCRIPTION="line type CustomLine:propriedad"/><OtherTag ID="LT82" LABEL="CustomLine:trailer" DESCRIPTION="line type CustomLine:trailer"/><OtherTag ID="LT83" LABEL="DefaultLine" DESCRIPTION="line type DefaultLine"/><OtherTag ID="LT84" LABEL="HeadingLine" DESCRIPTION="line type HeadingLine"/>
  </Tags>
  
  <Layout>
    <Page WIDTH="2148"
          HEIGHT="3034"
          PHYSICAL_IMG_NR="471"
          ID="eSc_dummypage_">
      <PrintSpace HPOS="0"
                  VPOS="0"
                  WIDTH="2148"
                  HEIGHT="3034">
        
        <TextBlock HPOS="997.0"
                   VPOS="301.0"
                   WIDTH="218.0"
                   HEIGHT="91.0"
                   ID="eSc_textblock_0aab270b"
                   TAGREFS="BT231">
          <Shape><Polygon POINTS="997 301 997 392 1215 392 1215 301"/></Shape>
          
          
          <TextLine ID="eSc_line_92e257ff"
                    TAGREFS="LT83"
                    BASELINE="1034 366 1196 361" 
                    HPOS="1029.0"
                    VPOS="260.0"
                    WIDTH="167.0"
                    HEIGHT="136.0">
            <Shape><Polygon POINTS="1034 366 1029 313 1085 316 1120 283 1138 265 1138 262 1141 262 1143 262 1189 260 1196 361 1196 391 1034 396"/></Shape>
	    <String CONTENT="— 8 —"
                    HPOS="1029.0"
                    VPOS="260.0"
                    WIDTH="167.0"
                    HEIGHT="136.0"></String>
          </TextLine>

          
        </TextBlock>
        
        <TextBlock HPOS="425.0"
                   VPOS="401.0"
                   WIDTH="680.0"
                   HEIGHT="840.0"
                   ID="eSc_textblock_99ae8896"
                   TAGREFS="BT227">
          <Shape><Polygon POINTS="1057 714 1057 814 1017 1031 1047 1200 1006 1241 455 1231 425 414 953 407 1082 401 1105 714"/></Shape>
          
          
          <TextLine ID="eSc_line_dd97a915"
                    TAGREFS="LT83"
                    BASELINE="485 455 971 442" 
                    HPOS="480.0"
                    VPOS="369.0"
                    WIDTH="491.0"
                    HEIGHT="101.0">
            <Shape><Polygon POINTS="485 455 480 394 566 394 571 389 594 374 597 374 597 374 597 374 599 374 599 374 599 374 602 374 602 374 683 386 688 386 695 386 766 369 766 369 766 369 769 369 966 379 971 442 969 457 485 470"/></Shape>
	    <String CONTENT="Asi aquella desgraciada"
                    HPOS="480.0"
                    VPOS="369.0"
                    WIDTH="491.0"
                    HEIGHT="101.0"></String>
          </TextLine>

          
          
          <TextLine ID="eSc_line_5ec9ef80"
                    TAGREFS="LT83"
                    BASELINE="442 498 920 487" 
                    HPOS="435.0"
                    VPOS="442.0"
                    WIDTH="485.0"
                    HEIGHT="76.0">
            <Shape><Polygon POINTS="442 498 435 447 913 442 920 487 918 508 442 518"/></Shape>
	    <String CONTENT="acabó. Vivió en el vicio,"
                    HPOS="435.0"
                    VPOS="442.0"
                    WIDTH="485.0"
                    HEIGHT="76.0"></String>
          </TextLine>

          
          
          <TextLine ID="eSc_line_35a74e6d"
                    TAGREFS="LT83"
                    BASELINE="447 543 842 536" 
                    HPOS="442.0"
                    VPOS="493.0"
                    WIDTH="400.0"
                    HEIGHT="63.0">
            <Shape><Polygon POINTS="447 543 442 500 834 493 842 536 839 553 447 556"/></Shape>
	    <String CONTENT="y extraviada por él,"
                    HPOS="442.0"
                    VPOS="493.0"
                    WIDTH="400.0"
                    HEIGHT="63.0"></String>
          </TextLine>

          
          
          <TextLine ID="eSc_line_6714d5c4"
                    TAGREFS="LT83"
                    BASELINE="445 589 900 573" 
                    HPOS="437.0"
                    VPOS="525.0"
                    WIDTH="463.0"
                    HEIGHT="81.0">
            <Shape><Polygon POINTS="445 589 437 536 893 525 900 573 898 591 445 606"/></Shape>
	    <String CONTENT="falta de moral sentido,"
                    HPOS="437.0"
                    VPOS="525.0"
                    WIDTH="463.0"
                    HEIGHT="81.0"></String>
          </TextLine>

          
          
          <TextLine ID="eSc_line_6f9dcfca"
                    TAGREFS="LT83"
                    BASELINE="452 632 867 616" 
                    HPOS="447.0"
                    VPOS="578.0"
                    WIDTH="420.0"
                    HEIGHT="71.0">
            <Shape><Polygon POINTS="452 632 447 589 860 578 867 616 867 632 452 649"/></Shape>
	    <String CONTENT="suicida ó asesinada —"
                    HPOS="447.0"
                    VPOS="578.0"
                    WIDTH="420.0"
                    HEIGHT="71.0"></String>
          </TextLine>

          
          
          <TextLine ID="eSc_line_86d9931c"
                    TAGREFS="LT83"
                    BASELINE="445 675 1087 657" 
                    HPOS="437.0"
                    VPOS="604.0"
                    WIDTH="650.0"
                    HEIGHT="96.0">
            <Shape><Polygon POINTS="445 675 437 632 1080 604 1087 657 1082 695 893 677 594 695 592 695 592 695 589 695 533 682 445 700"/></Shape>
	    <String CONTENT="que el resultado es el mismo, —"
                    HPOS="437.0"
                    VPOS="604.0"
                    WIDTH="650.0"
                    HEIGHT="96.0"></String>
          </TextLine>

          
          
          <TextLine ID="eSc_line_9a49b1de"
                    TAGREFS="LT83"
                    BASELINE="445 718 961 707" 
                    HPOS="440.0"
                    VPOS="664.0"
                    WIDTH="521.0"
                    HEIGHT="71.0">
            <Shape><Polygon POINTS="445 718 440 677 953 664 961 707 961 718 445 735"/></Shape>
	    <String CONTENT="muy joven aún sucumbió"
                    HPOS="440.0"
                    VPOS="664.0"
                    WIDTH="521.0"
                    HEIGHT="71.0"></String>
          </TextLine>

          
          
          <TextLine ID="eSc_line_06f4b4a2"
                    TAGREFS="LT83"
                    BASELINE="450 763 1022 748" 
                    HPOS="445.0"
                    VPOS="700.0"
                    WIDTH="577.0"
                    HEIGHT="83.0">
            <Shape><Polygon POINTS="450 763 445 723 1014 700 1022 748 1019 768 450 783"/></Shape>
	    <String CONTENT="tras de un vivir tau sin tino."
                    HPOS="445.0"
                    VPOS="700.0"
                    WIDTH="577.0"
                    HEIGHT="83.0"></String>
          </TextLine>

          
          
          <TextLine ID="eSc_line_3d5b34b0"
                    TAGREFS="LT83"
                    BASELINE="452 806 974 798" 
                    HPOS="447.0"
                    VPOS="758.0"
                    WIDTH="527.0"
                    HEIGHT="63.0">
            <Shape><Polygon POINTS="452 806 447 766 966 758 974 798 971 811 452 821"/></Shape>
	    <String CONTENT="Aprendan las desdichadas"
                    HPOS="447.0"
                    VPOS="758.0"
                    WIDTH="527.0"
                    HEIGHT="63.0"></String>
          </TextLine>

          
          
          <TextLine ID="eSc_line_096c4fb1"
                    TAGREFS="LT83"
                    BASELINE="452 852 938 839" 
                    HPOS="447.0"
                    VPOS="801.0"
                    WIDTH="491.0"
                    HEIGHT="63.0">
            <Shape><Polygon POINTS="452 852 447 809 931 801 938 839 938 854 452 864"/></Shape>
	    <String CONTENT="que se lanzan al abismo"
                    HPOS="447.0"
                    VPOS="801.0"
                    WIDTH="491.0"
                    HEIGHT="63.0"></String>
          </TextLine>

          
          
          <TextLine ID="eSc_line_a6687d92"
                    TAGREFS="LT83"
                    BASELINE="460 892 1017 879" 
                    HPOS="455.0"
                    VPOS="841.0"
                    WIDTH="562.0"
                    HEIGHT="69.0">
            <Shape><Polygon POINTS="460 892 455 852 1009 841 1017 879 1017 910 460 910"/></Shape>
	    <String CONTENT="de lo inmoral, cuán amargos"
                    HPOS="455.0"
                    VPOS="841.0"
                    WIDTH="562.0"
                    HEIGHT="69.0"></String>
          </TextLine>

          
          
          <TextLine ID="eSc_line_6c680de2"
                    TAGREFS="LT83"
                    BASELINE="455 940 963 925" 
                    HPOS="447.0"
                    VPOS="884.0"
                    WIDTH="516.0"
                    HEIGHT="71.0">
            <Shape><Polygon POINTS="455 940 447 889 956 884 963 925 963 938 455 955"/></Shape>
	    <String CONTENT="frutos tendrá su destino;"
                    HPOS="447.0"
                    VPOS="884.0"
                    WIDTH="516.0"
                    HEIGHT="71.0"></String>
          </TextLine>

          
          
          <TextLine ID="eSc_line_1fc37793"
                    TAGREFS="LT83"
                    BASELINE="457 986 956 973" 
                    HPOS="452.0"
                    VPOS="932.0"
                    WIDTH="504.0"
                    HEIGHT="69.0">
            <Shape><Polygon POINTS="457 986 452 943 948 932 956 973 956 988 457 1001"/></Shape>
	    <String CONTENT="pues en días de bonanza,"
                    HPOS="452.0"
                    VPOS="932.0"
                    WIDTH="504.0"
                    HEIGHT="69.0"></String>
          </TextLine>

          
          
          <TextLine ID="eSc_line_bb8575cd"
                    TAGREFS="LT83"
                    BASELINE="455 1026 948 1016" 
                    HPOS="450.0"
                    VPOS="975.0"
                    WIDTH="498.0"
                    HEIGHT="69.0">
            <Shape><Polygon POINTS="455 1026 450 986 941 975 948 1016 946 1039 455 1044"/></Shape>
	    <String CONTENT="como en días de peligro,"
                    HPOS="450.0"
                    VPOS="975.0"
                    WIDTH="498.0"
                    HEIGHT="69.0"></String>
          </TextLine>

          
          
          <TextLine ID="eSc_line_6d0d3706"
                    TAGREFS="LT83"
                    BASELINE="455 1069 956 1056" 
                    HPOS="450.0"
                    VPOS="1021.0"
                    WIDTH="506.0"
                    HEIGHT="61.0">
            <Shape><Polygon POINTS="455 1069 450 1031 948 1021 956 1056 956 1069 455 1082"/></Shape>
	    <String CONTENT="si su corazón despierta"
                    HPOS="450.0"
                    VPOS="1021.0"
                    WIDTH="506.0"
                    HEIGHT="61.0"></String>
          </TextLine>

          
          
          <TextLine ID="eSc_line_106e74bf"
                    TAGREFS="LT83"
                    BASELINE="455 1114 885 1104" 
                    HPOS="450.0"
                    VPOS="1066.0"
                    WIDTH="435.0"
                    HEIGHT="61.0">
            <Shape><Polygon POINTS="455 1114 450 1072 877 1066 885 1104 885 1127 455 1127"/></Shape>
	    <String CONTENT="será para su martirio,"
                    HPOS="450.0"
                    VPOS="1066.0"
                    WIDTH="435.0"
                    HEIGHT="61.0"></String>
          </TextLine>

          
          
          <TextLine ID="eSc_line_3bb5a290"
                    TAGREFS="LT83"
                    BASELINE="460 1160 969 1147" 
                    HPOS="455.0"
                    VPOS="1099.0"
                    WIDTH="514.0"
                    HEIGHT="81.0">
            <Shape><Polygon POINTS="460 1160 455 1117 961 1099 969 1147 966 1165 460 1180"/></Shape>
	    <String CONTENT="que él amor es bendición"
                    HPOS="455.0"
                    VPOS="1099.0"
                    WIDTH="514.0"
                    HEIGHT="81.0"></String>
          </TextLine>

          
          
          <TextLine ID="eSc_line_75dca96e"
                    TAGREFS="LT83"
                    BASELINE="462 1203 1004 1190" 
                    HPOS="457.0"
                    VPOS="1150.0"
                    WIDTH="547.0"
                    HEIGHT="104.0">
            <Shape><Polygon POINTS="462 1203 457 1163 996 1150 1004 1190 999 1243 966 1228 898 1246 895 1246 893 1246 893 1246 890 1246 890 1246 882 1246 786 1231 764 1246 761 1246 761 1246 761 1246 759 1246 759 1246 756 1246 756 1246 756 1246 753 1246 713 1233 462 1254"/></Shape>
	    <String CONTENT="para quien sigue el camino"
                    HPOS="457.0"
                    VPOS="1150.0"
                    WIDTH="547.0"
                    HEIGHT="104.0"></String>
          </TextLine>

          
        </TextBlock>
        
        <TextBlock HPOS="1126.0"
                   VPOS="400.0"
                   WIDTH="698.0"
                   HEIGHT="831.0"
                   ID="eSc_textblock_edf4df38"
                   TAGREFS="BT227">
          <Shape><Polygon POINTS="1793 950 1773 1018 1824 1112 1803 1160 1601 1231 1141 1231 1133 1224 1133 714 1126 714 1126 400 1803 404 1733 748"/></Shape>
          
          
          <TextLine ID="eSc_line_617d490e"
                    TAGREFS="LT83"
                    BASELINE="1135 437 1776 424" 
                    HPOS="1128.0"
                    VPOS="356.0"
                    WIDTH="648.0"
                    HEIGHT="104.0">
            <Shape><Polygon POINTS="1135 437 1128 384 1254 364 1254 364 1257 364 1257 364 1259 364 1259 364 1295 376 1328 364 1328 364 1330 364 1330 364 1330 364 1333 364 1333 364 1335 364 1335 364 1335 364 1338 364 1338 364 1338 366 1351 376 1353 379 1358 376 1419 361 1421 361 1421 361 1424 361 1424 361 1424 361 1426 361 1426 361 1426 361 1454 374 1457 376 1467 374 1525 361 1525 361 1525 361 1528 361 1528 361 1528 361 1581 371 1591 374 1598 371 1636 356 1636 356 1639 356 1639 356 1639 356 1641 356 1641 356 1644 356 1644 356 1682 369 1690 371 1768 369 1776 424 1773 447 1135 460"/></Shape>
	    <String CONTENT="del bien, y es castigo horrendo"
                    HPOS="1128.0"
                    VPOS="356.0"
                    WIDTH="648.0"
                    HEIGHT="104.0"></String>
          </TextLine>

          
          
          <TextLine ID="eSc_line_9a7d12bc"
                    TAGREFS="LT83"
                    BASELINE="1141 482 1763 475" 
                    HPOS="1135.0"
                    VPOS="429.0"
                    WIDTH="628.0"
                    HEIGHT="79.0">
            <Shape><Polygon POINTS="1141 482 1135 439 1755 429 1763 475 1758 503 1363 493 1270 508 1262 508 1262 508 1259 508 1259 508 1249 508 1158 498 1146 508"/></Shape>
	    <String CONTENT="para quien se entrega al vicio."
                    HPOS="1135.0"
                    VPOS="429.0"
                    WIDTH="628.0"
                    HEIGHT="79.0"></String>
          </TextLine>

          
          
          <TextLine ID="eSc_line_85f63da9"
                    TAGREFS="LT83"
                    BASELINE="1141 528 1657 513" 
                    HPOS="1135.0"
                    VPOS="477.0"
                    WIDTH="522.0"
                    HEIGHT="66.0">
            <Shape><Polygon POINTS="1141 528 1135 493 1649 477 1657 513 1657 528 1141 543"/></Shape>
	    <String CONTENT="En la vida bochornosa"
                    HPOS="1135.0"
                    VPOS="477.0"
                    WIDTH="522.0"
                    HEIGHT="66.0"></String>
          </TextLine>

          
          
          <TextLine ID="eSc_line_b4ce45cf"
                    TAGREFS="LT83"
                    BASELINE="1141 571 1720 558" 
                    HPOS="1135.0"
                    VPOS="510.0"
                    WIDTH="585.0"
                    HEIGHT="79.0">
            <Shape><Polygon POINTS="1141 571 1135 525 1712 510 1720 558 1717 581 1141 589"/></Shape>
	    <String CONTENT="que el placer de los sentidos"
                    HPOS="1135.0"
                    VPOS="510.0"
                    WIDTH="585.0"
                    HEIGHT="79.0"></String>
          </TextLine>

          
          
          <TextLine ID="eSc_line_7a71cba7"
                    TAGREFS="LT83"
                    BASELINE="1141 616 1611 606" 
                    HPOS="1135.0"
                    VPOS="566.0"
                    WIDTH="476.0"
                    HEIGHT="71.0">
            <Shape><Polygon POINTS="1141 616 1135 573 1604 566 1611 606 1609 619 1141 637"/></Shape>
	    <String CONTENT="sigue, las pasiones son"
                    HPOS="1135.0"
                    VPOS="566.0"
                    WIDTH="476.0"
                    HEIGHT="71.0"></String>
          </TextLine>

          
          
          <TextLine ID="eSc_line_a2fbdd00"
                    TAGREFS="LT83"
                    BASELINE="1135 659 1654 649" 
                    HPOS="1128.0"
                    VPOS="604.0"
                    WIDTH="526.0"
                    HEIGHT="76.0">
            <Shape><Polygon POINTS="1135 659 1128 616 1647 604 1654 649 1652 664 1135 680"/></Shape>
	    <String CONTENT="casi siempre el precipicio"
                    HPOS="1128.0"
                    VPOS="604.0"
                    WIDTH="526.0"
                    HEIGHT="76.0"></String>
          </TextLine>

          
          
          <TextLine ID="eSc_line_a7be335e"
                    TAGREFS="LT83"
                    BASELINE="1141 702 1626 697" 
                    HPOS="1135.0"
                    VPOS="652.0"
                    WIDTH="491.0"
                    HEIGHT="66.0">
            <Shape><Polygon POINTS="1141 702 1135 659 1619 652 1626 697 1624 715 1141 718"/></Shape>
	    <String CONTENT="donde la dicha sucumbe"
                    HPOS="1135.0"
                    VPOS="652.0"
                    WIDTH="491.0"
                    HEIGHT="66.0"></String>
          </TextLine>

          
          
          <TextLine ID="eSc_line_ff096d11"
                    TAGREFS="LT83"
                    BASELINE="1143 743 1667 743" 
                    HPOS="1138.0"
                    VPOS="700.0"
                    WIDTH="526.0"
                    HEIGHT="63.0">
            <Shape><Polygon POINTS="1141 740 1138 702 1662 700 1664 740 1664 761 1141 763"/></Shape>
	    <String CONTENT="para no encontrar alivio."
                    HPOS="1138.0"
                    VPOS="700.0"
                    WIDTH="526.0"
                    HEIGHT="63.0"></String>
          </TextLine>

          
          
          <TextLine ID="eSc_line_928c2520"
                    TAGREFS="LT83"
                    BASELINE="1143 791 1601 787" 
                    HPOS="1135.0"
                    VPOS="745.0"
                    WIDTH="463.0"
                    HEIGHT="66.0">
            <Shape><Polygon POINTS="1141 788 1135 748 1591 745 1598 786 1596 806 1141 811"/></Shape>
	    <String CONTENT="El estrago del deleite"
                    HPOS="1135.0"
                    VPOS="745.0"
                    WIDTH="463.0"
                    HEIGHT="66.0"></String>
          </TextLine>

          
          
          <TextLine ID="eSc_line_b2b03ec4"
                    TAGREFS="LT83"
                    BASELINE="1148 834 1583 829" 
                    HPOS="1143.0"
                    VPOS="791.0"
                    WIDTH="440.0"
                    HEIGHT="55.0">
            <Shape><Polygon POINTS="1148 834 1143 796 1576 791 1583 829 1583 844 1148 846"/></Shape>
	    <String CONTENT="es veneno tan activo,"
                    HPOS="1143.0"
                    VPOS="791.0"
                    WIDTH="440.0"
                    HEIGHT="55.0"></String>
          </TextLine>

          
          
          <TextLine ID="eSc_line_a08fea50"
                    TAGREFS="LT83"
                    BASELINE="1153 879 1631 874" 
                    HPOS="1148.0"
                    VPOS="824.0"
                    WIDTH="483.0"
                    HEIGHT="76.0">
            <Shape><Polygon POINTS="1153 879 1148 839 1624 824 1631 874 1629 884 1153 900"/></Shape>
	    <String CONTENT="que mata la juventud"
                    HPOS="1148.0"
                    VPOS="824.0"
                    WIDTH="483.0"
                    HEIGHT="76.0"></String>
          </TextLine>

          
          
          <TextLine ID="eSc_line_58bb57d7"
                    TAGREFS="LT83"
                    BASELINE="1153 922 1682 915" 
                    HPOS="1148.0"
                    VPOS="874.0"
                    WIDTH="534.0"
                    HEIGHT="71.0">
            <Shape><Polygon POINTS="1153 922 1148 882 1674 874 1682 915 1679 935 1153 945"/></Shape>
	    <String CONTENT="y que extravía el espiritu,"
                    HPOS="1148.0"
                    VPOS="874.0"
                    WIDTH="534.0"
                    HEIGHT="71.0"></String>
          </TextLine>

          
          
          <TextLine ID="eSc_line_7ca86362"
                    TAGREFS="LT83"
                    BASELINE="1153 965 1730 955" 
                    HPOS="1148.0"
                    VPOS="917.0"
                    WIDTH="582.0"
                    HEIGHT="71.0">
            <Shape><Polygon POINTS="1153 965 1148 927 1722 917 1730 955 1728 978 1153 988"/></Shape>
	    <String CONTENT="y cuando el cuerpo envejece"
                    HPOS="1148.0"
                    VPOS="917.0"
                    WIDTH="582.0"
                    HEIGHT="71.0"></String>
          </TextLine>

          
          
          <TextLine ID="eSc_line_596253dd"
                    TAGREFS="LT83"
                    BASELINE="1153 1008 1720 1003" 
                    HPOS="1148.0"
                    VPOS="968.0"
                    WIDTH="572.0"
                    HEIGHT="63.0">
            <Shape><Polygon POINTS="1153 1008 1148 973 1712 968 1720 1003 1717 1018 1153 1031"/></Shape>
	    <String CONTENT="y el alma muere en el frio"
                    HPOS="1148.0"
                    VPOS="968.0"
                    WIDTH="572.0"
                    HEIGHT="63.0"></String>
          </TextLine>

          
          
          <TextLine ID="eSc_line_67e387f9"
                    TAGREFS="LT83"
                    BASELINE="1153 1056 1568 1049" 
                    HPOS="1148.0"
                    VPOS="1016.0"
                    WIDTH="420.0"
                    HEIGHT="56.0">
            <Shape><Polygon POINTS="1153 1056 1148 1023 1561 1016 1568 1049 1566 1072 1153 1072"/></Shape>
	    <String CONTENT="de la desesperación,"
                    HPOS="1148.0"
                    VPOS="1016.0"
                    WIDTH="420.0"
                    HEIGHT="56.0"></String>
          </TextLine>

          
          
          <TextLine ID="eSc_line_4041ad3d"
                    TAGREFS="LT83"
                    BASELINE="1158 1097 1682 1087" 
                    HPOS="1153.0"
                    VPOS="1049.0"
                    WIDTH="529.0"
                    HEIGHT="71.0">
            <Shape><Polygon POINTS="1158 1097 1153 1051 1674 1049 1682 1087 1679 1109 1158 1120"/></Shape>
	    <String CONTENT="la vida es sólo un castigo."
                    HPOS="1153.0"
                    VPOS="1049.0"
                    WIDTH="529.0"
                    HEIGHT="71.0"></String>
          </TextLine>

          
          
          <TextLine ID="eSc_line_efa16dee"
                    TAGREFS="LT83"
                    BASELINE="1161 1145 1791 1132" 
                    HPOS="1156.0"
                    VPOS="1092.0"
                    WIDTH="635.0"
                    HEIGHT="73.0">
            <Shape><Polygon POINTS="1161 1145 1156 1104 1783 1092 1791 1132 1791 1147 1161 1165"/></Shape>
	    <String CONTENT="¡Dios de aquella pobre Antonia"
                    HPOS="1156.0"
                    VPOS="1092.0"
                    WIDTH="635.0"
                    HEIGHT="73.0"></String>
          </TextLine>

          
          
          <TextLine ID="eSc_line_ef838484"
                    TAGREFS="LT83"
                    BASELINE="1168 1190 1624 1181" 
                    HPOS="1161.0"
                    VPOS="1140.0"
                    WIDTH="460.0"
                    HEIGHT="78.0">
            <Shape><Polygon POINTS="1166 1188 1161 1147 1614 1140 1621 1180 1621 1198 1166 1218"/></Shape>
	    <String CONTENT="perdone los extravios!"
                    HPOS="1161.0"
                    VPOS="1140.0"
                    WIDTH="460.0"
                    HEIGHT="78.0"></String>
          </TextLine>

          
        </TextBlock>
        
        <TextBlock HPOS="878.0"
                   VPOS="1297.0"
                   WIDTH="551.0"
                   HEIGHT="69.0"
                   ID="eSc_textblock_defe3428"
                   TAGREFS="BT223">
          <Shape><Polygon POINTS="878 1297 878 1366 1429 1366 1429 1297"/></Shape>
          
          
          <TextLine ID="eSc_line_366377bf"
                    TAGREFS="LT84"
                    BASELINE="903 1350 1412 1345" 
                    HPOS="898.0"
                    VPOS="1271.0"
                    WIDTH="513.0"
                    HEIGHT="106.0">
            <Shape><Polygon POINTS="900 1347 898 1271 1406 1276 1411 1342 1409 1377 898 1370"/></Shape>
	    <String CONTENT="CONCLUSIÓN"
                    HPOS="898.0"
                    VPOS="1271.0"
                    WIDTH="513.0"
                    HEIGHT="106.0"></String>
          </TextLine>

          
        </TextBlock>
        
        <TextBlock HPOS="455.0"
                   VPOS="1397.0"
                   WIDTH="678.0"
                   HEIGHT="692.0"
                   ID="eSc_textblock_e4fde835"
                   TAGREFS="BT227">
          <Shape><Polygon POINTS="536 2080 455 2050 455 1415 992 1397 992 1453 1018 1453 1018 1501 1091 1501 1091 1586 1034 1586 1034 1660 1091 1660 1091 1775 1133 1775 1133 1958 1080 1958 1080 2089"/></Shape>
          
          
          <TextLine ID="eSc_line_9957d479"
                    TAGREFS="LT83"
                    BASELINE="511 1461 933 1456" 
                    HPOS="508.0"
                    VPOS="1405.0"
                    WIDTH="425.0"
                    HEIGHT="74.0">
            <Shape><Polygon POINTS="511 1461 508 1405 928 1408 933 1456 931 1474 511 1479"/></Shape>
	    <String CONTENT="En su celda solitaria,"
                    HPOS="508.0"
                    VPOS="1405.0"
                    WIDTH="425.0"
                    HEIGHT="74.0"></String>
          </TextLine>

          
          
          <TextLine ID="eSc_line_50886eb1"
                    TAGREFS="LT83"
                    BASELINE="468 1506 966 1499" 
                    HPOS="460.0"
                    VPOS="1451.0"
                    WIDTH="506.0"
                    HEIGHT="71.0">
            <Shape><Polygon POINTS="468 1506 460 1463 958 1451 966 1499 963 1519 468 1522"/></Shape>
	    <String CONTENT="allá en la Cárcel Modelo,"
                    HPOS="460.0"
                    VPOS="1451.0"
                    WIDTH="506.0"
                    HEIGHT="71.0"></String>
          </TextLine>

          
          
          <TextLine ID="eSc_line_fb168602"
                    TAGREFS="LT83"
                    BASELINE="468 1549 1044 1542" 
                    HPOS="462.0"
                    VPOS="1501.0"
                    WIDTH="582.0"
                    HEIGHT="69.0">
            <Shape><Polygon POINTS="468 1549 462 1504 1037 1501 1044 1542 1042 1557 468 1570"/></Shape>
	    <String CONTENT="Pepe se acuerda de Antonia,"
                    HPOS="462.0"
                    VPOS="1501.0"
                    WIDTH="582.0"
                    HEIGHT="69.0"></String>
          </TextLine>

          
          
          <TextLine ID="eSc_line_50b87429"
                    TAGREFS="LT83"
                    BASELINE="473 1597 1017 1585" 
                    HPOS="468.0"
                    VPOS="1544.0"
                    WIDTH="549.0"
                    HEIGHT="69.0">
            <Shape><Polygon POINTS="473 1597 468 1557 1009 1544 1017 1585 1014 1602 473 1613"/></Shape>
	    <String CONTENT="tal vez con remordimiento."
                    HPOS="468.0"
                    VPOS="1544.0"
                    WIDTH="549.0"
                    HEIGHT="69.0"></String>
          </TextLine>

          
          
          <TextLine ID="eSc_line_a606e6e8"
                    TAGREFS="LT83"
                    BASELINE="475 1640 941 1630" 
                    HPOS="470.0"
                    VPOS="1587.0"
                    WIDTH="471.0"
                    HEIGHT="69.0">
            <Shape><Polygon POINTS="475 1640 470 1595 933 1587 941 1630 938 1648 475 1656"/></Shape>
	    <String CONTENT="En otra ocasión estuvo"
                    HPOS="470.0"
                    VPOS="1587.0"
                    WIDTH="471.0"
                    HEIGHT="69.0"></String>
          </TextLine>

          
          
          <TextLine ID="eSc_line_1a2639cd"
                    TAGREFS="LT83"
                    BASELINE="475 1683 976 1678" 
                    HPOS="470.0"
                    VPOS="1638.0"
                    WIDTH="506.0"
                    HEIGHT="63.0">
            <Shape><Polygon POINTS="475 1683 470 1643 969 1638 976 1678 974 1691 475 1701"/></Shape>
	    <String CONTENT="por distinta causa preso,"
                    HPOS="470.0"
                    VPOS="1638.0"
                    WIDTH="506.0"
                    HEIGHT="63.0"></String>
          </TextLine>

          
          
          <TextLine ID="eSc_line_98a860e3"
                    TAGREFS="LT83"
                    BASELINE="480 1729 1060 1716" 
                    HPOS="475.0"
                    VPOS="1676.0"
                    WIDTH="585.0"
                    HEIGHT="73.0">
            <Shape><Polygon POINTS="480 1729 475 1688 1052 1676 1060 1716 1057 1734 480 1749"/></Shape>
	    <String CONTENT="y en vez de hallar correctivo"
                    HPOS="475.0"
                    VPOS="1676.0"
                    WIDTH="585.0"
                    HEIGHT="73.0"></String>
          </TextLine>

          
          
          <TextLine ID="eSc_line_b0742988"
                    TAGREFS="LT83"
                    BASELINE="475 1772 979 1762" 
                    HPOS="470.0"
                    VPOS="1719.0"
                    WIDTH="509.0"
                    HEIGHT="66.0">
            <Shape><Polygon POINTS="475 1772 470 1731 971 1719 979 1762 979 1779 475 1785"/></Shape>
	    <String CONTENT="salió peor, más perverso."
                    HPOS="470.0"
                    VPOS="1719.0"
                    WIDTH="509.0"
                    HEIGHT="66.0"></String>
          </TextLine>

          
          
          <TextLine ID="eSc_line_1b61b996"
                    TAGREFS="LT83"
                    BASELINE="475 1817 941 1810" 
                    HPOS="470.0"
                    VPOS="1769.0"
                    WIDTH="471.0"
                    HEIGHT="66.0">
            <Shape><Polygon POINTS="475 1817 470 1774 933 1769 941 1810 938 1827 475 1835"/></Shape>
	    <String CONTENT="Pero aquella reclusión,"
                    HPOS="470.0"
                    VPOS="1769.0"
                    WIDTH="471.0"
                    HEIGHT="66.0"></String>
          </TextLine>

          
          
          <TextLine ID="eSc_line_261f8af0"
                    TAGREFS="LT83"
                    BASELINE="475 1860 1130 1848" 
                    HPOS="470.0"
                    VPOS="1805.0"
                    WIDTH="660.0"
                    HEIGHT="81.0">
            <Shape><Polygon POINTS="475 1860 470 1820 1123 1805 1130 1848 1130 1881 1014 1883 1012 1883 1012 1883 1009 1883 1009 1883 1009 1883 1006 1883 1001 1881 979 1865 888 1878 877 1878 877 1878 875 1878 786 1876 607 1870 586 1873 503 1886 503 1886 500 1886 500 1886 500 1886 498 1886 498 1886 498 1886 470 1870"/></Shape>
	    <String CONTENT="que vuelve loco al que es bueno,"
                    HPOS="470.0"
                    VPOS="1805.0"
                    WIDTH="660.0"
                    HEIGHT="81.0"></String>
          </TextLine>

          
          
          <TextLine ID="eSc_line_5c87e077"
                    TAGREFS="LT83"
                    BASELINE="480 1898 981 1896" 
                    HPOS="475.0"
                    VPOS="1850.0"
                    WIDTH="506.0"
                    HEIGHT="71.0">
            <Shape><Polygon POINTS="480 1898 475 1860 974 1850 981 1896 979 1913 480 1921"/></Shape>
	    <String CONTENT="acaso haga ver más claro"
                    HPOS="475.0"
                    VPOS="1850.0"
                    WIDTH="506.0"
                    HEIGHT="71.0"></String>
          </TextLine>

          
          
          <TextLine ID="eSc_line_20308a09"
                    TAGREFS="LT83"
                    BASELINE="475 1949 1098 1939" 
                    HPOS="470.0"
                    VPOS="1886.0"
                    WIDTH="628.0"
                    HEIGHT="83.0">
            <Shape><Polygon POINTS="475 1949 470 1906 1090 1886 1098 1939 1095 1967 958 1949 789 1967 753 1969 751 1969 473 1964"/></Shape>
	    <String CONTENT="al que hasta ahora vivió ciego,"
                    HPOS="470.0"
                    VPOS="1886.0"
                    WIDTH="628.0"
                    HEIGHT="83.0"></String>
          </TextLine>

          
          
          <TextLine ID="eSc_line_6d138b65"
                    TAGREFS="LT83"
                    BASELINE="475 1992 1017 1982" 
                    HPOS="470.0"
                    VPOS="1941.0"
                    WIDTH="547.0"
                    HEIGHT="69.0">
            <Shape><Polygon POINTS="475 1992 470 1951 1009 1941 1017 1982 1014 1997 475 2010"/></Shape>
	    <String CONTENT="si es que no acaba sus días"
                    HPOS="470.0"
                    VPOS="1941.0"
                    WIDTH="547.0"
                    HEIGHT="69.0"></String>
          </TextLine>

          
          
          <TextLine ID="eSc_line_d8df8470"
                    TAGREFS="LT83"
                    BASELINE="478 2037 1057 2022" 
                    HPOS="473.0"
                    VPOS="1982.0"
                    WIDTH="584.0"
                    HEIGHT="101.0">
            <Shape><Polygon POINTS="478 2037 473 1992 1049 1982 1057 2022 1057 2055 963 2083 961 2083 961 2083 958 2083 475 2070"/></Shape>
	    <String CONTENT="de un presidio en el encierro."
                    HPOS="473.0"
                    VPOS="1982.0"
                    WIDTH="584.0"
                    HEIGHT="101.0"></String>
          </TextLine>

          
        </TextBlock>
        
        <TextBlock HPOS="1156.0"
                   VPOS="1385.0"
                   WIDTH="627.0"
                   HEIGHT="766.0"
                   ID="eSc_textblock_27f86c51"
                   TAGREFS="BT227">
          <Shape><Polygon POINTS="1773 2111 1191 2151 1156 2117 1156 1775 1156 1453 1185 1453 1185 1390 1333 1385 1692 1395 1783 1456"/></Shape>
          
          
          <TextLine ID="eSc_line_2192f915"
                    TAGREFS="LT83"
                    BASELINE="1211 1448 1687 1438" 
                    HPOS="1209.0"
                    VPOS="1355.0"
                    WIDTH="478.0"
                    HEIGHT="108.0">
            <Shape><Polygon POINTS="1211 1448 1209 1390 1419 1390 1439 1372 1454 1360 1454 1357 1454 1357 1457 1357 1457 1357 1459 1357 1459 1357 1459 1357 1462 1357 1462 1357 1520 1365 1550 1370 1555 1362 1558 1360 1561 1360 1561 1357 1561 1357 1563 1357 1563 1357 1563 1357 1566 1357 1566 1357 1566 1357 1679 1355 1687 1438 1685 1461 1211 1463"/></Shape>
	    <String CONTENT="La opinión horrorizada"
                    HPOS="1209.0"
                    VPOS="1355.0"
                    WIDTH="478.0"
                    HEIGHT="108.0"></String>
          </TextLine>

          
          
          <TextLine ID="eSc_line_7f095586"
                    TAGREFS="LT83"
                    BASELINE="1168 1491 1760 1486" 
                    HPOS="1163.0"
                    VPOS="1448.0"
                    WIDTH="597.0"
                    HEIGHT="63.0">
            <Shape><Polygon POINTS="1168 1491 1163 1453 1753 1448 1760 1486 1760 1501 1168 1511"/></Shape>
	    <String CONTENT="por crímenes tan horrendos,"
                    HPOS="1163.0"
                    VPOS="1448.0"
                    WIDTH="597.0"
                    HEIGHT="63.0"></String>
          </TextLine>

          
          
          <TextLine ID="eSc_line_c2a7eefe"
                    TAGREFS="LT83"
                    BASELINE="1171 1539 1667 1527" 
                    HPOS="1166.0"
                    VPOS="1486.0"
                    WIDTH="501.0"
                    HEIGHT="76.0">
            <Shape><Polygon POINTS="1171 1539 1166 1499 1659 1486 1667 1527 1664 1549 1171 1562"/></Shape>
	    <String CONTENT="pide ejemplares castigos"
                    HPOS="1166.0"
                    VPOS="1486.0"
                    WIDTH="501.0"
                    HEIGHT="76.0"></String>
          </TextLine>

          
          
          <TextLine ID="eSc_line_602f63ba"
                    TAGREFS="LT83"
                    BASELINE="1171 1582 1717 1570" 
                    HPOS="1166.0"
                    VPOS="1527.0"
                    WIDTH="551.0"
                    HEIGHT="73.0">
            <Shape><Polygon POINTS="1171 1582 1166 1544 1710 1527 1717 1570 1717 1587 1171 1600"/></Shape>
	    <String CONTENT="para esos hombres funestos"
                    HPOS="1166.0"
                    VPOS="1527.0"
                    WIDTH="551.0"
                    HEIGHT="73.0"></String>
          </TextLine>

          
          
          <TextLine ID="eSc_line_1c797b7a"
                    TAGREFS="LT83"
                    BASELINE="1171 1628 1710 1615" 
                    HPOS="1166.0"
                    VPOS="1575.0"
                    WIDTH="544.0"
                    HEIGHT="70.0">
            <Shape><Polygon POINTS="1171 1628 1166 1587 1702 1575 1710 1615 1707 1630 1171 1645"/></Shape>
	    <String CONTENT="que viven para hacer daño"
                    HPOS="1166.0"
                    VPOS="1575.0"
                    WIDTH="544.0"
                    HEIGHT="70.0"></String>
          </TextLine>

          
          
          <TextLine ID="eSc_line_becc4887"
                    TAGREFS="LT83"
                    BASELINE="1171 1671 1773 1661" 
                    HPOS="1166.0"
                    VPOS="1610.0"
                    WIDTH="607.0"
                    HEIGHT="81.0">
            <Shape><Polygon POINTS="1171 1671 1166 1630 1765 1610 1773 1661 1768 1686 1659 1676 1598 1688 1591 1688 1591 1688 1591 1691 1171 1691"/></Shape>
	    <String CONTENT="constantemente á los buenos;"
                    HPOS="1166.0"
                    VPOS="1610.0"
                    WIDTH="607.0"
                    HEIGHT="81.0"></String>
          </TextLine>

          
          
          <TextLine ID="eSc_line_9d4a4489"
                    TAGREFS="LT83"
                    BASELINE="1171 1716 1712 1706" 
                    HPOS="1166.0"
                    VPOS="1663.0"
                    WIDTH="546.0"
                    HEIGHT="68.0">
            <Shape><Polygon POINTS="1171 1716 1166 1676 1705 1663 1712 1706 1710 1724 1171 1731"/></Shape>
	    <String CONTENT="porque si no de otro modo,"
                    HPOS="1166.0"
                    VPOS="1663.0"
                    WIDTH="546.0"
                    HEIGHT="68.0"></String>
          </TextLine>

          
          
          <TextLine ID="eSc_line_2007c26f"
                    TAGREFS="LT83"
                    BASELINE="1171 1759 1722 1747" 
                    HPOS="1166.0"
                    VPOS="1706.0"
                    WIDTH="556.0"
                    HEIGHT="66.0">
            <Shape><Polygon POINTS="1171 1759 1166 1714 1715 1706 1722 1747 1720 1762 1171 1772"/></Shape>
	    <String CONTENT="daño hacen con el ejemplo;"
                    HPOS="1166.0"
                    VPOS="1706.0"
                    WIDTH="556.0"
                    HEIGHT="66.0"></String>
          </TextLine>

          
          
          <TextLine ID="eSc_line_60c6b331"
                    TAGREFS="LT83"
                    BASELINE="1171 1802 1750 1792" 
                    HPOS="1166.0"
                    VPOS="1752.0"
                    WIDTH="584.0"
                    HEIGHT="70.0">
            <Shape><Polygon POINTS="1171 1802 1166 1762 1743 1752 1750 1792 1748 1815 1171 1822"/></Shape>
	    <String CONTENT="que nada hay que desaliente"
                    HPOS="1166.0"
                    VPOS="1752.0"
                    WIDTH="584.0"
                    HEIGHT="70.0"></String>
          </TextLine>

          
          
          <TextLine ID="eSc_line_536a4424"
                    TAGREFS="LT83"
                    BASELINE="1171 1848 1718 1837" 
                    HPOS="1163.0"
                    VPOS="1797.0"
                    WIDTH="554.0"
                    HEIGHT="63.0">
            <Shape><Polygon POINTS="1168 1845 1163 1807 1710 1797 1717 1835 1715 1855 1168 1860"/></Shape>
	    <String CONTENT="como ver impunes hechos"
                    HPOS="1163.0"
                    VPOS="1797.0"
                    WIDTH="554.0"
                    HEIGHT="63.0"></String>
          </TextLine>

          
          
          <TextLine ID="eSc_line_cf9c302c"
                    TAGREFS="LT83"
                    BASELINE="1173 1888 1736 1884" 
                    HPOS="1168.0"
                    VPOS="1845.0"
                    WIDTH="567.0"
                    HEIGHT="58.0">
            <Shape><Polygon POINTS="1171 1886 1168 1845 1730 1845 1735 1883 1733 1903 1171 1903"/></Shape>
	    <String CONTENT="que repugna la conciencia,"
                    HPOS="1168.0"
                    VPOS="1845.0"
                    WIDTH="567.0"
                    HEIGHT="58.0"></String>
          </TextLine>

          
          
          <TextLine ID="eSc_line_c89adb44"
                    TAGREFS="LT83"
                    BASELINE="1173 1934 1609 1929" 
                    HPOS="1168.0"
                    VPOS="1886.0"
                    WIDTH="441.0"
                    HEIGHT="63.0">
            <Shape><Polygon POINTS="1173 1934 1168 1896 1601 1886 1609 1929 1604 1949 1171 1946"/></Shape>
	    <String CONTENT="repetidos con exceso,"
                    HPOS="1168.0"
                    VPOS="1886.0"
                    WIDTH="441.0"
                    HEIGHT="63.0"></String>
          </TextLine>

          
          
          <TextLine ID="eSc_line_93f73ad7"
                    TAGREFS="LT83"
                    BASELINE="1176 1977 1743 1967" 
                    HPOS="1171.0"
                    VPOS="1919.0"
                    WIDTH="572.0"
                    HEIGHT="75.0">
            <Shape><Polygon POINTS="1176 1977 1171 1939 1735 1919 1743 1967 1740 1992 1176 1994"/></Shape>
	    <String CONTENT="sin que el castigo acompañe"
                    HPOS="1171.0"
                    VPOS="1919.0"
                    WIDTH="572.0"
                    HEIGHT="75.0"></String>
          </TextLine>

          
          
          <TextLine ID="eSc_line_cfad00ac"
                    TAGREFS="LT83"
                    BASELINE="1176 2025 1690 2017" 
                    HPOS="1168.0"
                    VPOS="1977.0"
                    WIDTH="519.0"
                    HEIGHT="60.0">
            <Shape><Polygon POINTS="1173 2022 1168 1982 1679 1977 1687 2015 1685 2035 1173 2037"/></Shape>
	    <String CONTENT="á los que viven sin freno"
                    HPOS="1168.0"
                    VPOS="1977.0"
                    WIDTH="519.0"
                    HEIGHT="60.0"></String>
          </TextLine>

          
          
          <TextLine ID="eSc_line_befcd4a1"
                    TAGREFS="LT83"
                    BASELINE="1178 2065 1662 2060" 
                    HPOS="1173.0"
                    VPOS="2020.0"
                    WIDTH="489.0"
                    HEIGHT="63.0">
            <Shape><Polygon POINTS="1178 2065 1173 2022 1654 2020 1662 2060 1662 2073 1178 2083"/></Shape>
	    <String CONTENT="revolcándose en el lodo"
                    HPOS="1173.0"
                    VPOS="2020.0"
                    WIDTH="489.0"
                    HEIGHT="63.0"></String>
          </TextLine>

          
          
          <TextLine ID="eSc_line_99e53a0b"
                    TAGREFS="LT83"
                    BASELINE="1186 2111 1758 2106" 
                    HPOS="1181.0"
                    VPOS="2063.0"
                    WIDTH="577.0"
                    HEIGHT="75.0">
            <Shape><Polygon POINTS="1186 2111 1181 2068 1750 2063 1758 2106 1755 2126 1186 2138"/></Shape>
	    <String CONTENT="de los vicios más funestos."
                    HPOS="1181.0"
                    VPOS="2063.0"
                    WIDTH="577.0"
                    HEIGHT="75.0"></String>
          </TextLine>

          
        </TextBlock>
        
        <TextBlock HPOS="1075.0"
                   VPOS="2225.0"
                   WIDTH="186.0"
                   HEIGHT="89.0"
                   ID="eSc_textblock_9b9dfa51"
                   TAGREFS="BT226">
          <Shape><Polygon POINTS="1075 2225 1075 2314 1261 2314 1261 2225"/></Shape>
          
          
          <TextLine ID="eSc_line_86ba5108"
                    TAGREFS="LT82"
                    BASELINE="1108 2285 1222 2280" 
                    HPOS="1100.0"
                    VPOS="2199.0"
                    WIDTH="122.0"
                    HEIGHT="139.0">
            <Shape><Polygon POINTS="1108 2285 1100 2212 1214 2199 1222 2280 1219 2315 1184 2310 1168 2328 1163 2331 1163 2333 1161 2333 1158 2333 1108 2338"/></Shape>
	    <String CONTENT="FIN"
                    HPOS="1100.0"
                    VPOS="2199.0"
                    WIDTH="122.0"
                    HEIGHT="139.0"></String>
          </TextLine>

          
        </TextBlock>
        

        
      </PrintSpace>
    </Page>
  </Layout>
</alto>
