1860 2629
168.0 1463.0 1378.0 193.0 LA ESTISORA

543 1599 656 105 TERCERA PART

76.0 1678.0 1571.0 129.0 La mes retalladora que s' ha conegut hasta la hora present

116.0 1831.0 1476.0 101.0 Versos escrits ab las puntas de la mateixa estisora, per J. F.

96.0 1991.0 662.0 90.0 Gent de Deu: ya arribat la hora,

54.0 2041.0 527.0 55.0 que ha sortit una estisora

57.0 2081.0 465.0 68.0 més talladora que cap;

54.0 2127.0 503.0 66.0 tot ho retalla á tot drap.

98.0 2166.0 546.0 73.0 Es una de las mes grossas,

54.0 2217.0 636.0 78.0 en sa vida hi ha tingut mossas;

57.0 2260.0 546.0 71.0 y arriba á fe tants treballs,

54.0 2302.0 492.0 66.0 que hasta retalla retalls.

100.0 2339.0 586.0 88.0 No se ha escapat may un gat

54.0 2398.0 459.0 95.0 sense está ben retallat.

973.0 2006.0 549.0 73.0 En la vida ha estat peruca

934.0 2041.0 588.0 88.0 perque fins mossega y truca:

936.0 2103.0 509.0 63.0 Y com que aixó es catalá

934.0 2140.0 471.0 70.0 se te de parla molt clá.

978.0 2177.0 581.0 83.0 Yo no se si 'm faré entendre

934.0 2236.0 616.0 64.0 pero ya 'm sabreu compendre,

934.0 2278.0 463.0 55.0 vosaltres ya sou astuts

938.0 2315.0 494.0 66.0 y no sou gaire aurelluts.

940.0 2357.0 562.0 72.0 Yo 'm pensu tenir bon llavi

936.0 2405.0 594.0 94.0 pero soch mes ruch que sabi,
