1880 2592
525.0 1209.0 693.0 93.0 LAS TRES CANCIONES

363.0 1319.0 983.0 139.0 LA CASTAÑERA DE MADRID

455.0 1438.0 800.0 149.0 LOS TOROS DEL PUERTO

175.0 1589.0 1367.0 162.0 EL NUEVO TANGO AMERICANO

166.0 1857.0 586.0 71.0 Aunque vendo castañas asaás

127.0 1915.0 618.0 54.0 aguantando las lluvias y el frío

127.0 1952.0 666.0 63.0 con mi garbo y mis medias calaás

131.0 1995.0 551.0 85.0 soy la reina para mi querio.

246.0 2067.0 443.0 73.0 Calentitas yo las vendo

203.0 2108.0 382.0 69.0 sin moneda se darán

209.0 2155.0 514.0 67.0 que á rumbOsa no me ganan

209.0 2196.0 365.0 61.0 las Usias de gaban.

209.0 2237.0 342.0 63.0 Que à rumbosa sì,

209.0 2283.0 305.0 54.0 no me ganan no,

209.0 2319.0 363.0 80.0 las Usias de gaban.

907.0 1859.0 620.0 82.0 Lo mas malo de todos los males

868.0 1913.0 573.0 56.0 es sufrir un desaire á la cara

873.0 1954.0 583.0 61.0 encontrar á mi paje ¡puñales!

870.0 1995.0 538.0 74.0 y con otra pelando la pava.

950.0 2056.0 627.0 73.0 Calentitas que ahora queman, etc.

911.0 2112.0 668.0 80.0 Lo que hay entre todos los hombres

870.0 2179.0 703.0 63.0 que entre todos ocultan sus mañas,

870.0 2220.0 584.0 56.0 quien pudiera cogerlos á ellos

868.0 2263.0 599.0 63.0 en hornillo como las castañas.

1050.0 2311.0 520.0 93.0 Calentitas yo las vendo, etc.
