1753 2480
857 16 141 74 — 3 —

206 89 330 46 hacerse esperar...

165 86 587 89 Rob. Ya estoy.

165 140 547 80 Diego. Lo que si debes hacer

199 197 463 59 de esta original tragedia,

162 230 558 82 Rob. o mejor dicho, comedia.

162 281 312 88 Diego. Comedia.

159 314 661 86 Rob. Vamos á ver.

159 365 521 75 Diego. Es tu papel estudiar

192 413 403 65 con mucha aplicacion.

155 449 527 81 Rob. Tocante á declamacion,

192 508 470 63 tio, no hay que aconsejar.

230 548 441 84 Porque tiene mas parola

188 593 305 60 esta lengua de...

152 620 714 111 Diego. Bien, bien (entra en su cuarto.)

148 679 596 84 Rob. Que no tiene... no sé quién

183 726 379 84 en toda su barcarola.

370 869 269 81 ESCENA II.

133 1003 549 63 Rob. Pues señor, lindo suceso

169 1041 477 68 cuando venga el zapatero;

169 1092 485 63 pero ¿qué me importa eso?

166 1135 459 59 lo primero es lo primero.

201 1178 405 64 ¡Oh tio! por Barrabás,

165 1220 624 84 que aunque su ocurrencia es tuna,

165 1268 451 60 la acato; pues mi fortuna

161 1311 652 87 ha labrado. ¿quiero mas?.........

195 1355 389 62 Esta mañana me fui,

157 1394 479 77 obediente á sus mandatos,

155 1445 438 65 á buscar los mentacatos

154 1489 463 73 de Pablo y Miguel; y allí,

152 1538 417 57 en casa el segundo, ví

150 1580 410 63 en un sillon recostada,

151 1625 409 51 señorita, que anonada

148 1667 474 67 con su mirada hechicera,

147 1709 493 71 del hombre cuanto pudiera

144 1756 458 68 de la mujer todo ó nada.

179 1800 525 77 Digo que si hasta el presente

140 1847 354 63 mujeres detesté yo,

139 1897 366 47 con su mirada hiriò

139 1939 430 60 mi corazon y mi frente.

137 1984 454 63 ¿Mi corazon? ciertamente

136 2028 430 60 que ahora latiendo está.

135 2070 435 58 ¿Mi frente? me trae ¡ah!

133 2112 596 75 su imágen, que es de ángel puro,

133 2164 465 61 y en trance tal, de seguro

132 2209 503 68 quien no se rinda no habrá.

545 2273 160 52 (pausa.)

168 2295 456 80 Muy entusiasmado estaba

977 85 510 76 Miguel postrado en el suelo

975 133 451 69 cuando medida tomaba

981 174 510 72 del lindo pié, que ostentaba

977 224 510 69 el angelito del cielo.

1017 268 503 75 Y entrando en conversacion

979 311 477 72 dulce, prolija y dichosa

971 365 401 56 conmigo, declaracion

970 400 478 68 me hizo, con resignacion,

967 450 464 69 de serme sincera esposa.

1004 496 478 66 Mencionándome riquezas,

964 534 451 70 que un todo hacen feliz,

971 581 477 67 la dije ¡oh! me interesas:

964 629 389 62 y ella dijo: soy actríz

961 675 495 67 con muy notables proezas.

1000 719 387 66 Y si conmigo ser rico

953 760 518 72 quieres, á la par que esposo,

952 807 528 67 debes ser tú tambien cómico,

959 852 375 66 y besándola su pico

949 898 409 59 cómico, dije, gracioso.

986 947 403 57 Dejemos de alambicar

948 983 554 76 que el tiempo urge; y es mejor,

946 1038 456 60 para mi amor demostrar.

946 1085 332 43 un soneto dedicar

945 1113 442 73 á la prenda de mi amor

901 1149 726 91 (Va á la mesa y escribe. Sale Inés con mu-

938 1211 695 92 cha precaucion por la puerta del fondo en

937 1264 391 77 cuyo umbral se queda.)

1116 1372 286 65 ESCENA III.

891 1463 517 63 Inés. Contentadizo y alegre

926 1505 476 68 está escribiendo Robreño;

924 1555 422 59 yo descubriré el objeto

921 1599 454 63 de esta alegría sin freno.

960 1645 416 59 Porque á Inesita, José,

921 1685 480 67 perspicaz y astuta en todo,

920 1730 391 63 no se la pegan poetas,

919 1780 497 60 sabios, ni menos los tontos.

953 1824 364 53 Acercándomele iré,

916 1871 518 62 y echando á la vuelta el ojo,

913 1913 438 58 pasaré al campo revista

912 1955 597 75 por si hay en campaña un moro.

952 1999 511 74 Y á ser, como bien pudiera,

906 2044 423 62 el tal moro mitológico,

906 2092 444 61 diré á Robreño perdone

906 2136 426 64 de este mi paso celoso.

946 2179 576 69 Mas si el moro está en campaña

905 2227 469 67 con sus faldas y su moño,

905 2269 467 71 diré á José con desprecio:

906 2316 492 82 quiero ver la cara al moro.
