1753 2480
167.0 49.0 614.0 68.0 ¡ó quién de amor no supiera!

214.0 88.0 555.0 73.0 De mi dolor te doy parte,

167.0 132.0 595.0 82.0 pues me esplico enternecido,

169.0 196.0 560.0 72.0 ¡ ó quien antes de adorarte

167.0 235.0 506.0 83.0 no te hubiera conocido!

171.0 295.0 519.0 77.0 para no llegar á amarte.

223.0 345.0 506.0 82.0 Mi martirio ponderarte

173.0 400.0 445.0 75.0 amada prenda no sé,

175.0 452.0 482.0 75.0 será preciso olvidarte,

177.0 496.0 496.0 86.0 si me preguntas porqué

179.0 555.0 558.0 69.0 porque sino he de gozarte.

229.0 599.0 560.0 78.0 En fin, mi fué solo espera

177.0 657.0 494.0 76.0 de tí un íntimo favor,

181.0 706.0 534.0 71.0 que me muero considera,

181.0 766.0 554.0 68.0 mas sino premias mi amor

183.0 808.0 598.0 80.0 de que sirve que te quiera?

138.0 857.0 670.0 89.0 IV. Llegó el dia ¡trance fuerte!

186.0 915.0 587.0 79.0 de mi ausencia ¡qué rigor!

192.0 969.0 603.0 70.0 ya me despido ¡ qué muerte !

190.0 1033.0 502.0 62.0 lloremos juntos los dos.

239.0 1072.0 558.0 68.0 Mi vida por no perderte,

194.0 1126.0 517.0 70.0 mas apreciara el morir,

194.0 1180.0 527.0 66.0 mejor quisiera la muerte,

196.0 1229.0 504.0 64.0 que no llegarte á decir

196.0 1279.0 589.0 70.0 llegó el dia ¡trance fuerte!

250.0 1328.0 624.0 81.0 No hay dolor que á mi dolor

202.0 1384.0 546.0 75.0 le iguale, y asi te digo,

202.0 1434.0 496.0 74.0 que no me falta valor,

204.0 1490.0 538.0 70.0 y el cielo solo es testigo

204.0 1535.0 587.0 79.0 de mi ausencia ¡qué rigor!

258.0 1585.0 645.0 74.0 Posible es que no he de verte,

210.0 1638.0 643.0 75.0 y he de ausentarme y dejarte,

210.0 1690.0 604.0 74.0 ya te quedas !trance fuerte!

208.0 1746.0 496.0 68.0 el corazon se me parte,

210.0 1793.0 616.0 73.0 ya me despido ¡ qué muerte!

262.0 1843.0 525.0 72.0 Recibe el último á Dios,

214.0 1899.0 517.0 70.0 que no puedo imaginar,

217.0 1957.0 527.0 66.0 que al apartarme de vos,

219.0 2008.0 525.0 66.0 ya mi remedio es llorar,

217.0 2052.0 498.0 68.0 lloremos juntos los dos.

173.0 2116.0 546.0 64.0 V. Cuantas veces pasarás

221.0 2157.0 599.0 75.0 por donde yo esté enterrado,

219.0 2207.0 479.0 70.0 ni una vez sola dirás,

225.0 2256.0 517.0 91.0 Dios te haya perdonado.

1004.0 45.0 484.0 54.0 De otro te enamoraras,

959.0 78.0 502.0 74.0 y le dirás mil ternuras,

955.0 126.0 423.0 64.0 con él te divertirás

959.0 177.0 492.0 79.0 y asi por mi sepultura

959.0 241.0 463.0 64.0 cuantas veces pasarás.

1012.0 281.0 459.0 78.0 De tí no seré llorado

963.0 336.0 531.0 71.0 por ser tu pasion escasa,

965.0 386.0 525.0 79.0 mas despues de sepultado

965.0 442.0 510.0 74.0 te reconvendrás si pasas

971.0 483.0 595.0 83.0 por donde yo esté enterrado.

1019.0 551.0 440.0 58.0 Mi cariño olvidarás,

971.0 591.0 554.0 76.0 si otro en tí pusiere amor,

971.0 653.0 488.0 64.0 gusto en todo le darás

973.0 696.0 579.0 72.0 y un requiescant con dolor,

973.0 752.0 469.0 72.0 ni una vez sola dirás.

1025.0 799.0 564.0 75.0 En fin no tendrás cuidado,

981.0 851.0 596.0 74.0 que me salve ó me condene,

983.0 911.0 476.0 72.0 pero quedaré pagado,

983.0 961.0 470.0 70.0 si de caridad digeres,

988.0 1008.0 535.0 77.0 Dios te haya perdonado.

944.0 1058.0 651.0 86.0 VI. Si me quieren, correspondo

983.0 1124.0 530.0 66.0 sino, no me dá cuidado,

986.0 1171.0 618.0 69.0 amor, no me quita el sueño,

988.0 1215.0 508.0 74.0 nunca he sido porfiado.

1039.0 1264.0 569.0 71.0 Como es el mundo redondo

992.0 1320.0 572.0 72.0 á nada le muestro aprecio,

994.0 1374.0 577.0 64.0 si me preguntan, respondo,

996.0 1421.0 589.0 75.0 si me desprecian, desprecio,

996.0 1481.0 591.0 66.0 si me quieren, correspondo.

1046.0 1529.0 591.0 76.0 Cuando de amor he tratado,

994.0 1581.0 490.0 74.0 con desconfianza vivo,

998.0 1640.0 492.0 71.0 yo por no ser porfiado,

998.0 1688.0 500.0 72.0 si me lo dan, lo recibo,

998.0 1738.0 564.0 68.0 si no, no me dá cuidado.

1052.0 1789.0 651.0 62.0 De esto el mundo dá el diseño

1002.0 1845.0 542.0 60.0 en las edades tempranas.

1004.0 1888.0 591.0 79.0 yo por nadie me despeño,

1006.0 1946.0 618.0 66.0 yo como y bebo con ganas,

1012.0 1998.0 689.0 68.0 y amor no me quita le sueño,

1056.0 2046.0 647.0 78.0 Nunca á nadie le he rogado.

1004.0 2097.0 608.0 77.0 ni en tal espejo se vieran,

1006.0 2149.0 604.0 78.0 mi amor ha sido estimado;

1010.0 2209.0 561.0 72.0 pero para que le quieran

1006.0 2256.0 509.0 85.0 nunca he sido porfiado.
