1130 1601
480 92 104 40 —19—

171 131 731 45 —En fin, ayer me has ofrecido tus ahorros: yo no quiero

139 168 763 44 sino una parte de ellos. Hoy mismo tomarás un luis de oro

141 204 762 45 y lo pondrás en el tronco del primer sáuce que está á la

139 240 763 41 entrada del pueblo, pero sin detenerte un minuto ni volver

140 275 761 46 la cabeza por curiosidad. ¿Me lo prometes?... es un secreto.

167 310 520 43 —¿Puedo yo negarte nada, Ana?... iré.

168 344 734 44 —Está bien; ahora toma esta sortija que me he olvidado

140 380 763 45 de dar á Miguel, se la entregarás en memoria mia: dile que

139 417 764 41 no me olvide, que no dude de mi inocencia y que me

141 454 119 43 perdone.

170 488 247 40 —Está bien, Ana.

169 520 732 44 —Tambien á tí quiero darte algo para que recuerdes á la

140 557 761 43 pobre Ana; toma esta cruz de plata, una prenda que me

141 591 760 44 dió mi madre al morir, y que desde hoy quiero que te per-

139 629 136 41 tenezca...

184 658 718 47 Las lágrimas interrumpieron á la pobre jóven; Blas cayó

139 697 688 41 de rodillas besando sus manos y sollozando tambien.

183 730 661 43 En aquel momento se abrió la puerta del calabozo.

181 764 719 46 Eran los gendarmes que se presentaban para conducirla

140 800 716 44 al tribunal. Ana marchó tristemente á oir su sentencia.

181 838 715 40 Blas salió de la cárcel con el corazon transido de dolor,

138 873 759 40 si bien llevaba el consuelo de que iba á servir de algo á Ana.

141 905 635 45 y de que poseia una cruz que esta le habia dado.

182 940 718 44 Es preciso confesar de que á pesar de su tosca aparien-

137 975 762 43 cia y abultados mofletes, era un hermoso corazon el del

137 1010 760 43 muchacho, único que no habia sospechado de la culpabi-

138 1044 760 47 lidad de Ana, y el más dispuesto á sacrificarse por la mu-

138 1081 113 38 chacha.

182 1113 716 43 Blas tenia, como ya hemos dicho, tres luises de oro re-

138 1150 760 40 lucientes como el sol, fruto de no sabemos cuántos años de

137 1186 759 41 ahorros, y los guardaba en una hucha de barro que le habia

139 1221 460 41 costado tres cuartos ó pocos menos.

180 1254 717 43 Pues bien, el jóven, decidido á hacer el favor por com-

139 1290 756 40 pleto, fué á su casa y rompió la hucha sacando el dinero.

181 1322 614 45 Porque en medio de todo habia calculado bien.

181 1357 716 47 Si aquel dinero, como no podia menos, era para alguien

137 1392 759 47 que le esperaba, mucho más podia hacer con los tres luises
