1024 1380
185 0 35 23 24

165 31 374 34 acero, de fuegos, y rayos,

164 54 372 38 que decia : Iré haré, y asom-

164 83 375 41 braré, que tenia el consejo

161 116 377 38 de la muerte, en que orde-

161 147 377 37 naba incendios de Pueblos,

161 177 377 35 saqueos de Provincias, y don-

158 207 380 37 de tantos dragones bebian las

158 236 374 38 lagrimas de los inocentes Pue-

158 268 374 38 blos, sin tener un atamo de

154 298 373 39 compasion. Un Gigante que

154 328 376 39 ponia monte sobre monte,

155 358 374 39 para subir en medio del hier-

156 388 372 39 ro, y del fuego, hasta el

156 418 371 37 Trono del Altisimo, veisle

153 447 374 39 aqui vencido, muerto, he-

152 481 374 35 cho pedazos, y bañado en

155 513 371 35 sangre por una muger, que

154 540 372 35 le cortó la cabeza ; y un

152 568 372 38 Ejercito que deshacia peñas,

150 598 374 39 que secaba los rios, que ha-

150 630 374 37 cia sombra al Sol con la

151 659 373 35 multitud de sus volantes fle-

148 688 372 35 chas, destrozado, derrota-

149 719 371 36 do, y hecho mil pedazos por

149 749 367 39 la empresa de una Judith.

192 778 324 34 Nunca la virtuosa Judith

147 808 369 39 se dió la alabanza de esta

144 837 372 50 obra ; Dios fue quien obra-

552 31 373 39 ba en ella, quien la guiaba

549 61 4 30 la mano, fortificaba su bra-

552 88 369 40 zo, la daba el espiritu de

552 118 370 37 prudencia, el ardor de ani-

552 147 369 38 mo, y el alma de su alma.

550 177 371 36 O qué grande es este Dios

550 207 368 36 de los Dioses! Qué formi-

547 236 371 35 dable es este Dios de los

547 266 371 39 Ejercitos! Quién es el que

547 295 366 40 no teme á Dios, ni á su Jus-

546 326 369 38 ticia sino es quien no le co-

546 356 368 39 noce? Qué de torres de or-

546 387 367 39 gullo han caido de lo alto,

544 417 370 36 y aun caerán debajo de sus

544 446 368 40 manos? Qué de Gigantes aba-

545 481 365 33 tidos, y metidos en los In-

544 509 367 38 fiernos despues de haber en-

544 538 369 36 cendido los braseros de la

539 568 371 37 concupiscencia en la tierra,

539 598 370 38 se abrasarán en las llamas

543 629 365 36 por eterno sacrificio que sus

543 658 365 37 penas darán á la Justicia Di-

538 687 367 37 vina! Teman todos su rigor,

538 718 369 36 y buscandole por medio de

533 748 373 39 la Penitencia, trocarán todo

533 778 372 34 su rigor en blandura, toda su

533 808 372 39 justicia en misericordia, y

533 837 260 50 toda su ira en amor.

433 982 186 74 FIN.
