930 1481
186 39 49 37 22

437 39 239 38 Historia verdadera

145 68 766 52 do, que bastò para alumbrar è inflamar al mundo,

148 111 768 51 y para dejar en la Iglesia Catholica ilustrisimos triun-

144 157 772 51 fos, y nobilifimos trofeos de su gloria, y exemplo

143 199 771 49 para todos los fieles, honrandole Dios en este mun-

139 241 775 50 do con muchisimos Templos, donde se aplauden

140 287 771 47 sus muchas virtudes, y obrando en honor suyo in-

139 329 772 47 finitos milagros, á gloria y honor de este santo

139 370 771 52 Martyr Español, honra de toda España, y señala-

138 414 771 50 damente de su Patria, la inclyta Ciudad de Huesca.

158 458 748 51 Despues de este glorioso martyrio, viendose,

135 498 772 53 afrentado el Tyrano Emperador, rebolviò su saña

139 546 767 48 y furor contra otros: santos Martyres, especial-

133 585 773 52 mente contra los ilustres compañeros de San Lo-

132 629 773 50 renzo, y á quién el Santo havia convertido à la Fè

130 673 772 50 de Jesu-Christo, como San Hypolito, San Roman,

130 714 773 54 que viò el Angel que le limpiaba el sudor, San

131 760 772 50 Justino, y San Casiano. Luego que supo como San

127 800 774 50 Hypolito, á quien havia encomendado la guarda

126 844 774 50 de San Lorenzo, se havia convertido á la Religion

126 888 771 45 Catholica, le mandò traher á su presencia. Pre-

126 933 771 47 guntòle el impio Emperador Valeriano, què reli-

125 971 772 52 gion profesaba? Y el Santo libremente le respon-

121 1016 773 48 diò., que la misma que los Christianos. Al punto

121 1060 771 49 le mandò desnudar, y darle cruelisimos azotes. Mas

120 1105 772 46 viendo, que quanto mas le atormentaba, mas fir-

118 1145 772 48 me, y constante estaba en la Fè de Jesu-Christo,

120 1190 780 49 procurò atraherle con caricias, y dadivas : pero el

116 1232 770 49 Santo lo despreciò, y desde entonces fue entrega-

116 1274 773 51 do al Prefecto para que le quitase la vida. Fue este

116 1321 778 62 luego á su casa para echarse sobre sus bienes; y ha-

781 1364 68 57 vien-
