1860 2629
155 76 31 59 2

168 124 1420 96 La escena representa un recibido. A la dreta al primé terme, una porta que va al cuarto del

146 167 1439 97 senyor Cosme. Segon terme, un balcó que dona al carré. A la esquerra á primé terme una

143 204 1443 96 porta que va 'l cuarto de Joanet;y al segon terme altre porta que dona al hortet. Porta al

143 236 467 61 foro que es la que vá al carré.

163 267 1422 103 Al mij de la escena y haurá una taula y á sobre de ella y haurá un tinté un papé y dos ó

141 305 1442 101 tres llibres, Per las parets, arrimadas tres ó cuatre cadiras. y sobre de una de ellas, un siva-

140 349 1297 99 dé de cassado y una escopeta; y sobre de una altre cadira. un joch de cartas vellas.

162 385 691 64 Al alsarse 'l teló, se senten tocar campanas.

162 411 871 106 Apareix Joanet molt alegre y refregantse las mans diu:

138 509 627 88 Joanet. Avuy si que fará un día

194 572 558 67 dels mes bons y mes bonichs

197 606 508 71 y podré aná ab los amichs

192 648 408 60 a disfrutá ab alegría.

192 685 529 73 Al camp junts se 'n auirém

189 728 426 68 á fé un tiberi de peix;

189 771 423 55 ara la saliva 'm creix

191 816 510 57 pensan que 'ns divertirém.

188 852 491 65 L' amo 'm donará permís

187 896 508 63 cuan tinga la feina llesta:

187 933 463 67 avuy si que 's una festa

185 974 378 55 que la pasaré felis.

273 1016 440 56 Surt lo senyor Cosme y diu:

122 1036 422 66 Cos. ¿Joanet Joanet?

118 1080 612 65 Joa. ¿Que mana?

121 1118 640 67 Cos. ¿Que sabs que hi deu havé?

178 1166 445 50 ¿Quina festa deuhen fé

176 1200 522 72 que tacan tanta campana?

118 1235 595 79 Joa. Ja diré 'l que significán:

172 1282 584 76 com que dema es san Bertrán,

173 1326 445 65 deurán celebrá 'l sant,

184 1364 422 64 y per la festa repican.

176 1400 472 76 Y las que tocan mes fort

170 1451 535 65 que se senten prop de aquí,

169 1492 454 51 son las de San Sadurní

166 1527 509 67 que tocan per algun mort.

109 1571 615 63 Cos, Que Deu l' aigi perdonat:

166 1606 554 70 Mira, yó me 'n tinch d' aná;

168 1648 470 69 vull aná un rato á cassá

163 1688 368 58 pero tornaré aviat.

163 1732 450 57 Arregla las cosas, totas

160 1767 551 76 las que estigan escampadas;

160 1811 512 67 déixalas ben endressadas,

162 1856 518 61 y 'm llempiharás las botas.

102 1887 657 75 Joa. Mol be diu, ya ho vaig á fé.

350 1935 424 54 Entra al cuarto de Cosme

96 1954 644 83 Cos. Apa donchs, manya Joanét,

156 1999 409 67 deixan tot espolsadét

156 2046 519 60 que cuan torni ho trobi bé.

154 2082 541 65 Pobre minyó, es mol honrat;

154 2129 462 58 es mol destre y diligent:

153 2164 552 69 tot ho arregla en un momént,

151 2209 458 107 en sa vida m' ha faltat.

857 534 718 83 surten Feliu ab una escopeta, y Pau ab una

905 585 664 60 canya de pesca y un sistellet a la altre ma.

856 613 628 63 Fel. Senyó Cosme, mol bon dia,

911 654 570 67 com estém: ¿ya esta arreglat?

856 687 537 65 Cos. Sigas noy nen arribat,

910 736 554 60 ya 'm creya que no vindrías.

853 771 644 70 Fel. Miris, portu aquet company

907 817 548 65 que ara ab nosaltres vindrá,

907 852 488 63 pero 's quedará á pescá

905 896 412 57 á la vora del estány.

847 927 720 86 Cos. ¿Estany? ¿Que potse es llauné?

847 977 595 64 Fel. No senyó que es pescadó

904 1016 505 66 com vosté que es cassadó.

844 1054 583 70 Cos. Així si que hu tením bé.

908 1096 525 66 Vingués un dels que fan pá

902 1137 518 72 y un altre que vengués ví,

900 1184 413 51 anáu sempre de camí

900 1225 441 50 res no 'ns podría faltá.

841 1254 665 70 Fel. Vusté sempre está de humór.

901 1299 462 56 Va senyó Cosme fem vía

894 1345 596 58 que avuy me sembla que es díu

892 1387 589 58 de aquélls que farém mes sórt.

894 1424 574 65 No han surtit pochs cassadós

889 1460 431 63 á la oberta de portáls.

831 1497 622 73 Cos. Naltrus som uns animals:

885 1551 459 58 ¿y que farém sense gos?

828 1577 663 73 Fel. Lo que es yó, no 'l necesitu,

824 1624 692 65 Cos. Es á di, que tens bon nas?!....

821 1665 612 65 Fel. Nada, nada, ln que es cas

876 1705 544 66 que sempre 'l tiru aprofitu.

818 1740 729 79 Cos. Vaya donchs, ¿aqué hem de fe?

815 1787 613 69 Fel. Apa, prengui la escopeta,

876 1827 409 65 apretis bé la vaqueta

878 1869 337 58 y posis lo sivadé.

813 1907 722 69 Cos. Felíu tu á mi 'm tractas de ase,

875 1952 510 54 d' aixó yó 'n dich lo sarró.

815 1986 592 67 Fel. Aixó es llenguatje Pastó,

815 2031 682 66 Cos. No que es llenguatje de casa,

816 2069 631 72 Fel. Buenu, fóra, vá, enllestím.

875 2109 496 62 deixém las bromas apàrt.

882 2151 447 58 Vá que sinó 's fará tart.

809 2182 557 96 Cos. Alsa guerrerus surtím

1087 2241 404 81 (pren sivadé y escopeta)
