1753 2480
471 646 646 142 PRÓLOGO.

208 1142 1248 73 «Si el acontecimiento de la guerra de Africa es un hecho

124 1209 1331 65 aislado que pasa y se borra con el tiempo para aquellos que so-

121 1266 1330 70 lo viven de lo presente, y que por eso no leen mas que los pe-

121 1326 1326 69 riódicos del dia, hay gentes mas sencillas y de mas corazon,

121 1388 1330 68 aunque acaso menos ilustradas, para quienes aquel glorioso

119 1448 1118 67 acontecimiento tiene un interés siempre palpitante.

199 1508 1252 66 »Esas buenas y honradas gentes del pueblo miran aun con-

118 1567 1338 72 movidas hácia las costas africanas, y alguna pobre madre habrá

118 1634 1335 66 en las olvidadas aldeas que, por lo grande de su amor, no haya

121 1691 1319 72 podido todavía convencerse de la muerte de su valiente hijo, y

122 1758 1330 66 que suba quizás todas las tardes á alguna empinada colina, pa-

119 1814 1333 69 ra dominar el camino del pueblo y ver si llega el perdido pedazo

117 1875 1321 63 de sus entrañas. Y cuando el sol se haya ocultado tan triste co

118 1938 1329 63 mo las esperanzas que nos abandonan, volverá la madre desfa-

117 1993 1338 70 llecida á su hogar humilde; y si le dicen otra vez que su hijo

115 2057 1337 67 murió en la guerra, querrá saber al menos cómo murió; si mu-

117 2119 1336 70 rió peleando como bueno, como hijo honrado y digno de su pa-

118 2181 1334 85 tria; y si en algun corrillo aye leer un sencillo canto describien-
