950 1316
159 27 364 27 lla, cii fin adornose quane

163 48 362 36 to pudo con los mas ricos

164 74 361 40 vestidos, y alhajas que tenia,

157 105 368 37 Parece que Dios tomaba pla¬

160 138 369 35 cer aquel dia de hacerla mas

160 166 370 39 hermosa que nunca habia

160 196 370 39 sido, y todas las gracias

160 227 370 36 andaban risueñas en su be¬

161 256 373 36 llisimo semblante, por estar

161 285 373 41 ella adornada por virtud, y

166 318 215 37 no por deleyte.

206 344 324 42 Mandó á su esclava, que

163 376 365 40 dispusiese comida, y bebida

163 412 365 35 para las dos, temiendo en¬

163 437 367 35 suciar su cuerpo con las vian¬

163 466 367 41 das de los Infieles ; y luego

164 498 366 37 que todo estaba dispuesto,

164 526 366 39 salió de su casa, y caminó

164 556 365 40 ácia la puerta de la Ciudad

165 586 364 38 donde halló al Principe, y

165 617 364 41 Sacerdote Ocias con los de¬

164 647 365 39 mas Caballeros, que yá la

165 683 364 32 estaban esperando, los qua¬

165 708 368 38 les todos quedaron pasmados

168 738 365 41 y admirados del explendor

166 767 367 37 de su celcstial belleza. Na¬

166 798 367 39 die quiso ser curioso en in¬

167 826 366 42 formarse donde iba, sino que

167 863 369 34 solo se contentaron con ro¬

168 887 368 40 gar á Dios, que cumpliese

168 917 366 40 sus deseos, y solo la dixe¬

168 947 366 38 ron : Id en buena bora, man¬

170 977 366 42 ceba gallarda, y seair algan¬

171 1007 365 37 dia la bonra, y gloria de Je¬

168 1037 369 43 rasalen, y vuestro nombre sea

172 1070 368 38 puesto en el numero de las

172 1096 364 41 grandes y santas almar que

173 1131 363 34 bicieron á Dios servicios may

171 1155 365 56 señalados. Salio , pues, de la

540 27 366 27 ciudad, invocando el nom

544 42 359 40 bre de Dios, y rezando al¬

544 81 361 34 gunas oraciones con su es¬

545 111 82 35 clava.

587 133 322 42 Como ella bajaba del

545 166 361 39 monte al apuntar el dia,

545 195 361 38 descubriendola los Soldados,

545 224 362 39 fueron coriendo adonde es¬

548 254 360 38 taba, y viendola tan admi¬

548 287 359 39 rablemente hermosa, que¬

547 320 360 33 daron de golpe mas deslum¬

547 347 360 36 brados de las luces de su ros¬

548 379 358 35 tro, que de los primeros ra¬

548 405 360 40 yos del dia. Informaronse

548 436 357 39 de dónde era, dónde iba, y

548 472 358 34 quales eran sus pretensiones.

548 504 361 33 A que respondió que era

547 525 363 41 de Bethulia, y dejaba aquel

552 559 357 37 dia aquella desdichada Cit¬

553 587 357 40 dad en lastimosa infelicidad:

549 617 361 35 que venia sola á verse con

549 647 362 38 su General, con quien tenia

549 677 361 42 cosas muy arduas, y singu¬

550 709 361 37 lares que comunicar, y que

550 738 362 37 asi la llevasen pronto donde

550 766 360 41 estaba Holofernes, que de¬

553 798 359 39 seaba con ansia verse quanto

553 826 360 40 antes con él. Los soldados

550 857 361 38 aun permanecian pasmados, y

550 888 362 37 mucho mas quedaron al ver¬

549 915 364 42 la razonar tan bellamente

550 949 359 33 con un recato honesto, y

552 977 361 38 magestad grande; por lo que

552 1006 359 42 la llevaron pronto á su Ges

555 1041 81 34 neral.

597 1063 316 40 Admirárase alguno de eso

552 1095 362 40 te modo de proceder Judith

553 1126 358 39 Una muger tan hermosa, y

552 1155 363 52 tan capaz de provocar los

841 1184 73 55 hom¬
