2148 3034
941.0 232.0 162.0 84.0 — 5 —

359.0 283.0 463.0 111.0 pasado toda la historia

356.0 336.0 645.0 108.0 con sangre y con llanto escrito.

356.0 404.0 486.0 68.0 Una madre desgraciada

359.0 457.0 465.0 71.0 por defectos de su hijo,

359.0 493.0 475.0 73.0 que para seguir su vida

356.0 543.0 443.0 61.0 de vicioso y libertino

356.0 589.0 395.0 63.0 necesita la fortuna

359.0 629.0 569.0 66.0 de su madre; luego el juicio

359.0 677.0 539.0 68.0 oral, en que brotan cargos

356.0 720.0 476.0 68.0 de boca de los testigos

359.0 763.0 549.0 63.0 evidenciando los crimenes

359.0 806.0 627.0 63.0 de aquel ser malo, maldito.....;

359.0 849.0 397.0 63.0 el peligro de morir

361.0 895.0 640.0 60.0 del cadalso en el banquillo.....

361.0 935.0 534.0 68.0 Peligro del que, si escapa,

361.0 986.0 501.0 63.0 es sin honra, aborrecido,

361.0 1021.0 595.0 73.0 detestado por los buenos.....;

364.0 1069.0 627.0 63.0 después, lo hediondo del vicio;

366.0 1112.0 580.0 68.0 la ignominia y la vergüenza

374.0 1160.0 562.0 63.0 en las que vive sumido

366.0 1203.0 479.0 66.0 la sociedad que le odia,

366.0 1246.0 471.0 73.0 criminales por amigos,

369.0 1286.0 496.0 76.0 prostitutas por amantes,

366.0 1324.0 585.0 76.0 sueño incierto é intranquilo;

374.0 1382.0 514.0 64.0 y flotando en el ambiente

369.0 1423.0 496.0 61.0 que respira, por castigo,

371.0 1468.0 557.0 64.0 la maldición de una madre,

369.0 1511.0 448.0 61.0 el odio mal contenido

374.0 1547.0 574.0 71.0 de un pueblo que le detesta,

371.0 1595.0 554.0 66.0 la miseria tras del vicio.....

371.0 1635.0 638.0 89.0 ¡Qué porvenir! ¡Qué presente!

371.0 1681.0 489.0 76.0 Aquel recuerdo sombrío

371.0 1721.0 557.0 79.0 que presta fuego á sus ojos

374.0 1774.0 458.0 69.0 y que acelera el latido

371.0 1820.0 522.0 63.0 de la sangre, provocando

371.0 1855.0 537.0 76.0 en su frente un sudor frío,

371.0 1906.0 527.0 61.0 mortal, se junta á la idea

376.0 1951.0 423.0 59.0 del escándalo vecino

374.0 1992.0 584.0 68.0 con que le amenaza Antonia

376.0 2035.0 509.0 60.0 si él la recibiera esquivo.

379.0 2078.0 546.0 68.0 Por esto se halla dispuesto

376.0 2123.0 484.0 66.0 á ceder, pues es preciso

376.0 2166.0 519.0 71.0 que la atención no se fije

382.0 2217.0 450.0 63.0 en él, hallándose vivo

376.0 2257.0 471.0 66.0 el recuerdo del pasado,

376.0 2293.0 656.0 78.0 porque aun puede hallar castigo

379.0 2341.0 572.0 154.0 en el pueblo, lo que impune

1034.0 260.0 516.0 121.0 quedó, por caso rarísimo.

1034.0 348.0 534.0 74.0 A tal fin, Pepe le encarga

1042.0 407.0 422.0 55.0 á un sujeto conocido

1042.0 447.0 498.0 63.0 que reciba á su manceba

1044.0 493.0 486.0 65.0 y la aconseje con juicio,

1044.0 530.0 527.0 69.0 para que no abrigue ideas

1042.0 576.0 516.0 63.0 de escándalo, pues de fijo

1042.0 624.0 503.0 61.0 las consecuencias fatales

1042.0 667.0 496.0 81.0 serían, grave el peligro.

1075.0 738.0 511.0 78.0 La celosa á Madrid llega

1049.0 791.0 555.0 71.0 y de nuevo halla al querido

1047.0 839.0 516.0 66.0 que de amor la tiene loca

1047.0 884.0 458.0 61.0 y que aviva su cariño.

1049.0 927.0 496.0 66.0 Hospédanse en una casa

1052.0 978.0 445.0 63.0 inmunda de lenocinio,

1047.0 1018.0 433.0 69.0 y los pasados amores

1047.0 1054.0 579.0 76.0 siguen por el cauce antiguo,

1047.0 1104.0 645.0 64.0 ambos viviendo en la holganza,

1047.0 1150.0 562.0 61.0 sin más objeto que el vicio,

1057.0 1198.0 438.0 63.0 vegetando crapulosos

1052.0 1238.0 506.0 61.0 entre lo más corrompido.

1057.0 1276.0 572.0 66.0 Y otra vez vuelven los celos

1055.0 1322.0 465.0 68.0 á ser causa de martirio,

1057.0 1362.0 640.0 81.0 y otra vez vuelven los golpes,

1057.0 1415.0 554.0 61.0 y otra vez vuelve el hastío.

1060.0 1456.0 576.0 58.0 Y no hay salvación. Antonia

1057.0 1501.0 569.0 71.0 no echa el pasado en olvido,

1057.0 1544.0 521.0 64.0 y como una sombra sigue

1055.0 1590.0 518.0 68.0 á Pepe, porque es preciso

1044.0 1625.0 597.0 79.0 que no vuelva á abandonarla

1057.0 1678.0 539.0 58.0 como ha poco ha sucedido.

1065.0 1721.0 493.0 64.0 Tal vida es insoportable.

1057.0 1764.0 445.0 71.0 Antonia le da fastidio

1060.0 1805.0 521.0 65.0 con sus celos extremados,

1060.0 1853.0 498.0 60.0 con su pesado cariño.....

1065.0 1886.0 647.0 86.0 Y hay que sucumbir, no ecuentra

1065.0 1944.0 417.0 60.0 salvación el Señorito.

1062.0 1989.0 423.0 58.0 Como única solución

1065.0 2015.0 551.0 80.0 que conjure aquel conficto

1062.0 2073.0 463.0 65.0 diario de golpe y riñas

1065.0 2113.0 488.0 74.0 por los celos promovido,

1065.0 2164.0 463.0 63.0 Pepe discurre mudarse

1065.0 2197.0 496.0 70.0 á otro más decente sitio,

1060.0 2247.0 478.0 66.0 donde mujeres no haya

1057.0 2278.0 658.0 88.0 que á Antonia saquen de quicio.

1075.0 2333.0 582.0 154.0 Y de acnerdo con su amante,
