<?xml version="1.0" encoding="UTF-8"?>
<alto xmlns:xsi="http://www.w3.org/2001/XMLSchema-instance"
      xmlns="http://www.loc.gov/standards/alto/ns-v4#"
      xsi:schemaLocation="http://www.loc.gov/standards/alto/ns-v4# http://www.loc.gov/standards/alto/v4/alto-4-2.xsd">
  <Description>
    <MeasurementUnit>pixel</MeasurementUnit>
    <sourceImageInformation>
      <fileName>Varios_355_3.jpg</fileName>
      
    </sourceImageInformation>
  </Description>
  
  <Tags>
    <OtherTag ID="BT1082" LABEL="CustomZone:impresorNum" DESCRIPTION="block type CustomZone:impresorNum"/><OtherTag ID="BT1083" LABEL="CustomZone:numero_pliego" DESCRIPTION="block type CustomZone:numero_pliego"/><OtherTag ID="BT1084" LABEL="CustomZone:title" DESCRIPTION="block type CustomZone:title"/><OtherTag ID="BT1085" LABEL="GraphicZone:illustration" DESCRIPTION="block type GraphicZone:illustration"/><OtherTag ID="BT1086" LABEL="GraphicZone:ornamentation" DESCRIPTION="block type GraphicZone:ornamentation"/><OtherTag ID="BT1087" LABEL="MainZone" DESCRIPTION="block type MainZone"/><OtherTag ID="BT1088" LABEL="MainZone:columns" DESCRIPTION="block type MainZone:columns"/><OtherTag ID="BT1089" LABEL="MarginTextZone:colophon" DESCRIPTION="block type MarginTextZone:colophon"/><OtherTag ID="BT1090" LABEL="MarginTextZone:note" DESCRIPTION="block type MarginTextZone:note"/><OtherTag ID="BT1091" LABEL="MusicZone" DESCRIPTION="block type MusicZone"/><OtherTag ID="BT1092" LABEL="NumberingZone:page" DESCRIPTION="block type NumberingZone:page"/><OtherTag ID="BT1093" LABEL="QuireMarksZone:catchwords" DESCRIPTION="block type QuireMarksZone:catchwords"/><OtherTag ID="BT1094" LABEL="QuireMarksZone:signature" DESCRIPTION="block type QuireMarksZone:signature"/><OtherTag ID="BT1095" LABEL="RunningTitleZone" DESCRIPTION="block type RunningTitleZone"/>
    <OtherTag ID="LT402" LABEL="CustomLine:propriedad" DESCRIPTION="line type CustomLine:propriedad"/><OtherTag ID="LT403" LABEL="CustomLine:trailer" DESCRIPTION="line type CustomLine:trailer"/><OtherTag ID="LT404" LABEL="DefaultLine" DESCRIPTION="line type DefaultLine"/><OtherTag ID="LT405" LABEL="HeadingLine" DESCRIPTION="line type HeadingLine"/>
  </Tags>
  
  <Layout>
    <Page WIDTH="1753"
          HEIGHT="2480"
          PHYSICAL_IMG_NR="18"
          ID="eSc_dummypage_">
      <PrintSpace HPOS="0"
                  VPOS="0"
                  WIDTH="1753"
                  HEIGHT="2480">
        
        <TextBlock HPOS="89"
                   VPOS="152"
                   WIDTH="631"
                   HEIGHT="2165"
                   ID="block_1"
                   TAGREFS="BT1088">
          <Shape><Polygon POINTS="712 155 720 2317 89 2317 89 152"/></Shape>
          
          
          <TextLine ID="line_0"
                    TAGREFS="LT404"
                    BASELINE="132 192 545 197" 
                    HPOS="130"
                    VPOS="183"
                    WIDTH="415"
                    HEIGHT="27">
            <Shape><Polygon POINTS="531 183 518 183 504 183 490 183 476 183 463 183 449 183 435 183 421 183 407 183 394 183 380 183 366 183 352 183 339 183 325 183 311 183 297 183 283 183 270 183 256 183 242 183 228 183 214 183 201 183 187 183 173 183 159 183 146 183 132 183 132 192 130 210 544 209 545 197 544 183 531 183"/></Shape>
	    <String CONTENT="Atravieso á Cataluña"
                    HPOS="130"
                    VPOS="183"
                    WIDTH="415"
                    HEIGHT="27"></String>
          </TextLine>

          
          
          <TextLine ID="line_1"
                    TAGREFS="LT404"
                    BASELINE="136 245 588 250" 
                    HPOS="135"
                    VPOS="209"
                    WIDTH="453"
                    HEIGHT="62">
            <Shape><Polygon POINTS="136 245 135 257 158 267 159 267 161 267 213 260 237 260 377 261 380 264 384 268 384 270 385 270 387 270 388 270 412 265 436 261 445 267 447 270 449 270 450 270 452 270 453 270 454 270 457 267 465 263 585 271 588 250 587 223 519 213 518 213 486 220 479 221 474 220 453 212 452 212 450 212 449 212 435 219 432 220 429 219 410 212 409 212 407 212 406 212 405 212 405 213 399 219 396 221 369 221 363 217 350 209 348 209 347 209 345 209 136 212 136 245"/></Shape>
	    <String CONTENT="desde Lérida á Gerona,"
                    HPOS="135"
                    VPOS="209"
                    WIDTH="453"
                    HEIGHT="62"></String>
          </TextLine>

          
          
          <TextLine ID="line_2"
                    TAGREFS="LT404"
                    BASELINE="137 300 700 305" 
                    HPOS="136"
                    VPOS="263"
                    WIDTH="564"
                    HEIGHT="66">
            <Shape><Polygon POINTS="136 322 231 318 270 325 278 326 279 326 319 325 475 321 505 326 512 327 514 327 519 327 551 321 582 327 592 329 593 329 595 329 599 327 610 322 697 327 700 305 700 276 644 276 643 275 638 270 638 268 636 268 635 268 633 268 632 268 614 274 607 275 479 275 475 271 472 268 472 267 471 267 469 267 468 267 467 267 460 270 452 274 416 270 396 267 395 267 380 268 343 272 296 265 278 264 187 264 183 264 181 264 180 264 179 264 170 271 139 263 137 300 136 322"/></Shape>
	    <String CONTENT="y me encuentro á una señora"
                    HPOS="136"
                    VPOS="263"
                    WIDTH="564"
                    HEIGHT="66"></String>
          </TextLine>

          
          
          <TextLine ID="line_3"
                    TAGREFS="LT404"
                    BASELINE="135 351 585 359" 
                    HPOS="133"
                    VPOS="315"
                    WIDTH="452"
                    HEIGHT="63">
            <Shape><Polygon POINTS="135 351 133 369 282 367 288 372 290 374 292 374 293 374 294 374 296 374 308 372 321 369 394 372 563 378 565 378 566 378 584 372 585 359 584 330 434 319 432 319 390 326 387 326 383 326 347 318 345 318 245 323 235 323 232 323 210 315 209 315 208 315 135 321 135 351"/></Shape>
	    <String CONTENT="á pié con dos criaturas,"
                    HPOS="133"
                    VPOS="315"
                    WIDTH="452"
                    HEIGHT="63"></String>
          </TextLine>

          
          
          <TextLine ID="line_4"
                    TAGREFS="LT404"
                    BASELINE="132 405 573 410" 
                    HPOS="130"
                    VPOS="369"
                    WIDTH="443"
                    HEIGHT="52">
            <Shape><Polygon POINTS="132 405 130 420 570 421 573 410 573 385 478 384 476 383 464 372 463 372 461 372 460 372 458 372 432 381 431 381 425 381 376 374 374 374 373 374 372 374 365 380 363 381 362 380 351 372 350 372 348 372 347 372 345 372 329 378 322 372 322 370 321 370 319 370 318 370 316 370 299 378 293 380 281 377 259 373 257 373 238 376 226 378 221 376 210 369 209 369 208 369 206 369 132 373 132 405"/></Shape>
	    <String CONTENT="de la noche era la una"
                    HPOS="130"
                    VPOS="369"
                    WIDTH="443"
                    HEIGHT="52"></String>
          </TextLine>

          
          
          <TextLine ID="line_5"
                    TAGREFS="LT404"
                    BASELINE="129 456 661 465" 
                    HPOS="128"
                    VPOS="417"
                    WIDTH="533"
                    HEIGHT="69">
            <Shape><Polygon POINTS="129 456 128 469 432 483 434 483 467 480 496 478 501 482 505 484 507 484 508 484 509 484 552 483 640 479 657 486 661 465 660 438 596 438 595 435 585 425 585 424 584 424 582 424 581 424 580 424 551 434 530 424 529 424 527 424 526 424 525 424 525 425 516 432 515 435 449 435 441 431 420 421 418 421 417 421 358 428 351 428 350 428 343 421 341 421 340 421 339 421 337 421 326 427 318 431 307 427 292 420 290 420 289 420 288 420 272 425 260 429 238 424 227 421 226 421 224 421 210 422 181 428 173 422 166 417 165 417 163 417 162 417 129 420 129 456"/></Shape>
	    <String CONTENT="clamando á Dios verdadero,"
                    HPOS="128"
                    VPOS="417"
                    WIDTH="533"
                    HEIGHT="69"></String>
          </TextLine>

          
          
          <TextLine ID="line_6"
                    TAGREFS="LT404"
                    BASELINE="129 509 571 513" 
                    HPOS="128"
                    VPOS="478"
                    WIDTH="443"
                    HEIGHT="55">
            <Shape><Polygon POINTS="129 509 128 520 446 533 447 533 570 524 571 513 570 486 129 478 129 509"/></Shape>
	    <String CONTENT="de mi caballo me apeo"
                    HPOS="128"
                    VPOS="478"
                    WIDTH="443"
                    HEIGHT="55"></String>
          </TextLine>

          
          
          <TextLine ID="line_7"
                    TAGREFS="LT404"
                    BASELINE="126 562 651 570" 
                    HPOS="125"
                    VPOS="526"
                    WIDTH="526"
                    HEIGHT="63">
            <Shape><Polygon POINTS="126 562 125 575 150 584 151 584 152 584 199 578 202 578 205 578 246 585 248 585 275 580 279 580 282 580 300 586 301 586 303 586 345 582 359 581 649 589 651 570 650 545 587 531 585 531 584 531 554 541 549 544 480 544 478 540 471 533 471 531 469 531 468 531 467 531 420 537 388 541 289 540 277 533 261 526 260 526 259 526 126 527 126 562"/></Shape>
	    <String CONTENT="dándola pan, carne y vino,"
                    HPOS="125"
                    VPOS="526"
                    WIDTH="526"
                    HEIGHT="63"></String>
          </TextLine>

          
          
          <TextLine ID="line_8"
                    TAGREFS="LT404"
                    BASELINE="129 618 595 625" 
                    HPOS="128"
                    VPOS="581"
                    WIDTH="467"
                    HEIGHT="62">
            <Shape><Polygon POINTS="128 635 399 633 592 643 595 625 595 596 501 585 500 585 498 585 474 592 464 593 447 591 407 584 406 584 405 584 403 584 396 589 392 592 366 588 334 584 333 584 311 586 281 591 270 585 264 582 263 582 261 582 234 584 158 589 130 581 129 618 128 635"/></Shape>
	    <String CONTENT="y me besaban los niños,"
                    HPOS="128"
                    VPOS="581"
                    WIDTH="467"
                    HEIGHT="62"></String>
          </TextLine>

          
          
          <TextLine ID="line_9"
                    TAGREFS="LT404"
                    BASELINE="124 670 614 675" 
                    HPOS="122"
                    VPOS="636"
                    WIDTH="492"
                    HEIGHT="59">
            <Shape><Polygon POINTS="124 670 122 683 130 690 130 691 132 691 133 691 135 691 201 683 286 693 288 694 340 694 340 693 341 693 343 693 343 691 351 684 413 693 414 693 416 693 434 684 468 694 469 694 471 695 582 695 582 694 584 694 613 684 614 675 613 640 288 644 256 643 140 636 139 636 137 636 124 642 124 670"/></Shape>
	    <String CONTENT="dando agua á mi moreno."
                    HPOS="122"
                    VPOS="636"
                    WIDTH="492"
                    HEIGHT="59"></String>
          </TextLine>

          
          
          <TextLine ID="line_10"
                    TAGREFS="LT404"
                    BASELINE="172 731 690 737" 
                    HPOS="170"
                    VPOS="690"
                    WIDTH="520"
                    HEIGHT="69">
            <Shape><Polygon POINTS="172 731 170 744 312 746 314 748 319 753 319 755 321 755 322 755 323 755 390 750 429 748 441 752 452 756 453 756 454 756 496 753 544 749 566 755 576 757 577 757 578 759 689 759 690 737 689 706 631 698 629 698 603 704 592 705 584 702 562 694 560 694 516 694 515 694 514 694 512 694 512 695 507 699 503 704 496 699 485 694 483 694 482 694 480 694 469 698 458 704 350 704 340 694 339 694 337 694 336 694 334 694 332 694 304 702 270 693 265 691 264 691 263 691 254 691 221 697 172 690 172 731"/></Shape>
	    <String CONTENT="Vuelvo á tomar mi camino"
                    HPOS="170"
                    VPOS="690"
                    WIDTH="520"
                    HEIGHT="69"></String>
          </TextLine>

          
          
          <TextLine ID="line_11"
                    TAGREFS="LT404"
                    BASELINE="122 781 632 790" 
                    HPOS="121"
                    VPOS="746"
                    WIDTH="511"
                    HEIGHT="65">
            <Shape><Polygon POINTS="122 781 121 797 128 803 129 803 130 803 132 803 190 797 191 797 629 811 632 790 631 764 587 753 585 753 442 760 438 760 434 760 340 748 339 748 337 748 336 748 322 756 300 748 299 748 297 748 296 748 294 748 283 757 245 746 243 746 242 746 241 746 216 756 143 756 135 748 133 748 132 748 130 748 129 748 128 748 122 750 122 781"/></Shape>
	    <String CONTENT="cuando el día ya aclaraba,"
                    HPOS="121"
                    VPOS="746"
                    WIDTH="511"
                    HEIGHT="65"></String>
          </TextLine>

          
          
          <TextLine ID="line_12"
                    TAGREFS="LT404"
                    BASELINE="122 837 523 843" 
                    HPOS="121"
                    VPOS="800"
                    WIDTH="402"
                    HEIGHT="59">
            <Shape><Polygon POINTS="122 837 121 847 245 858 246 858 248 858 277 851 341 859 343 859 344 859 366 852 436 859 438 859 522 854 523 843 523 815 491 804 490 804 489 804 450 812 424 804 423 804 421 804 420 804 405 812 403 812 391 811 322 804 321 804 319 804 304 810 299 811 198 811 187 807 166 800 165 800 163 800 122 804 122 837"/></Shape>
	    <String CONTENT="al pasar una cañada"
                    HPOS="121"
                    VPOS="800"
                    WIDTH="402"
                    HEIGHT="59"></String>
          </TextLine>

          
          
          <TextLine ID="line_13"
                    TAGREFS="LT404"
                    BASELINE="121 891 547 896" 
                    HPOS="119"
                    VPOS="852"
                    WIDTH="428"
                    HEIGHT="58">
            <Shape><Polygon POINTS="121 891 119 901 227 910 228 910 545 906 547 896 547 869 441 855 439 855 438 855 413 866 387 855 385 855 384 855 383 855 351 866 348 866 344 866 311 858 310 858 249 865 242 865 241 865 230 854 230 852 228 852 227 852 226 852 224 852 195 863 194 863 121 863 121 891"/></Shape>
	    <String CONTENT="me tiraron siete tiros."
                    HPOS="119"
                    VPOS="852"
                    WIDTH="428"
                    HEIGHT="58"></String>
          </TextLine>

          
          
          <TextLine ID="line_14"
                    TAGREFS="LT404"
                    BASELINE="121 945 497 949" 
                    HPOS="119"
                    VPOS="906"
                    WIDTH="378"
                    HEIGHT="59">
            <Shape><Polygon POINTS="121 945 119 963 494 965 497 949 496 923 446 910 445 910 443 910 442 910 442 912 431 921 431 923 392 923 391 921 374 907 373 907 372 907 370 907 330 914 311 907 310 907 308 907 307 907 264 918 260 920 256 918 217 906 216 906 214 906 154 914 144 906 143 906 141 906 140 906 139 906 121 914 121 945"/></Shape>
	    <String CONTENT="Arriba caballo mío,"
                    HPOS="119"
                    VPOS="906"
                    WIDTH="378"
                    HEIGHT="59"></String>
          </TextLine>

          
          
          <TextLine ID="line_15"
                    TAGREFS="LT404"
                    BASELINE="121 997 631 1003" 
                    HPOS="119"
                    VPOS="960"
                    WIDTH="512"
                    HEIGHT="65">
            <Shape><Polygon POINTS="121 997 119 1015 124 1019 124 1020 125 1020 126 1020 128 1020 285 1014 290 1014 292 1014 329 1022 330 1022 332 1022 358 1014 361 1014 441 1014 445 1015 503 1025 504 1025 505 1025 534 1016 544 1023 545 1023 547 1023 548 1023 629 1016 631 1003 629 964 458 972 428 965 414 963 413 963 412 963 399 965 376 972 322 967 305 965 304 965 254 967 205 969 199 968 179 960 177 960 176 960 121 968 121 997"/></Shape>
	    <String CONTENT="que nos coge una partida:"
                    HPOS="119"
                    VPOS="960"
                    WIDTH="512"
                    HEIGHT="65"></String>
          </TextLine>

          
          
          <TextLine ID="line_16"
                    TAGREFS="LT404"
                    BASELINE="118 1048 624 1056" 
                    HPOS="117"
                    VPOS="1009"
                    WIDTH="507"
                    HEIGHT="67">
            <Shape><Polygon POINTS="118 1048 117 1065 621 1076 624 1056 624 1029 602 1016 600 1016 540 1015 516 1015 515 1015 514 1015 512 1015 512 1016 500 1026 493 1026 443 1026 424 1014 423 1014 421 1014 390 1014 388 1014 387 1014 385 1014 385 1015 374 1025 373 1025 341 1023 314 1023 297 1012 296 1012 294 1012 293 1012 292 1012 290 1012 274 1023 268 1023 239 1023 238 1022 227 1014 226 1014 224 1014 223 1014 221 1014 203 1022 202 1022 201 1022 173 1009 172 1009 170 1009 118 1019 118 1048"/></Shape>
	    <String CONTENT="otra á mi encuentro salía,"
                    HPOS="117"
                    VPOS="1009"
                    WIDTH="507"
                    HEIGHT="67"></String>
          </TextLine>

          
          
          <TextLine ID="line_17"
                    TAGREFS="LT404"
                    BASELINE="115 1102 629 1110" 
                    HPOS="114"
                    VPOS="1066"
                    WIDTH="515"
                    HEIGHT="63">
            <Shape><Polygon POINTS="115 1102 114 1114 144 1124 146 1124 147 1124 148 1124 172 1117 180 1124 181 1124 183 1124 184 1124 248 1118 254 1118 257 1118 285 1127 286 1127 288 1127 350 1121 370 1120 384 1122 406 1127 407 1127 424 1122 434 1121 439 1124 449 1128 450 1128 452 1129 628 1129 629 1110 629 1084 514 1070 512 1070 467 1078 460 1080 456 1078 432 1069 431 1069 429 1069 428 1069 399 1076 366 1069 365 1069 363 1069 362 1069 355 1076 352 1077 348 1076 326 1070 325 1070 323 1070 322 1070 321 1070 315 1074 314 1076 312 1074 305 1069 305 1067 304 1067 303 1067 301 1067 300 1067 283 1074 278 1076 268 1073 235 1066 234 1066 232 1066 214 1071 203 1076 115 1070 115 1102"/></Shape>
	    <String CONTENT="cuando el trabuco disparo,"
                    HPOS="114"
                    VPOS="1066"
                    WIDTH="515"
                    HEIGHT="63"></String>
          </TextLine>

          
          
          <TextLine ID="line_18"
                    TAGREFS="LT404"
                    BASELINE="117 1158 554 1161" 
                    HPOS="117"
                    VPOS="1121"
                    WIDTH="437"
                    HEIGHT="61">
            <Shape><Polygon POINTS="117 1158 117 1179 143 1171 228 1171 241 1178 248 1180 249 1180 250 1180 282 1176 325 1171 374 1175 460 1182 461 1182 552 1171 554 1161 552 1129 498 1122 497 1122 496 1122 494 1122 487 1128 485 1131 474 1128 447 1122 446 1122 445 1122 431 1128 425 1131 413 1128 387 1122 385 1122 384 1122 383 1122 383 1124 377 1128 374 1132 336 1132 323 1128 299 1121 297 1121 296 1121 294 1121 272 1128 265 1129 117 1128 117 1158"/></Shape>
	    <String CONTENT="y me matan el caballo"
                    HPOS="117"
                    VPOS="1121"
                    WIDTH="437"
                    HEIGHT="61"></String>
          </TextLine>

          
          
          <TextLine ID="line_19"
                    TAGREFS="LT404"
                    BASELINE="114 1209 614 1215" 
                    HPOS="113"
                    VPOS="1173"
                    WIDTH="501"
                    HEIGHT="64">
            <Shape><Polygon POINTS="114 1209 113 1222 137 1233 139 1233 140 1233 231 1223 315 1234 316 1234 362 1224 398 1235 399 1235 489 1237 490 1237 491 1237 527 1227 613 1227 614 1215 614 1187 576 1178 523 1178 522 1178 520 1178 519 1178 511 1186 509 1186 294 1184 294 1183 286 1176 286 1175 285 1175 283 1175 282 1175 281 1175 256 1183 253 1183 249 1183 208 1173 206 1173 114 1180 114 1209"/></Shape>
	    <String CONTENT="ay de mí que soy perdida."
                    HPOS="113"
                    VPOS="1173"
                    WIDTH="501"
                    HEIGHT="64"></String>
          </TextLine>

          
          
          <TextLine ID="line_20"
                    TAGREFS="LT404"
                    BASELINE="154 1263 675 1270" 
                    HPOS="152"
                    VPOS="1224"
                    WIDTH="523"
                    HEIGHT="72">
            <Shape><Polygon POINTS="154 1263 152 1279 165 1286 166 1286 168 1286 297 1284 361 1282 374 1286 390 1290 391 1290 392 1290 417 1288 441 1285 467 1289 497 1295 498 1295 522 1292 544 1288 559 1293 569 1296 570 1296 571 1296 592 1293 631 1289 672 1296 675 1270 675 1242 549 1241 549 1240 534 1228 533 1228 531 1228 530 1228 474 1238 447 1227 446 1227 445 1227 443 1227 442 1227 424 1238 424 1240 390 1240 390 1238 362 1226 361 1226 359 1226 358 1226 323 1235 261 1226 260 1226 259 1226 239 1235 217 1224 216 1224 169 1224 168 1224 166 1224 165 1224 154 1231 154 1263"/></Shape>
	    <String CONTENT="Con el trabuco en la mano"
                    HPOS="152"
                    VPOS="1224"
                    WIDTH="523"
                    HEIGHT="72"></String>
          </TextLine>

          
          
          <TextLine ID="line_21"
                    TAGREFS="LT404"
                    BASELINE="114 1318 598 1322" 
                    HPOS="113"
                    VPOS="1282"
                    WIDTH="485"
                    HEIGHT="58">
            <Shape><Polygon POINTS="114 1318 113 1336 133 1337 135 1337 136 1337 137 1337 137 1336 146 1329 172 1336 176 1337 177 1337 179 1337 180 1337 181 1337 183 1336 195 1329 281 1336 286 1336 288 1336 294 1336 383 1330 395 1336 402 1339 403 1339 405 1339 406 1339 417 1336 435 1330 453 1336 467 1340 468 1340 469 1340 596 1335 598 1322 598 1295 518 1295 514 1292 500 1285 498 1285 497 1285 454 1290 438 1293 428 1290 406 1284 405 1284 403 1284 402 1284 387 1289 380 1292 373 1289 359 1285 358 1285 356 1285 326 1289 301 1292 296 1288 292 1284 290 1284 289 1284 288 1284 286 1284 278 1288 272 1290 265 1288 257 1284 256 1284 254 1284 253 1284 239 1286 228 1289 203 1286 172 1282 170 1282 169 1282 168 1282 165 1285 158 1290 114 1285 114 1318"/></Shape>
	    <String CONTENT="y el retaco en la cintura,"
                    HPOS="113"
                    VPOS="1282"
                    WIDTH="485"
                    HEIGHT="58"></String>
          </TextLine>

          
          
          <TextLine ID="line_22"
                    TAGREFS="LT404"
                    BASELINE="111 1370 621 1379" 
                    HPOS="110"
                    VPOS="1332"
                    WIDTH="511"
                    HEIGHT="66">
            <Shape><Polygon POINTS="111 1370 110 1383 192 1386 206 1395 208 1395 209 1395 210 1395 316 1391 370 1398 372 1398 421 1392 443 1390 618 1397 621 1379 621 1351 554 1350 540 1337 538 1337 537 1337 536 1337 534 1337 501 1348 500 1348 497 1348 436 1340 435 1340 350 1346 348 1346 337 1336 337 1335 336 1335 334 1335 333 1335 264 1341 256 1335 256 1333 254 1333 253 1333 197 1332 195 1332 194 1332 192 1332 177 1343 111 1343 111 1370"/></Shape>
	    <String CONTENT="me defiendo en una altura"
                    HPOS="110"
                    VPOS="1332"
                    WIDTH="511"
                    HEIGHT="66"></String>
          </TextLine>

          
          
          <TextLine ID="line_23"
                    TAGREFS="LT404"
                    BASELINE="110 1426 617 1432" 
                    HPOS="108"
                    VPOS="1392"
                    WIDTH="509"
                    HEIGHT="58">
            <Shape><Polygon POINTS="110 1426 108 1435 210 1446 212 1446 248 1439 270 1446 271 1446 272 1446 274 1446 300 1439 310 1448 311 1448 312 1448 314 1448 376 1441 515 1450 516 1450 616 1442 617 1432 617 1405 596 1397 595 1397 593 1397 527 1403 518 1403 515 1403 500 1397 498 1397 497 1397 443 1402 431 1402 413 1401 312 1392 311 1392 110 1395 110 1426"/></Shape>
	    <String CONTENT="cuando todos me cercaron"
                    HPOS="108"
                    VPOS="1392"
                    WIDTH="509"
                    HEIGHT="58"></String>
          </TextLine>

          
          
          <TextLine ID="line_24"
                    TAGREFS="LT404"
                    BASELINE="110 1479 595 1486" 
                    HPOS="108"
                    VPOS="1443"
                    WIDTH="487"
                    HEIGHT="65">
            <Shape><Polygon POINTS="110 1479 108 1492 152 1501 154 1501 301 1496 497 1507 498 1508 580 1508 580 1507 581 1507 582 1507 593 1499 595 1486 593 1457 549 1448 548 1448 547 1448 526 1456 525 1456 460 1454 428 1454 421 1448 421 1446 420 1446 418 1446 417 1446 333 1453 323 1453 322 1453 304 1443 303 1443 301 1443 300 1443 285 1452 275 1443 274 1443 272 1443 271 1443 110 1449 110 1479"/></Shape>
	    <String CONTENT="tres soldados he matado,"
                    HPOS="108"
                    VPOS="1443"
                    WIDTH="487"
                    HEIGHT="65"></String>
          </TextLine>

          
          
          <TextLine ID="line_25"
                    TAGREFS="LT404"
                    BASELINE="108 1530 649 1541" 
                    HPOS="108"
                    VPOS="1494"
                    WIDTH="541"
                    HEIGHT="69">
            <Shape><Polygon POINTS="108 1530 108 1555 147 1545 235 1545 292 1558 311 1561 312 1561 314 1561 322 1558 344 1550 367 1558 377 1562 378 1562 467 1563 468 1563 469 1563 471 1563 471 1562 475 1559 483 1552 547 1554 558 1561 562 1563 563 1563 565 1563 566 1563 647 1561 649 1541 649 1514 515 1503 514 1503 416 1504 319 1507 312 1501 310 1499 308 1499 307 1499 305 1499 272 1500 179 1504 108 1494 108 1530"/></Shape>
	    <String CONTENT="á una carga que me hacían,"
                    HPOS="108"
                    VPOS="1494"
                    WIDTH="541"
                    HEIGHT="69"></String>
          </TextLine>

          
          
          <TextLine ID="line_26"
                    TAGREFS="LT404"
                    BASELINE="108 1585 567 1592" 
                    HPOS="107"
                    VPOS="1551"
                    WIDTH="460"
                    HEIGHT="58">
            <Shape><Polygon POINTS="108 1585 107 1605 565 1609 567 1592 567 1566 545 1566 545 1565 536 1556 536 1555 534 1555 533 1555 531 1555 431 1561 383 1563 294 1563 283 1556 277 1551 275 1551 274 1551 272 1551 246 1555 210 1561 202 1554 202 1552 201 1552 199 1552 108 1551 108 1585"/></Shape>
	    <String CONTENT="Margarita eres perdida,"
                    HPOS="107"
                    VPOS="1551"
                    WIDTH="460"
                    HEIGHT="58"></String>
          </TextLine>

          
          
          <TextLine ID="line_27"
                    TAGREFS="LT404"
                    BASELINE="106 1639 480 1643" 
                    HPOS="104"
                    VPOS="1602"
                    WIDTH="376"
                    HEIGHT="65">
            <Shape><Polygon POINTS="106 1639 104 1650 304 1662 305 1662 345 1654 347 1654 369 1665 370 1665 372 1667 471 1667 471 1665 472 1665 474 1665 474 1664 479 1657 480 1643 480 1616 452 1603 450 1603 449 1603 413 1605 412 1605 410 1605 410 1606 403 1613 394 1605 394 1603 392 1603 391 1603 390 1603 339 1613 327 1603 327 1602 326 1602 325 1602 323 1602 322 1602 292 1613 257 1603 256 1603 254 1603 253 1603 252 1603 239 1613 214 1613 202 1602 201 1602 199 1602 198 1602 197 1602 195 1602 180 1612 163 1605 162 1605 161 1605 106 1612 106 1639"/></Shape>
	    <String CONTENT="me decía el oficial,"
                    HPOS="104"
                    VPOS="1602"
                    WIDTH="376"
                    HEIGHT="65"></String>
          </TextLine>

          
          
          <TextLine ID="line_28"
                    TAGREFS="LT404"
                    BASELINE="104 1693 577 1697" 
                    HPOS="103"
                    VPOS="1654"
                    WIDTH="474"
                    HEIGHT="62">
            <Shape><Polygon POINTS="104 1693 103 1709 175 1705 213 1711 237 1713 238 1713 239 1713 253 1711 270 1707 304 1709 361 1715 362 1715 363 1715 384 1709 394 1707 416 1709 482 1716 483 1716 485 1716 486 1716 494 1708 576 1707 577 1697 577 1668 458 1668 450 1664 438 1658 436 1658 435 1658 384 1661 330 1665 315 1660 308 1657 307 1657 305 1657 293 1660 263 1665 223 1657 213 1656 212 1656 201 1657 150 1662 104 1654 104 1693"/></Shape>
	    <String CONTENT="yo hago fuego sin cesar"
                    HPOS="103"
                    VPOS="1654"
                    WIDTH="474"
                    HEIGHT="62"></String>
          </TextLine>

          
          
          <TextLine ID="line_29"
                    TAGREFS="LT404"
                    BASELINE="100 1745 555 1749" 
                    HPOS="99"
                    VPOS="1707"
                    WIDTH="456"
                    HEIGHT="60">
            <Shape><Polygon POINTS="100 1745 99 1762 104 1766 106 1766 107 1766 108 1767 554 1767 555 1749 555 1722 508 1708 507 1708 487 1708 486 1708 485 1708 483 1708 483 1709 472 1719 432 1708 431 1708 429 1708 428 1708 396 1718 341 1718 330 1708 330 1707 329 1707 327 1707 326 1707 325 1707 296 1715 282 1707 281 1707 279 1707 278 1707 277 1707 275 1707 261 1716 259 1718 213 1718 212 1716 205 1709 205 1708 203 1708 202 1708 201 1708 199 1708 180 1715 177 1716 175 1715 157 1709 155 1709 154 1709 100 1713 100 1745"/></Shape>
	    <String CONTENT="con tres balazos herida."
                    HPOS="99"
                    VPOS="1707"
                    WIDTH="456"
                    HEIGHT="60"></String>
          </TextLine>

          
          
          <TextLine ID="line_30"
                    TAGREFS="LT404"
                    BASELINE="143 1803 647 1809" 
                    HPOS="141"
                    VPOS="1763"
                    WIDTH="506"
                    HEIGHT="69">
            <Shape><Polygon POINTS="143 1803 141 1818 163 1826 165 1826 166 1826 209 1820 268 1829 270 1831 339 1831 339 1829 340 1829 341 1829 341 1828 348 1822 350 1822 395 1831 396 1832 442 1832 442 1831 443 1831 445 1831 452 1825 456 1822 644 1829 647 1809 646 1777 525 1777 519 1773 503 1766 501 1766 457 1766 456 1766 454 1766 453 1766 447 1771 446 1773 445 1771 442 1767 441 1767 441 1766 439 1766 438 1766 436 1766 367 1770 303 1773 293 1767 292 1766 290 1766 289 1766 288 1766 286 1766 282 1767 271 1773 257 1767 248 1763 246 1763 245 1763 226 1766 192 1771 143 1764 143 1803"/></Shape>
	    <String CONTENT="Se me revienta el trabuco"
                    HPOS="141"
                    VPOS="1763"
                    WIDTH="506"
                    HEIGHT="69"></String>
          </TextLine>

          
          
          <TextLine ID="line_31"
                    TAGREFS="LT404"
                    BASELINE="101 1857 628 1864" 
                    HPOS="100"
                    VPOS="1820"
                    WIDTH="528"
                    HEIGHT="62">
            <Shape><Polygon POINTS="101 1857 100 1876 625 1882 628 1864 628 1835 573 1825 571 1825 530 1833 525 1833 523 1833 504 1824 503 1824 501 1824 454 1831 418 1822 417 1822 416 1822 355 1831 308 1831 210 1831 209 1829 203 1821 202 1821 202 1820 201 1820 199 1820 198 1820 101 1826 101 1857"/></Shape>
	    <String CONTENT="y una mano me ha llevado,"
                    HPOS="100"
                    VPOS="1820"
                    WIDTH="528"
                    HEIGHT="62"></String>
          </TextLine>

          
          
          <TextLine ID="line_32"
                    TAGREFS="LT404"
                    BASELINE="99 1909 567 1916" 
                    HPOS="97"
                    VPOS="1875"
                    WIDTH="470"
                    HEIGHT="64">
            <Shape><Polygon POINTS="99 1909 97 1920 133 1931 135 1931 136 1931 279 1924 311 1933 312 1933 314 1933 315 1933 329 1926 337 1934 337 1935 339 1935 340 1935 380 1937 381 1937 425 1930 485 1938 486 1938 487 1938 519 1928 529 1937 529 1938 530 1938 531 1938 533 1939 555 1939 555 1938 556 1938 558 1938 558 1937 566 1927 567 1916 567 1887 555 1880 554 1880 552 1880 551 1880 474 1887 405 1879 403 1879 402 1879 378 1886 181 1875 180 1875 99 1882 99 1909"/></Shape>
	    <String CONTENT="entonces se apoderaron,"
                    HPOS="97"
                    VPOS="1875"
                    WIDTH="470"
                    HEIGHT="64"></String>
          </TextLine>

          
          
          <TextLine ID="line_33"
                    TAGREFS="LT404"
                    BASELINE="97 1961 587 1972" 
                    HPOS="96"
                    VPOS="1924"
                    WIDTH="491"
                    HEIGHT="66">
            <Shape><Polygon POINTS="97 1961 96 1977 101 1982 101 1984 103 1984 104 1984 106 1984 163 1978 177 1985 179 1985 180 1985 264 1979 265 1979 289 1988 290 1988 292 1988 332 1981 337 1981 385 1981 388 1984 399 1990 401 1990 402 1990 403 1990 585 1989 587 1972 587 1944 549 1934 548 1934 547 1934 545 1934 527 1941 421 1941 348 1941 347 1939 336 1930 336 1928 334 1928 333 1928 332 1928 264 1937 263 1937 261 1937 226 1927 224 1927 223 1927 221 1927 205 1935 158 1924 157 1924 97 1933 97 1961"/></Shape>
	    <String CONTENT="saliendo todos con gusto,"
                    HPOS="96"
                    VPOS="1924"
                    WIDTH="491"
                    HEIGHT="66"></String>
          </TextLine>

          
          
          <TextLine ID="line_34"
                    TAGREFS="LT404"
                    BASELINE="96 2017 569 2023" 
                    HPOS="95"
                    VPOS="1979"
                    WIDTH="474"
                    HEIGHT="60">
            <Shape><Polygon POINTS="96 2017 95 2039 567 2039 569 2023 569 1996 530 1988 529 1988 460 1993 443 1982 442 1982 441 1982 439 1982 438 1982 417 1993 416 1993 414 1993 373 1982 372 1982 370 1982 369 1982 367 1982 367 1984 359 1992 339 1981 337 1981 336 1981 292 1989 285 1981 283 1981 283 1979 282 1979 281 1979 220 1979 219 1979 217 1979 197 1990 195 1990 96 1989 96 2017"/></Shape>
	    <String CONTENT="como lobos todos juntos"
                    HPOS="95"
                    VPOS="1979"
                    WIDTH="474"
                    HEIGHT="60"></String>
          </TextLine>

          
          
          <TextLine ID="line_35"
                    TAGREFS="LT404"
                    BASELINE="95 2069 598 2077" 
                    HPOS="93"
                    VPOS="2037"
                    WIDTH="505"
                    HEIGHT="61">
            <Shape><Polygon POINTS="95 2069 93 2084 595 2098 598 2077 596 2050 95 2037 95 2069"/></Shape>
	    <String CONTENT="hacia mí se vienen luego,"
                    HPOS="93"
                    VPOS="2037"
                    WIDTH="505"
                    HEIGHT="61"></String>
          </TextLine>

          
          
          <TextLine ID="line_36"
                    TAGREFS="LT404"
                    BASELINE="97 2131 577 2130" 
                    HPOS="96"
                    VPOS="2088"
                    WIDTH="481"
                    HEIGHT="64">
            <Shape><Polygon POINTS="97 2131 99 2147 118 2139 139 2147 141 2149 143 2149 144 2149 146 2149 147 2149 158 2139 263 2139 293 2149 294 2149 296 2149 355 2141 385 2150 390 2152 391 2152 392 2152 394 2152 395 2152 396 2150 413 2139 438 2150 439 2150 441 2150 479 2145 574 2152 577 2130 574 2101 526 2092 525 2092 523 2092 522 2092 522 2094 515 2099 515 2101 453 2101 452 2099 442 2090 442 2088 441 2088 439 2088 438 2088 436 2088 435 2088 418 2099 416 2101 396 2101 395 2098 385 2090 385 2088 384 2088 383 2088 358 2088 356 2088 355 2088 354 2088 354 2090 344 2098 344 2099 341 2098 315 2088 314 2088 267 2088 265 2088 264 2088 263 2088 263 2090 254 2096 205 2090 203 2090 202 2090 201 2090 201 2091 194 2096 191 2099 186 2096 165 2088 163 2088 162 2088 96 2095 97 2131"/></Shape>
	    <String CONTENT="y yo tendida en el suelo,"
                    HPOS="96"
                    VPOS="2088"
                    WIDTH="481"
                    HEIGHT="64"></String>
          </TextLine>

          
          
          <TextLine ID="line_37"
                    TAGREFS="LT404"
                    BASELINE="93 2176 542 2183" 
                    HPOS="92"
                    VPOS="2145"
                    WIDTH="450"
                    HEIGHT="58">
            <Shape><Polygon POINTS="93 2176 92 2194 97 2198 99 2198 100 2198 101 2198 347 2196 361 2203 362 2203 363 2203 541 2197 542 2183 541 2157 491 2149 490 2149 429 2154 418 2154 417 2153 409 2146 407 2146 406 2146 361 2145 359 2145 358 2145 340 2152 334 2153 326 2152 301 2145 300 2145 243 2145 242 2145 241 2145 239 2145 239 2146 235 2149 232 2152 93 2146 93 2176"/></Shape>
	    <String CONTENT="arman todos bayonota,"
                    HPOS="92"
                    VPOS="2145"
                    WIDTH="450"
                    HEIGHT="58"></String>
          </TextLine>

          
          
          <TextLine ID="line_38"
                    TAGREFS="LT404"
                    BASELINE="92 2229 610 2238" 
                    HPOS="90"
                    VPOS="2197"
                    WIDTH="520"
                    HEIGHT="57">
            <Shape><Polygon POINTS="92 2229 90 2244 607 2254 610 2238 610 2209 92 2197 92 2229"/></Shape>
	    <String CONTENT="al pecho me las presentan;"
                    HPOS="90"
                    VPOS="2197"
                    WIDTH="520"
                    HEIGHT="57"></String>
          </TextLine>

          
          
          <TextLine ID="line_39"
                    TAGREFS="LT404"
                    BASELINE="93 2281 570 2288" 
                    HPOS="92"
                    VPOS="2244"
                    WIDTH="478"
                    HEIGHT="78">
            <Shape><Polygon POINTS="93 2281 92 2305 111 2313 113 2313 114 2313 155 2307 159 2307 162 2307 188 2317 190 2317 191 2317 238 2311 283 2321 285 2321 381 2316 468 2311 567 2322 570 2288 569 2262 486 2254 485 2254 483 2254 482 2254 476 2259 475 2259 460 2248 458 2248 457 2248 456 2248 454 2248 431 2258 429 2259 427 2258 407 2248 406 2248 405 2248 403 2248 402 2248 402 2249 392 2258 391 2259 285 2259 275 2255 249 2245 248 2245 183 2244 181 2244 180 2244 179 2244 169 2252 166 2255 152 2252 119 2244 118 2244 117 2244 93 2249 93 2281"/></Shape>
	    <String CONTENT="los civiles me prendieron."
                    HPOS="92"
                    VPOS="2244"
                    WIDTH="478"
                    HEIGHT="78"></String>
          </TextLine>

          
        </TextBlock>
        
        <TextBlock HPOS="902"
                   VPOS="186"
                   WIDTH="625"
                   HEIGHT="2132"
                   ID="block_2"
                   TAGREFS="BT1088">
          <Shape><Polygon POINTS="1527 186 1527 2318 902 2318 902 186"/></Shape>
          
          
          <TextLine ID="line_40"
                    TAGREFS="LT404"
                    BASELINE="944 209 1492 217" 
                    HPOS="942"
                    VPOS="187"
                    WIDTH="550"
                    HEIGHT="56">
            <Shape><Polygon POINTS="1467 187 1453 187 1440 187 1426 187 1416 187 1412 191 1411 191 1383 191 1332 190 1329 187 1329 187 1316 187 1303 187 1299 188 1285 187 1274 187 1261 187 1247 187 1233 187 1219 187 1205 187 1192 187 1178 187 1164 187 1150 187 1136 187 1123 187 1109 187 1095 187 1081 187 1068 187 1054 187 1040 187 1026 187 1012 187 999 187 985 187 971 187 957 187 944 187 944 209 942 231 1068 231 1076 234 1087 238 1088 238 1090 238 1152 235 1230 232 1245 238 1249 239 1251 239 1252 239 1261 238 1295 232 1306 239 1309 242 1310 242 1311 242 1400 243 1401 243 1402 243 1408 242 1429 235 1489 243 1492 217 1481 187 1480 187 1467 187"/></Shape>
	    <String CONTENT="Ya estoy puesta en la capilla"
                    HPOS="942"
                    VPOS="187"
                    WIDTH="550"
                    HEIGHT="56"></String>
          </TextLine>

          
          
          <TextLine ID="line_41"
                    TAGREFS="LT404"
                    BASELINE="942 263 1387 270" 
                    HPOS="941"
                    VPOS="225"
                    WIDTH="446"
                    HEIGHT="65">
            <Shape><Polygon POINTS="942 263 941 275 953 285 955 285 956 285 957 285 959 285 978 275 1090 283 1091 283 1092 283 1108 279 1120 276 1174 276 1189 282 1207 289 1208 289 1210 289 1267 286 1342 282 1385 290 1387 270 1387 242 1334 232 1332 232 1331 232 1307 241 1306 241 1292 230 1291 230 1289 230 1288 230 1287 230 1254 239 1252 239 1240 239 1175 238 1163 228 1161 228 1160 228 1159 228 1157 228 1127 238 1106 227 1105 227 1103 227 1102 227 1080 235 955 225 953 225 952 225 950 225 942 231 942 263"/></Shape>
	    <String CONTENT="iglesia de desgraciados,"
                    HPOS="941"
                    VPOS="225"
                    WIDTH="446"
                    HEIGHT="65"></String>
          </TextLine>

          
          
          <TextLine ID="line_42"
                    TAGREFS="LT404"
                    BASELINE="941 314 1280 321" 
                    HPOS="939"
                    VPOS="274"
                    WIDTH="341"
                    HEIGHT="66">
            <Shape><Polygon POINTS="941 314 939 327 948 334 949 334 950 334 952 334 953 334 975 329 1007 337 1008 337 1010 337 1101 332 1142 330 1277 340 1280 321 1280 293 1186 292 1186 290 1172 279 1172 278 1171 278 1170 278 1168 278 1167 278 1145 290 1130 276 1128 276 1127 276 1076 275 1074 275 988 282 971 274 970 274 968 274 967 274 966 274 966 275 955 286 953 286 941 286 941 314"/></Shape>
	    <String CONTENT="el patíbulo le veo,"
                    HPOS="939"
                    VPOS="274"
                    WIDTH="341"
                    HEIGHT="66"></String>
          </TextLine>

          
          
          <TextLine ID="line_43"
                    TAGREFS="LT404"
                    BASELINE="941 369 1398 377" 
                    HPOS="939"
                    VPOS="333"
                    WIDTH="459"
                    HEIGHT="67">
            <Shape><Polygon POINTS="941 369 939 383 1019 395 1021 395 1112 389 1153 388 1168 392 1186 398 1187 398 1189 398 1227 395 1267 391 1274 396 1277 399 1278 399 1280 399 1281 399 1298 398 1328 394 1396 400 1398 377 1398 349 1269 348 1265 347 1226 337 1225 337 1153 344 1152 344 1128 336 1127 336 1125 336 1124 336 1099 344 1095 344 1087 343 1018 333 1017 333 941 340 941 369"/></Shape>
	    <String CONTENT="madre mía del Amparo."
                    HPOS="939"
                    VPOS="333"
                    WIDTH="459"
                    HEIGHT="67"></String>
          </TextLine>

          
          
          <TextLine ID="line_44"
                    TAGREFS="LT404"
                    BASELINE="978 468 1469 473" 
                    HPOS="977"
                    VPOS="428"
                    WIDTH="492"
                    HEIGHT="59">
            <Shape><Polygon POINTS="978 468 977 482 1466 487 1469 473 1467 436 1346 446 1254 446 1227 435 1215 429 1214 429 1212 429 1211 429 1210 429 1203 434 1186 443 1164 434 1160 432 1159 432 1157 432 1156 432 1152 434 1142 438 1139 434 1134 429 1134 428 1132 428 1131 428 1130 428 978 432 978 468"/></Shape>
	    <String CONTENT="La declaración me toman"
                    HPOS="977"
                    VPOS="428"
                    WIDTH="492"
                    HEIGHT="59"></String>
          </TextLine>

          
          
          <TextLine ID="line_45"
                    TAGREFS="LT404"
                    BASELINE="937 516 1433 527" 
                    HPOS="935"
                    VPOS="479"
                    WIDTH="498"
                    HEIGHT="69">
            <Shape><Polygon POINTS="937 516 935 533 1430 548 1433 527 1431 498 1385 497 1372 486 1371 486 1369 486 1368 486 1317 494 1310 486 1309 486 1309 484 1307 484 1306 484 1305 484 1141 490 952 479 950 479 949 479 937 484 937 516"/></Shape>
	    <String CONTENT="de las muertes cometidas,"
                    HPOS="935"
                    VPOS="479"
                    WIDTH="498"
                    HEIGHT="69"></String>
          </TextLine>

          
          
          <TextLine ID="line_46"
                    TAGREFS="LT404"
                    BASELINE="937 580 1343 577" 
                    HPOS="935"
                    VPOS="537"
                    WIDTH="408"
                    HEIGHT="62">
            <Shape><Polygon POINTS="937 580 938 597 960 589 972 597 975 599 977 599 978 599 979 599 981 599 982 599 985 596 999 589 1043 589 1101 589 1106 593 1114 599 1116 599 1117 599 1119 599 1120 599 1121 599 1131 592 1139 588 1152 592 1171 597 1172 597 1174 599 1222 599 1222 597 1223 597 1225 597 1225 596 1232 591 1238 597 1240 597 1241 597 1243 599 1327 599 1327 597 1328 597 1329 597 1343 586 1343 577 1340 549 1285 541 1284 541 1283 541 1281 541 1274 546 1272 549 1128 549 1102 542 1083 537 1081 537 1080 537 1079 537 1069 541 1058 546 1054 541 1050 538 1050 537 1048 537 1047 537 1046 537 1044 537 1043 537 1037 541 1025 548 1006 540 999 537 997 537 996 537 935 537 937 580"/></Shape>
	    <String CONTENT="y yo triste respondía"
                    HPOS="935"
                    VPOS="537"
                    WIDTH="408"
                    HEIGHT="62"></String>
          </TextLine>

          
          
          <TextLine ID="line_47"
                    TAGREFS="LT404"
                    BASELINE="934 626 1471 635" 
                    HPOS="933"
                    VPOS="596"
                    WIDTH="538"
                    HEIGHT="55">
            <Shape><Polygon POINTS="934 626 933 639 1469 651 1471 635 1469 599 1412 606 1387 597 1386 597 1385 597 1383 597 1374 597 1299 604 1294 597 1292 597 1292 596 1291 596 1289 596 1288 596 1274 597 1223 603 1204 597 1201 596 1200 596 934 596 934 626"/></Shape>
	    <String CONTENT="catorce son con mi persona."
                    HPOS="933"
                    VPOS="596"
                    WIDTH="538"
                    HEIGHT="55"></String>
          </TextLine>

          
          
          <TextLine ID="line_48"
                    TAGREFS="LT404"
                    BASELINE="937 680 1478 691" 
                    HPOS="935"
                    VPOS="640"
                    WIDTH="543"
                    HEIGHT="68">
            <Shape><Polygon POINTS="937 680 935 694 1475 708 1478 691 1478 661 1420 661 1416 658 1401 651 1400 651 1398 651 1375 657 1365 658 1361 655 1347 648 1346 648 1345 648 1313 654 1296 657 1285 653 1270 647 1269 647 1267 647 1266 647 1254 651 1243 655 1227 651 1212 646 1211 646 1210 646 1161 648 1080 653 1048 644 1047 644 1046 644 1044 644 1015 651 937 640 937 680"/></Shape>
	    <String CONTENT="Tome usted asiento, Señora,"
                    HPOS="935"
                    VPOS="640"
                    WIDTH="543"
                    HEIGHT="68"></String>
          </TextLine>

          
          
          <TextLine ID="line_49"
                    TAGREFS="LT404"
                    BASELINE="934 732 1346 741" 
                    HPOS="933"
                    VPOS="695"
                    WIDTH="413"
                    HEIGHT="61">
            <Shape><Polygon POINTS="934 732 933 749 1343 756 1346 741 1346 713 1318 702 1317 702 1316 702 1278 709 1245 701 1244 701 1243 701 1241 701 1219 709 1215 710 1204 709 1135 698 1134 698 1132 698 1109 706 1103 708 1099 706 1072 697 1070 697 1022 697 1021 697 1019 697 1018 697 1008 704 1004 706 992 704 957 695 956 695 955 695 934 701 934 732"/></Shape>
	    <String CONTENT="un alguacil me decía"
                    HPOS="933"
                    VPOS="695"
                    WIDTH="413"
                    HEIGHT="61"></String>
          </TextLine>

          
          
          <TextLine ID="line_50"
                    TAGREFS="LT404"
                    BASELINE="930 786 1379 796" 
                    HPOS="928"
                    VPOS="752"
                    WIDTH="451"
                    HEIGHT="66">
            <Shape><Polygon POINTS="930 786 928 799 993 811 995 811 1061 804 1167 811 1168 811 1170 811 1186 804 1190 804 1314 818 1316 818 1378 807 1379 796 1378 768 1314 757 1313 757 1311 757 1285 766 1284 766 1245 766 1245 764 1237 757 1237 756 1236 756 1234 756 1233 756 1232 756 1201 764 1198 764 1113 763 1113 761 1103 753 1102 753 1101 753 1099 753 1061 760 1052 753 1052 752 1051 752 1050 752 1048 752 930 757 930 786"/></Shape>
	    <String CONTENT="alargándome una silla:"
                    HPOS="928"
                    VPOS="752"
                    WIDTH="451"
                    HEIGHT="66"></String>
          </TextLine>

          
          
          <TextLine ID="line_51"
                    TAGREFS="LT404"
                    BASELINE="930 843 1292 848" 
                    HPOS="928"
                    VPOS="804"
                    WIDTH="364"
                    HEIGHT="62">
            <Shape><Polygon POINTS="930 843 928 852 1052 863 1054 863 1055 863 1076 856 1280 866 1281 866 1283 866 1284 866 1291 859 1292 848 1292 819 1265 810 1263 810 1262 810 1219 817 1207 819 1198 817 1187 812 1186 812 1185 812 1149 814 1125 815 1120 812 1109 806 1108 806 1106 806 1105 806 1059 811 1026 814 1007 808 995 804 993 804 992 804 930 804 930 843"/></Shape>
	    <String CONTENT="el escribano se vá,"
                    HPOS="928"
                    VPOS="804"
                    WIDTH="364"
                    HEIGHT="62"></String>
          </TextLine>

          
          
          <TextLine ID="line_52"
                    TAGREFS="LT404"
                    BASELINE="928 898 1396 901" 
                    HPOS="927"
                    VPOS="859"
                    WIDTH="469"
                    HEIGHT="58">
            <Shape><Polygon POINTS="928 898 927 917 1394 917 1396 901 1396 873 1351 873 1351 872 1327 861 1325 861 1324 861 1323 861 1321 861 1305 872 1303 873 1218 873 1215 870 1196 861 1194 861 1193 861 1142 869 1130 859 1128 859 1127 859 1125 859 1124 859 1108 866 1094 859 1092 859 1091 859 1044 869 1033 861 1033 859 1032 859 1030 859 979 859 978 859 928 868 928 898"/></Shape>
	    <String CONTENT="y descubriendo un altar"
                    HPOS="927"
                    VPOS="859"
                    WIDTH="469"
                    HEIGHT="58"></String>
          </TextLine>

          
          
          <TextLine ID="line_53"
                    TAGREFS="LT404"
                    BASELINE="927 952 1481 958" 
                    HPOS="926"
                    VPOS="912"
                    WIDTH="555"
                    HEIGHT="70">
            <Shape><Polygon POINTS="927 952 926 972 1036 965 1054 976 1055 976 1057 976 1058 976 1066 976 1131 967 1145 976 1145 978 1146 978 1147 978 1149 978 1159 976 1222 968 1262 975 1263 975 1361 972 1367 979 1368 979 1368 980 1369 980 1371 980 1372 982 1438 982 1438 980 1440 980 1441 980 1460 972 1477 980 1481 958 1481 928 1441 916 1440 916 1357 916 1356 916 1354 916 1331 927 1298 917 1296 917 1295 917 1294 917 1269 927 1267 927 1251 916 1249 916 1248 916 1214 916 1212 916 1211 916 1210 916 1210 917 1198 925 1198 927 1168 927 1167 925 1154 916 1153 916 1152 916 1150 916 1098 924 1097 924 1033 912 1032 912 1030 912 1029 912 1011 923 948 914 946 914 945 914 927 921 927 952"/></Shape>
	    <String CONTENT="ya estoy puesta en la capilla."
                    HPOS="926"
                    VPOS="912"
                    WIDTH="555"
                    HEIGHT="70"></String>
          </TextLine>

          
          
          <TextLine ID="line_54"
                    TAGREFS="LT404"
                    BASELINE="966 1008 1434 1016" 
                    HPOS="964"
                    VPOS="968"
                    WIDTH="470"
                    HEIGHT="61">
            <Shape><Polygon POINTS="966 1008 964 1019 1043 1029 1044 1029 1433 1027 1434 1016 1434 987 1400 987 1398 986 1389 976 1389 975 1387 975 1386 975 1385 975 1347 980 1321 974 1320 974 1318 974 1317 974 1288 982 1277 985 1263 982 1233 974 1232 974 1230 974 1229 974 1212 979 1201 983 1192 979 1178 972 1176 972 1175 972 1174 972 1154 978 1143 980 1130 976 1103 969 1102 969 1101 969 1099 969 1098 969 1098 971 1092 976 1087 982 1058 982 1051 975 1046 969 1046 968 1044 968 1043 968 1041 968 1040 968 1028 974 1017 979 1007 974 1000 968 999 968 997 968 996 968 966 971 966 1008"/></Shape>
	    <String CONTENT="Dulce Jesús de mi vida;"
                    HPOS="964"
                    VPOS="968"
                    WIDTH="470"
                    HEIGHT="61"></String>
          </TextLine>

          
          
          <TextLine ID="line_55"
                    TAGREFS="LT404"
                    BASELINE="926 1059 1455 1069" 
                    HPOS="924"
                    VPOS="1020"
                    WIDTH="531"
                    HEIGHT="71">
            <Shape><Polygon POINTS="926 1059 924 1078 1119 1078 1125 1080 1150 1087 1152 1087 1153 1087 1204 1081 1225 1078 1236 1081 1261 1088 1262 1088 1263 1088 1331 1082 1345 1081 1350 1082 1378 1091 1379 1091 1380 1091 1453 1082 1455 1069 1453 1040 1379 1027 1378 1027 1305 1036 1303 1036 1234 1026 1233 1026 1232 1026 1230 1026 1219 1034 1218 1034 1131 1034 1127 1033 1079 1022 1077 1022 1076 1022 1074 1022 1066 1029 1022 1022 1021 1022 992 1027 982 1020 981 1020 979 1020 978 1020 977 1020 975 1020 961 1029 961 1030 960 1029 946 1020 945 1020 944 1020 942 1020 941 1020 926 1026 926 1059"/></Shape>
	    <String CONTENT="á todos los que he ofendido"
                    HPOS="924"
                    VPOS="1020"
                    WIDTH="531"
                    HEIGHT="71"></String>
          </TextLine>

          
          
          <TextLine ID="line_56"
                    TAGREFS="LT404"
                    BASELINE="924 1111 1430 1121" 
                    HPOS="923"
                    VPOS="1076"
                    WIDTH="507"
                    HEIGHT="67">
            <Shape><Polygon POINTS="923 1125 996 1138 997 1138 999 1138 1000 1138 1010 1129 1141 1140 1142 1140 1233 1133 1280 1142 1281 1142 1283 1142 1284 1142 1292 1136 1299 1142 1299 1143 1300 1143 1302 1143 1303 1143 1429 1135 1430 1121 1430 1093 1357 1082 1356 1082 1354 1082 1335 1089 1329 1092 1289 1092 1287 1088 1280 1082 1280 1081 1278 1081 1277 1081 1276 1081 1274 1081 1259 1087 1252 1089 1234 1087 1201 1080 1200 1080 1164 1084 1146 1085 1143 1082 1139 1080 1139 1078 1138 1078 1136 1078 1135 1078 1134 1078 1123 1082 1110 1087 1001 1087 995 1077 993 1077 993 1076 992 1076 990 1076 989 1076 988 1076 981 1077 955 1084 926 1076 924 1111 923 1125"/></Shape>
	    <String CONTENT="mil veces perdón les pido:"
                    HPOS="923"
                    VPOS="1076"
                    WIDTH="507"
                    HEIGHT="67"></String>
          </TextLine>

          
          
          <TextLine ID="line_57"
                    TAGREFS="LT404"
                    BASELINE="923 1165 1383 1172" 
                    HPOS="921"
                    VPOS="1132"
                    WIDTH="462"
                    HEIGHT="57">
            <Shape><Polygon POINTS="923 1165 921 1180 935 1187 937 1187 938 1189 1382 1189 1383 1172 1383 1146 1339 1136 1338 1136 1285 1143 1277 1143 1270 1142 1238 1135 1237 1135 1160 1139 1112 1142 1105 1138 1094 1132 1092 1132 1091 1132 1066 1136 1046 1140 923 1133 923 1165"/></Shape>
	    <String CONTENT="amparadme madre mía."
                    HPOS="921"
                    VPOS="1132"
                    WIDTH="462"
                    HEIGHT="57"></String>
          </TextLine>

          
          
          <TextLine ID="line_58"
                    TAGREFS="LT404"
                    BASELINE="961 1222 1391 1227" 
                    HPOS="960"
                    VPOS="1184"
                    WIDTH="431"
                    HEIGHT="62">
            <Shape><Polygon POINTS="961 1222 960 1238 1258 1238 1261 1238 1289 1246 1291 1246 1292 1246 1390 1238 1391 1227 1391 1198 1360 1189 1358 1189 1357 1189 1299 1197 1284 1198 1232 1198 1229 1195 1219 1187 1218 1187 1216 1187 1215 1187 1214 1187 1212 1187 1201 1194 1197 1197 1192 1194 1175 1186 1174 1186 1172 1186 1171 1186 1154 1193 1149 1195 1124 1193 1069 1184 1068 1184 1066 1184 1050 1190 1039 1194 1023 1190 1006 1184 1004 1184 1003 1184 961 1187 961 1222"/></Shape>
	    <String CONTENT="Ya salgo de la capilla"
                    HPOS="960"
                    VPOS="1184"
                    WIDTH="431"
                    HEIGHT="62"></String>
          </TextLine>

          
          
          <TextLine ID="line_59"
                    TAGREFS="LT404"
                    BASELINE="921 1271 1364 1281" 
                    HPOS="920"
                    VPOS="1238"
                    WIDTH="444"
                    HEIGHT="64">
            <Shape><Polygon POINTS="921 1271 920 1282 953 1293 955 1293 956 1293 1163 1289 1175 1299 1176 1299 1178 1299 1237 1300 1238 1300 1285 1292 1349 1302 1350 1302 1351 1302 1353 1302 1362 1292 1364 1281 1364 1252 1338 1245 1336 1245 1335 1245 1310 1251 1302 1244 1302 1242 1300 1242 1299 1242 1298 1242 1245 1249 1237 1249 1152 1248 1150 1245 1145 1241 1145 1240 1143 1240 1142 1240 1141 1240 1101 1244 1085 1245 1077 1242 1062 1238 1061 1238 1059 1238 1058 1238 1057 1238 1051 1242 1046 1245 921 1238 921 1271"/></Shape>
	    <String CONTENT="á pagar mis atentados,"
                    HPOS="920"
                    VPOS="1238"
                    WIDTH="444"
                    HEIGHT="64"></String>
          </TextLine>

          
          
          <TextLine ID="line_60"
                    TAGREFS="LT404"
                    BASELINE="919 1326 1413 1336" 
                    HPOS="917"
                    VPOS="1289"
                    WIDTH="496"
                    HEIGHT="69">
            <Shape><Polygon POINTS="919 1326 917 1336 953 1348 955 1348 956 1348 1017 1341 1028 1340 1043 1341 1103 1352 1105 1352 1106 1352 1119 1346 1127 1341 1135 1346 1146 1352 1147 1352 1149 1352 1193 1348 1251 1344 1411 1358 1413 1336 1413 1307 1336 1296 1335 1296 1256 1303 1245 1303 1243 1302 1223 1295 1222 1295 1221 1295 1219 1295 1218 1295 1208 1302 1205 1303 1192 1300 1146 1293 1145 1293 1143 1293 1128 1299 1124 1302 1063 1302 1058 1297 1047 1290 1046 1290 1044 1290 1043 1290 1011 1296 1004 1297 1000 1296 983 1289 982 1289 981 1289 979 1289 961 1295 953 1297 919 1295 919 1326"/></Shape>
	    <String CONTENT="con dos padres á mi lado,"
                    HPOS="917"
                    VPOS="1289"
                    WIDTH="496"
                    HEIGHT="69"></String>
          </TextLine>

          
          
          <TextLine ID="line_61"
                    TAGREFS="LT404"
                    BASELINE="917 1380 1313 1387" 
                    HPOS="916"
                    VPOS="1344"
                    WIDTH="397"
                    HEIGHT="64">
            <Shape><Polygon POINTS="917 1380 916 1391 953 1402 955 1402 956 1402 1077 1398 1149 1397 1163 1402 1174 1406 1175 1406 1176 1406 1196 1403 1225 1399 1310 1408 1313 1387 1313 1359 1284 1350 1283 1350 1281 1350 1241 1358 1233 1359 1159 1358 1156 1355 1143 1347 1142 1347 1141 1347 1139 1347 1138 1347 1114 1355 1108 1357 1008 1357 989 1351 957 1344 956 1344 917 1348 917 1380"/></Shape>
	    <String CONTENT="digo con el corazón;"
                    HPOS="916"
                    VPOS="1344"
                    WIDTH="397"
                    HEIGHT="64"></String>
          </TextLine>

          
          
          <TextLine ID="line_62"
                    TAGREFS="LT404"
                    BASELINE="917 1437 1408 1443" 
                    HPOS="916"
                    VPOS="1401"
                    WIDTH="492"
                    HEIGHT="63">
            <Shape><Polygon POINTS="917 1437 916 1453 1164 1453 1198 1460 1211 1461 1212 1461 1233 1460 1295 1454 1318 1461 1323 1463 1324 1463 1325 1464 1407 1464 1408 1443 1408 1416 1358 1414 1349 1405 1347 1405 1346 1405 1345 1405 1343 1405 1314 1413 1313 1413 1190 1413 1189 1410 1181 1403 1181 1402 1179 1402 1178 1402 1139 1402 1138 1402 1136 1402 1135 1402 1135 1403 1127 1410 1124 1412 1105 1409 1043 1401 1041 1401 917 1405 917 1437"/></Shape>
	    <String CONTENT="adios para siempre, adios,"
                    HPOS="916"
                    VPOS="1401"
                    WIDTH="492"
                    HEIGHT="63"></String>
          </TextLine>

          
          
          <TextLine ID="line_63"
                    TAGREFS="LT404"
                    BASELINE="916 1492 1367 1494" 
                    HPOS="915"
                    VPOS="1454"
                    WIDTH="452"
                    HEIGHT="60">
            <Shape><Polygon POINTS="916 1492 915 1505 927 1512 928 1512 930 1512 931 1512 1113 1505 1131 1512 1132 1512 1346 1514 1347 1514 1349 1514 1365 1505 1367 1494 1364 1460 1321 1465 1314 1460 1310 1457 1310 1456 1309 1456 1307 1456 1306 1456 1305 1456 1296 1460 1287 1465 1276 1460 1266 1456 1265 1456 1263 1456 1262 1456 1261 1456 1261 1457 1256 1460 1251 1467 1156 1467 1150 1461 1141 1454 1139 1454 1138 1454 1136 1454 1135 1454 1121 1463 1117 1464 1109 1463 1076 1454 1074 1454 1073 1454 1057 1463 1054 1464 1051 1463 1025 1454 1023 1454 1022 1454 1021 1454 995 1463 927 1454 926 1454 924 1454 923 1454 916 1460 916 1492"/></Shape>
	    <String CONTENT="iglesia de desgraciados."
                    HPOS="915"
                    VPOS="1454"
                    WIDTH="452"
                    HEIGHT="60"></String>
          </TextLine>

          
          
          <TextLine ID="line_64"
                    TAGREFS="LT404"
                    BASELINE="955 1544 1365 1548" 
                    HPOS="953"
                    VPOS="1508"
                    WIDTH="412"
                    HEIGHT="61">
            <Shape><Polygon POINTS="955 1544 953 1558 995 1558 996 1558 1007 1566 1008 1566 1010 1566 1011 1566 1073 1558 1077 1558 1080 1558 1112 1567 1113 1567 1114 1567 1116 1567 1136 1559 1175 1566 1176 1566 1178 1566 1207 1559 1234 1569 1236 1569 1237 1569 1364 1559 1365 1548 1364 1521 1300 1511 1299 1511 1298 1511 1269 1519 1267 1519 1254 1519 1204 1518 1192 1510 1190 1510 1189 1510 1187 1510 1186 1510 1161 1518 1134 1510 1132 1510 1131 1510 1130 1510 1109 1518 1106 1518 1044 1516 1037 1510 1037 1508 1036 1508 1034 1508 1033 1508 1032 1508 1003 1516 963 1508 961 1508 960 1508 959 1508 959 1510 955 1514 955 1544"/></Shape>
	    <String CONTENT="Padre mío Jesucristo"
                    HPOS="953"
                    VPOS="1508"
                    WIDTH="412"
                    HEIGHT="61"></String>
          </TextLine>

          
          
          <TextLine ID="line_65"
                    TAGREFS="LT404"
                    BASELINE="913 1596 1451 1606" 
                    HPOS="912"
                    VPOS="1556"
                    WIDTH="539"
                    HEIGHT="67">
            <Shape><Polygon POINTS="913 1596 912 1616 1041 1618 1043 1618 1044 1618 1046 1618 1058 1612 1448 1623 1451 1606 1451 1576 1419 1563 1418 1563 1416 1563 1374 1572 1351 1563 1350 1563 1349 1563 1347 1563 1331 1572 1325 1563 1324 1563 1324 1562 1323 1562 1321 1562 1270 1561 1269 1561 1267 1561 1252 1567 1245 1572 1243 1567 1237 1563 1237 1562 1236 1562 1234 1562 1233 1562 1232 1562 1230 1562 1223 1567 1216 1572 1167 1572 1157 1565 1153 1562 1152 1562 1150 1562 1149 1562 1127 1563 1072 1569 913 1556 913 1596"/></Shape>
	    <String CONTENT="por vuestra bondad infinita,"
                    HPOS="912"
                    VPOS="1556"
                    WIDTH="539"
                    HEIGHT="67"></String>
          </TextLine>

          
          
          <TextLine ID="line_66"
                    TAGREFS="LT404"
                    BASELINE="913 1650 1338 1654" 
                    HPOS="912"
                    VPOS="1613"
                    WIDTH="426"
                    HEIGHT="55">
            <Shape><Polygon POINTS="913 1650 912 1668 1336 1668 1338 1654 1336 1627 1276 1616 1274 1616 1273 1616 1272 1616 1272 1617 1262 1625 1262 1627 1198 1627 1196 1625 1176 1614 1175 1614 1174 1614 1092 1621 985 1613 983 1613 913 1621 913 1650"/></Shape>
	    <String CONTENT="perdonad á Margarita"
                    HPOS="912"
                    VPOS="1613"
                    WIDTH="426"
                    HEIGHT="55"></String>
          </TextLine>

          
          
          <TextLine ID="line_67"
                    TAGREFS="LT404"
                    BASELINE="910 1701 1353 1707" 
                    HPOS="909"
                    VPOS="1662"
                    WIDTH="444"
                    HEIGHT="65">
            <Shape><Polygon POINTS="909 1718 1018 1718 1019 1718 1026 1724 1028 1724 1029 1724 1030 1724 1114 1718 1128 1718 1132 1719 1156 1726 1157 1726 1159 1726 1201 1719 1210 1718 1216 1719 1245 1727 1247 1727 1248 1727 1351 1719 1353 1707 1353 1680 1269 1667 1267 1667 1266 1667 1243 1675 1237 1678 1234 1675 1230 1669 1229 1669 1229 1668 1227 1668 1226 1668 1225 1668 1223 1668 1208 1674 1201 1676 1131 1671 1091 1668 1090 1668 1079 1669 1022 1675 1012 1667 1010 1664 1010 1662 1008 1662 1007 1662 1006 1662 986 1665 948 1671 912 1662 910 1701 909 1718"/></Shape>
	    <String CONTENT="las flaquezas y delitos."
                    HPOS="909"
                    VPOS="1662"
                    WIDTH="444"
                    HEIGHT="65"></String>
          </TextLine>

          
          
          <TextLine ID="line_68"
                    TAGREFS="LT404"
                    BASELINE="912 1756 1411 1760" 
                    HPOS="910"
                    VPOS="1718"
                    WIDTH="501"
                    HEIGHT="62">
            <Shape><Polygon POINTS="912 1756 910 1773 1032 1770 1094 1774 1171 1778 1172 1778 1198 1773 1208 1771 1244 1773 1391 1780 1393 1780 1394 1780 1409 1771 1411 1760 1411 1733 1351 1723 1350 1723 1311 1729 1298 1731 1295 1729 1288 1723 1288 1722 1287 1722 1285 1722 1284 1722 1283 1722 1267 1727 1258 1731 1156 1731 1146 1724 1142 1720 1141 1720 1139 1720 1138 1720 1119 1723 1080 1730 1065 1722 1059 1719 1058 1719 1057 1719 1034 1720 979 1726 912 1718 912 1756"/></Shape>
	    <String CONTENT="Montada sobre un borrico"
                    HPOS="910"
                    VPOS="1718"
                    WIDTH="501"
                    HEIGHT="62"></String>
          </TextLine>

          
          
          <TextLine ID="line_69"
                    TAGREFS="LT404"
                    BASELINE="909 1807 1429 1817" 
                    HPOS="908"
                    VPOS="1773"
                    WIDTH="521"
                    HEIGHT="62">
            <Shape><Polygon POINTS="909 1807 908 1821 1280 1835 1281 1835 1427 1828 1429 1817 1429 1789 1296 1788 1295 1786 1284 1777 1283 1777 1281 1777 1280 1777 1190 1784 1189 1784 1187 1784 1132 1774 1131 1774 1085 1781 1025 1773 1023 1773 1022 1773 996 1781 993 1781 909 1780 909 1807"/></Shape>
	    <String CONTENT="con dos padres misioneros:"
                    HPOS="908"
                    VPOS="1773"
                    WIDTH="521"
                    HEIGHT="62"></String>
          </TextLine>

          
          
          <TextLine ID="line_70"
                    TAGREFS="LT404"
                    BASELINE="908 1862 1515 1872" 
                    HPOS="906"
                    VPOS="1820"
                    WIDTH="609"
                    HEIGHT="77">
            <Shape><Polygon POINTS="908 1862 906 1883 956 1879 972 1886 974 1886 975 1886 977 1886 990 1879 1043 1887 1058 1890 1059 1890 1061 1890 1062 1890 1063 1888 1076 1880 1154 1880 1241 1891 1263 1894 1265 1894 1266 1894 1267 1894 1269 1893 1280 1884 1289 1893 1291 1894 1292 1894 1294 1894 1295 1894 1296 1894 1300 1893 1329 1884 1339 1894 1340 1894 1340 1895 1342 1895 1343 1895 1345 1895 1360 1894 1426 1887 1513 1897 1515 1872 1515 1840 1491 1828 1489 1828 1445 1828 1444 1828 1442 1828 1425 1837 1396 1828 1394 1828 1393 1828 1338 1836 1236 1824 1234 1824 1121 1832 1099 1822 1098 1822 1097 1822 1095 1822 1077 1832 992 1820 990 1820 989 1820 988 1820 974 1828 953 1820 952 1820 950 1820 908 1829 908 1862"/></Shape>
	    <String CONTENT="¡oh, Rey de los Reyes supremo!"
                    HPOS="906"
                    VPOS="1820"
                    WIDTH="609"
                    HEIGHT="77"></String>
          </TextLine>

          
          
          <TextLine ID="line_71"
                    TAGREFS="LT404"
                    BASELINE="908 1916 1361 1920" 
                    HPOS="906"
                    VPOS="1880"
                    WIDTH="455"
                    HEIGHT="64">
            <Shape><Polygon POINTS="908 1916 906 1930 930 1939 931 1939 933 1939 1051 1931 1108 1941 1109 1941 1163 1934 1185 1941 1186 1941 1187 1941 1189 1941 1190 1941 1190 1939 1198 1933 1233 1933 1243 1942 1244 1942 1245 1942 1247 1944 1345 1944 1345 1942 1346 1942 1347 1942 1360 1933 1361 1920 1361 1895 1327 1886 1325 1886 1324 1886 1323 1886 1321 1886 1310 1894 1310 1895 1227 1895 1226 1894 1208 1882 1207 1882 1205 1882 1139 1882 1138 1882 1136 1882 1135 1882 1135 1883 1124 1893 1124 1894 1105 1894 1101 1893 1041 1886 1040 1886 1039 1886 1022 1891 1012 1884 1011 1884 1010 1884 1008 1884 960 1891 949 1882 949 1880 948 1880 946 1880 927 1880 926 1880 924 1880 908 1888 908 1916"/></Shape>
	    <String CONTENT="el concurso de la gente"
                    HPOS="906"
                    VPOS="1880"
                    WIDTH="455"
                    HEIGHT="64"></String>
          </TextLine>

          
          
          <TextLine ID="line_72"
                    TAGREFS="LT404"
                    BASELINE="906 1971 1429 1981" 
                    HPOS="905"
                    VPOS="1931"
                    WIDTH="524"
                    HEIGHT="68">
            <Shape><Polygon POINTS="906 1971 905 1989 1426 1999 1429 1981 1427 1950 1367 1939 1365 1939 1364 1939 1340 1948 1323 1938 1321 1938 1320 1938 1318 1938 1288 1948 1285 1948 1272 1937 1270 1937 1269 1937 1267 1937 1266 1937 1241 1946 1240 1948 1208 1948 1207 1946 1197 1938 1196 1938 1194 1938 1193 1938 1157 1945 1154 1945 1150 1945 1099 1934 1098 1934 1059 1944 1055 1944 1048 1942 982 1931 981 1931 906 1939 906 1971"/></Shape>
	    <String CONTENT="me hace levantar la frente,"
                    HPOS="905"
                    VPOS="1931"
                    WIDTH="524"
                    HEIGHT="68"></String>
          </TextLine>

          
          
          <TextLine ID="line_73"
                    TAGREFS="LT404"
                    BASELINE="902 2026 1241 2029" 
                    HPOS="901"
                    VPOS="1989"
                    WIDTH="340"
                    HEIGHT="52">
            <Shape><Polygon POINTS="902 2026 901 2041 1240 2041 1241 2029 1240 2000 1157 2000 1156 1999 1143 1990 1142 1990 1141 1990 1139 1990 1062 1997 1050 1989 1048 1989 1047 1989 1046 1989 949 1997 933 1989 931 1989 930 1989 928 1989 909 1996 902 2026"/></Shape>
	    <String CONTENT="el patíbulo le veo."
                    HPOS="901"
                    VPOS="1989"
                    WIDTH="340"
                    HEIGHT="52"></String>
          </TextLine>

          
          
          <TextLine ID="line_74"
                    TAGREFS="LT404"
                    BASELINE="949 2084 1390 2088" 
                    HPOS="948"
                    VPOS="2047"
                    WIDTH="442"
                    HEIGHT="62">
            <Shape><Polygon POINTS="949 2084 948 2101 1187 2108 1189 2108 1227 2102 1241 2101 1249 2102 1277 2109 1278 2109 1280 2109 1389 2102 1390 2088 1387 2052 1371 2059 1335 2051 1329 2051 1328 2051 1327 2051 1325 2051 1325 2052 1316 2062 1276 2062 1262 2051 1261 2051 1259 2051 1258 2051 1256 2051 1255 2051 1255 2052 1245 2061 1113 2061 1080 2050 1079 2050 1077 2050 1076 2050 1058 2057 1044 2048 1043 2048 1041 2048 1040 2048 1007 2054 949 2047 949 2084"/></Shape>
	    <String CONTENT="Ya me preparo á subir"
                    HPOS="948"
                    VPOS="2047"
                    WIDTH="442"
                    HEIGHT="62"></String>
          </TextLine>

          
          
          <TextLine ID="line_75"
                    TAGREFS="LT404"
                    BASELINE="902 2136 1351 2142" 
                    HPOS="901"
                    VPOS="2098"
                    WIDTH="450"
                    HEIGHT="65">
            <Shape><Polygon POINTS="902 2136 901 2153 1349 2163 1351 2142 1351 2113 1327 2113 1327 2112 1317 2103 1317 2102 1316 2102 1314 2102 1313 2102 1311 2102 1287 2112 1285 2112 1229 2102 1227 2102 1183 2110 1171 2101 1170 2101 1168 2101 1167 2101 1061 2109 1051 2101 1051 2099 1050 2099 1048 2099 1047 2099 938 2108 920 2098 919 2098 917 2098 916 2098 915 2098 905 2103 902 2136"/></Shape>
	    <String CONTENT="la escalera del tablado,"
                    HPOS="901"
                    VPOS="2098"
                    WIDTH="450"
                    HEIGHT="65"></String>
          </TextLine>

          
          
          <TextLine ID="line_76"
                    TAGREFS="LT404"
                    BASELINE="901 2192 1375 2196" 
                    HPOS="899"
                    VPOS="2156"
                    WIDTH="476"
                    HEIGHT="60">
            <Shape><Polygon POINTS="901 2192 899 2203 930 2212 931 2212 933 2212 1036 2205 1057 2214 1058 2214 1059 2214 1215 2207 1234 2215 1236 2215 1237 2216 1336 2216 1336 2215 1374 2207 1375 2196 1375 2167 1265 2158 1263 2158 1223 2165 1218 2165 1216 2165 1207 2157 1205 2157 1204 2157 1203 2157 1201 2157 1181 2164 1181 2165 1125 2165 1125 2164 1119 2158 1119 2157 1117 2157 1116 2157 1114 2157 1023 2163 1021 2163 1007 2156 1006 2156 1004 2156 901 2161 901 2192"/></Shape>
	    <String CONTENT="con los padres á mi lado"
                    HPOS="899"
                    VPOS="2156"
                    WIDTH="476"
                    HEIGHT="60"></String>
          </TextLine>

          
          
          <TextLine ID="line_77"
                    TAGREFS="LT404"
                    BASELINE="904 2245 1379 2249" 
                    HPOS="902"
                    VPOS="2209"
                    WIDTH="477"
                    HEIGHT="61">
            <Shape><Polygon POINTS="904 2245 902 2265 995 2260 1065 2265 1120 2269 1121 2269 1123 2269 1139 2265 1157 2260 1225 2263 1350 2270 1351 2270 1353 2270 1378 2262 1379 2249 1379 2219 1361 2212 1360 2212 1358 2212 1357 2212 1340 2219 1338 2219 1258 2212 1256 2212 1230 2218 1221 2219 1210 2218 1179 2211 1178 2211 1143 2216 1128 2218 1108 2215 1062 2209 1061 2209 1019 2214 993 2216 989 2214 986 2211 986 2209 985 2209 983 2209 982 2209 904 2211 904 2245"/></Shape>
	    <String CONTENT="y el verdugo tras de mí:"
                    HPOS="902"
                    VPOS="2209"
                    WIDTH="477"
                    HEIGHT="61"></String>
          </TextLine>

          
          
          <TextLine ID="line_78"
                    TAGREFS="LT404"
                    BASELINE="898 2296 1291 2300" 
                    HPOS="897"
                    VPOS="2256"
                    WIDTH="394"
                    HEIGHT="72">
            <Shape><Polygon POINTS="898 2296 897 2313 931 2325 933 2325 934 2327 995 2327 995 2325 996 2325 997 2325 997 2324 1007 2316 1028 2316 1167 2328 1168 2328 1225 2327 1226 2327 1227 2327 1241 2318 1280 2325 1281 2325 1283 2325 1284 2325 1284 2324 1289 2317 1291 2300 1291 2267 1022 2256 1021 2256 898 2262 898 2296"/></Shape>
	    <String CONTENT="aquí dió mi vida fin"
                    HPOS="897"
                    VPOS="2256"
                    WIDTH="394"
                    HEIGHT="72"></String>
          </TextLine>

          
        </TextBlock>
        

        
      </PrintSpace>
    </Page>
  </Layout>
</alto>
