1122 1573
542 95 99 54 — 30—

233 140 751 44 Juan Ojenkan y Pedro Lemoige fueron el blanco de todas

191 169 793 45 las miradas, pues desde luego se supo que los dos eran los je-

191 200 794 43 fes de los piratas, y ellos compartieron la atencion de aquel

193 230 793 44 espectáculo recibiendo más bien que públicos denuestos prue-

193 259 793 39 bas de digna compasion. Encerrados con los demás prisioneros

193 289 794 43 en el castillo de Tierra Firme no dudaron del destino que les

194 318 596 42 aguardaba, sometiéudose á el con resignacion.

238 348 747 43 Al dia siguiente el Gobernador mandó instruir el proceso,

196 380 791 42 y con la relacion de todo lo sucedido lo puso en conocimiento

195 409 790 41 del rey de España para que éste con su Consejo resolviese lo

196 439 791 41 que creyese más oportuno; y mientras volvia la respuesta, el

198 467 788 45 gobernador, que no habia podido resistir á las gracias del Ro-

197 498 789 43 saura, acabó por declararle la noble pasion que ardia en su pe-

197 528 792 40 cho, y la hermosa jóven no supo megarse á tan dulce cor-

198 558 791 39 respondencia. Pensó, pues, el Gobernador tomarla por espo-

198 587 790 38 sa; pidió permiso al rey, y el mismo dia que llegó el consenti-

199 616 790 38 miento del monarca tambien llegó, la aprobaciondel Consejo

199 645 790 44 de Castilla, ordenando que los piratas Juan Ojenkan, su com-

202 678 788 39 pañero Pedro Lemoige y los demás prisioneros que se hallaban

200 706 789 39 en el castillo de Tierra Firme fueran ahorcados en justo y me-

199 735 353 44 recido pago de sus delitos.

230 765 759 39 Sintió Rosaura esta nueva é interpuso toda su influencia

202 799 787 36 para que no se cumpliese semejante fallo; pero lo único que

202 825 787 41 pudo hacerse fué que trasladaran á los prisioneros á Panamá

203 853 477 42 y que allí se cumpliese la sentencia.

243 881 748 46 El mísero Juan Ojenkan escribió una carta de gratitud á

202 914 789 39 Rosaura por el interés que se habia tomado en su desdichada

203 943 788 40 suerte y despidiéndose de ella para siempre. En efecto, al dia

202 975 790 36 inmediato salieron los piratas para Panamá, cuya ciudad los

202 1005 790 39 recibió con la curiosidad que era consiguiente, y tres dias

202 1033 790 39 despues, confesados los reos y puestos en capilla, despues de

204 1064 789 39 haber hecho una protesta de sus crímenes, salieron para el

208 1094 644 37 patíbulo, que estaba levantado en la plaza pública.

246 1121 746 42 Un gentío inmenso acudió á presenciar aquella triste esce-

204 1150 789 37 na, de la que resultó que el célebre Juan Ojenkan fué ahorcado

204 1184 789 37 el primero de todos; luego le siguió Pedro Lemoige, y asi

204 1212 790 39 fueron sucumbiendo hasta veintinueve ladrones de mar de los

206 1240 787 44 que habian salido de Jamaica para robar á los barcos espa-

202 1271 98 44 ñoles.

225 1298 769 42 Ejecutado aquel tremendo castigo, llegó la noticia á Tierra

205 1330 788 46 Firme en la víspera del casamiento de Rosaura con el Gober-
