1860 2629
633.0 1134.0 740.0 141.0 ORACIÓN

394.0 1246.0 1222.0 125.0 á Nuestra Señora del Cármen

368.0 1371.0 1364.0 107.0 Dios te salve, Carmelita hermoso, Dios te salve, Luna, Dios te

278.0 1437.0 1448.0 90.0 salve, Sol, Dios te salve, hermosa vidríera donde resplandecen los

278.0 1489.0 1443.0 88.0 rayos del Sol, Hermoso farol, triste lirio, rosa deshojada, tortoli¬

278.0 1537.0 573.0 71.0 lla viuda, aurora sin sol.

350.0 1588.0 1371.0 90.0 Sois paloma de rápido vuelo, águila celeste con tanta humil¬

276.0 1643.0 1450.0 81.0 dad. Vos sois fuente de agua cristalina, del Verbo humanado

276.0 1693.0 1443.0 72.0 claustro virginal. Hemos de rogar, Madre mía, á Dios del Carme¬

276.0 1732.0 1055.0 88.0 lo, por quien vuestro nombre llegase á invocar.

346.0 1792.0 1369.0 78.0 En el monte de Tarifa estaba un toro muy bravo, valiente y

274.0 1829.0 1452.0 85.0 feroz, y al pasar un devoto del Cármen, como un rayo ardiente á

274.0 1884.0 1445.0 96.0 él partió veloz; se oyó una voz que decía: « torito detente,» y el

271.0 1927.0 656.0 84.0 toro humilde se le arrodilló.

344.0 1984.0 1371.0 77.0 Suspiraba una gran señora, tres dias de parto en contínuo do¬

278.0 2026.0 1439.0 83.0 lor, y decía: San José, valedme, y vos, Carmelita, en tanta aflic¬

271.0 2079.0 1448.0 87.0 ción. Y vieron que entró un anciano con su esposa al lado. «¿Dón¬

269.0 2129.0 1448.0 88.0 de está la enferma? preguntan los dos. Se acercaron los dos á la

269.0 2177.0 1446.0 112.0 enferma, y le dicen que ponga su esperanza en Dios. A la enfer¬
