1753 2480
132.0 171.0 481.0 93.0 y de este modo á los bobos

132.0 250.0 442.0 57.0 les van sacando la plata.

303.0 279.0 341.0 70.0 Alerta jóvenes, etc.

173.0 334.0 449.0 58.0 Hay cuatro clases de tias

136.0 367.0 449.0 75.0 hoy en el dia en Madrid,

134.0 415.0 482.0 68.0 si ustedes quieren saberlas

142.0 467.0 407.0 62.0 pronto las voy á decir.

140.0 508.0 494.0 60.0 Las primeras son maestras,

144.0 555.0 488.0 62.0 las segundas comerciantas,

142.0 595.0 393.0 53.0 las terceras cazadoras

150.0 638.0 515.0 58.0 y las cuartas son murgantas:

144.0 679.0 457.0 67.0 las maestras son aquellas

144.0 725.0 511.0 56.0 que tienen muy ricas camas

146.0 766.0 414.0 66.0 mesas, sofás, canapés,

134.0 808.0 492.0 62.0 tres ó cuatro ó cinco salas

148.0 849.0 395.0 64.0 adornadas y decentes

152.0 890.0 476.0 71.0 para todo aquel que vaya

152.0 936.0 474.0 68.0 y quiera servirse de ellas,

150.0 987.0 488.0 69.0 se entiende, si tiene plata.

334.0 1016.0 337.0 71.0 Alerta jóvenes, etc.

200.0 1068.0 455.0 54.0 Os voy á decir quien son

159.0 1111.0 454.0 56.0 las señeras comerciantas,

157.0 1151.0 525.0 66.0 se entiende, de este comercio

157.0 1196.0 578.0 66.0 que hasta en él mi abuela anda;

159.0 1246.0 434.0 60.0 no quiero deciros mas,

157.0 1277.0 521.0 74.0 estas son aquellas que andan

161.0 1326.0 378.0 60.0 en tertulias y visitas

165.0 1372.0 345.0 54.0 de jaleos y jaranas,

165.0 1401.0 475.0 70.0 llevando de don Ambrosio

163.0 1459.0 434.0 55.0 el recado á doña Juana,

167.0 1492.0 457.0 70.0 porque no falte á la cita

165.0 1537.0 395.0 62.0 que le tiene señalada:

165.0 1585.0 463.0 60.0 estas hacen casamientos,

167.0 1632.0 413.0 56.0 ellas casan y descasan,

175.0 1671.0 407.0 62.0 yo tambien las casaria

173.0 1723.0 420.0 46.0 á todas estas taimadas,

169.0 1754.0 442.0 66.0 dándolas dos mil azotes

175.0 1783.0 540.0 89.0 por las calles, y emplumadas.

353.0 1853.0 343.0 58.0 Alerta jóvenes, etc.

219.0 1884.0 368.0 60.0 De las cazadoras voy

173.0 1924.0 492.0 72.0 á hablar algo sin tardanza;

179.0 1969.0 496.0 70.0 quién son, ya las conoceis,

177.0 2017.0 432.0 70.0 son unas tias taimadas:

177.0 2056.0 544.0 74.0 estas andan muy bien puestas

183.0 2099.0 470.0 66.0 por la tarde y la mañana,

186.0 2145.0 465.0 68.0 por los cafés y las fondas,

186.0 2186.0 481.0 70.0 y tambien por las posadas,

175.0 2238.0 438.0 56.0 á ver si vienen señores,

181.0 2277.0 451.0 107.0 y se ponen de ordenanza

849.0 173.0 500.0 85.0 á la puerta, y cuando salen,

851.0 245.0 418.0 56.0 con amorosas palabras

855.0 285.0 406.0 58.0 les dicen: caballerito,

859.0 310.0 561.0 80.0 ¿gusta usted de una buena casa

862.0 376.0 539.0 60.0 para un pupilo, muy decente,

862.0 417.0 506.0 54.0 que tiene muy ricas camas,

864.0 444.0 574.0 80.0 buen gobierno, y tambien tieno

862.0 498.0 523.0 60.0 unas muy lindas muchachas?

862.0 541.0 545.0 60.0 Si ven que es hombre de bien

870.0 591.0 502.0 64.0 pronto mudan las palabras,

866.0 634.0 440.0 56.0 si ven que es aficionado

862.0 673.0 485.0 58.0 al instante me lo agarran

870.0 708.0 432.0 73.0 y á la casa me lo llevan,

872.0 762.0 448.0 60.0 y entre toda esta jarana,

872.0 803.0 426.0 58.0 el pupilo que le buscan

872.0 847.0 438.0 66.0 es el dejarle sin blanca.

1052.0 878.0 341.0 72.0 Alerta jóvenes, etc.

915.0 927.0 480.0 58.0 Si quereis saber quien son

876.0 971.0 449.0 64.0 las señoritas murgantas:

878.0 1018.0 478.0 64.0 son las que en esta guerra

880.0 1056.0 436.0 57.0 emigraron de sus casas,

882.0 1105.0 372.0 58.0 una con un coronel;

880.0 1149.0 544.0 53.0 otra con un cabo de escuadr ,

878.0 1190.0 372.0 56.0 otra con un capitan

880.0 1225.0 492.0 68.0 del rejimiento de Almansa,

884.0 1279.0 395.0 56.0 otra con un carretero

882.0 1316.0 397.0 60.0 de la famosa brigada,

895.0 1349.0 498.0 77.0 y algunas con los tambores,

890.0 1401.0 546.0 74.0 porque tambien las gustaban.

1066.0 1452.0 343.0 52.0 Alerta jóvenes, etc.

932.0 1488.0 504.0 57.0 Estas son las que olvidaron

893.0 1525.0 469.0 68.0 à su padre, madre y casa,

897.0 1570.0 481.0 70.0 por saciar bien su apetito:

897.0 1618.0 368.0 64.0 ¡infelices insensatas!

897.0 1643.0 564.0 88.0 ¿qué es lo que han adelantado?

893.0 1705.0 471.0 66.0 el quedarse abandonadas,

897.0 1746.0 364.0 70.0 unas en Valladolid,

895.0 1789.0 438.0 60.0 otras cerca de Granada,

901.0 1826.0 415.0 65.0 otras en Cadiz, Sevilla,

897.0 1868.0 461.0 68.0 en Valencia, desdichadas!

907.0 1922.0 506.0 64.0 y á espensas de cualesquiera

903.0 1963.0 457.0 68.0 que quiera beneficiarlas;

901.0 1988.0 566.0 80.0 de estas en Madrid hay muchas

907.0 2052.0 409.0 64.0 y estan tan civilizadas,

901.0 2091.0 459.0 64.0 que son capaz de pegarle

905.0 2139.0 475.0 68.0 un pastel á una campana.

1079.0 2174.0 343.0 68.0 Alerta jóvenes, etc.

909.0 2219.0 430.0 64.0 Estas entre siete ú ocho

915.0 2271.0 397.0 101.0 pagan una chica sala,
