1753 2480
580 1030 607 97 SEGUNDA PARTE,

281 1111 1185 93 DE LAS BROMAS DE LAS MUGERES.

241 1257 488 89 Dije en la primera parte

192 1324 470 66 como fueron á comprar

190 1372 493 63 cada cual por su camino

188 1419 472 67 con incomparable afan.

191 1468 441 70 Lo mas caro y lo peor

186 1518 391 65 toman sin regatear,

186 1563 486 77 sin mirar que su marido

190 1620 446 58 gana muy poco jornal.

186 1662 453 54 Este sale al ser de dia

190 1705 426 69 y dice: mira, muger,

188 1751 655 75 por Dios que á las doce en punto

188 1803 405 61 he de venir á comer.

191 1843 597 80 Viendo esta que son las once,

180 1901 440 66 por no tener desazon,

180 1949 593 70 corriendo enciende la lumbre

181 1997 463 60 echando doble carbon.

180 2037 558 79 Garbanzos, carne y tocino,

180 2090 662 78 echa á un tiempo en el puchero,

179 2139 545 73 sin fregar por no acordarse

177 2186 614 99 de no haberlo hecho primero.

880 1285 533 72 Tanta prisa le dá al fuelle,

880 1330 448 69 que se olvida de quitar

879 1379 577 73 la espuma que hace la carne,

879 1432 500 65 porque la echó sin lavar.

879 1478 485 72 Pica al punto la verdura,

876 1526 554 76 dan las doce menos cuarto,

879 1574 525 69 y con un papel de estraza

873 1624 494 67 limpia cucharas y plato.

872 1669 535 73 Al fin, ya viene el marido,

873 1722 458 64 y ella que le vé entrar,

869 1764 493 72 díce : ahora llega la mia,

875 1814 522 68 y asi le principia á hablar.

868 1861 500 69 Mal haya sea el tendero,

868 1909 649 79 que me ha dado unos garbanzos,

866 1964 554 65 los mas caros y mas duros,

866 2008 651 69 no hay lumbre para ablandarlos.

866 2066 436 59 Apenas tú te salistes,

864 2109 503 61 cuando los puse á cocer,

870 2157 578 63 y aunque quieras, á su tienda

857 2203 511 80 no he de volver otra vez.
