1842 2600
118 1535 1398 150 LO CANSONE DE LAS BARRAQUETAS

160 1721 439 75 A beure á tot bitxo aposto.

202 1773 231 51 ¡Vinga mosto!

166 1801 487 73 Y al que bons tassons no jala,

158 1847 411 61 El mateix que una cigala

154 1887 457 64 Jo 'l faig ballá panxa adalt.

112 1924 675 69 (Perque válgam la moreta del oncle, só

72 1973 713 62 capás de fe engulli un regiment de suissos

72 2016 713 53 per la gargamella del mes pintat, y arran¬

72 2049 711 78 cá las entretelas del cor del que desprecía

73 2091 291 64 una finesa meval)

157 2130 543 71 Y el que s' hi torna si l' truco...

189 2172 322 56 Fuig que l' sucol!!

156 2202 482 80 Ya al Hlospital per desfilas!...

186 2254 212 55 Tant se val!

150 2289 449 55 Perque jo entre bonas filas

148 2334 389 55 Só el terne del arrabal.

144 2402 480 85 Faig las conquistas á cossas;

966 1750 273 48 ¡Quinas mossas!

927 1781 485 63 L' una caso, y l' altra planto,

927 1824 387 53 Pero á totas las encanto

926 1860 443 66 Be per forsa ó de bon grat.

879 1892 669 78 (Perque jo, fills meus, no está per ala¬

840 1941 707 66 barme; pero en que tragini la fila mes rat¬

840 1980 705 65 llada que un mapa-mundi, per las moltas

837 2020 707 73 llargandaxadas que 'ls xuris hi han fet, axó

836 2067 709 67 es una honra; y despues que quan convé

836 2101 465 65 só mes dols que una malva!)

915 2146 538 72 A una el guerxo donant fondo...

956 2194 234 44 ¡Quin arondo!

917 2220 530 72 Treu el xurí y 'm diu: «Entral»

957 2266 224 59 ¡Vaya un gat!

914 2302 488 66 Li vaig fé un trauet al ventre

913 2351 471 55 Que may mes ha atximullat.

908 2419 434 84 Al carrincló fill del Nanu,
