1753 2480
152.0 59.0 501.0 89.0 y de allí, no se por qué,

157.0 130.0 527.0 72.0 fuí de mandarin á China,

148.0 177.0 610.0 83.0 y me hallo vendiendo larina

150.0 241.0 592.0 60.0 que en Puerto-Ricó compré.

204.0 289.0 569.0 76.0 Estando eñ misa un soldado

138.0 343.0 506.0 55.0 en un naipe entretenido,

136.0 384.0 525.0 62.0 le reprendió su sargento,

136.0 427.0 519.0 75.0 y él hizo el desentendido.

194.0 481.0 409.0 66.0 Al capitan le acusó

134.0 529.0 657.0 74.0 el sargento al mismo instante,

138.0 574.0 533.0 74.0 y con humildad bastante

138.0 632.0 531.0 68.0 de esta suerte se explicó:

134.0 675.0 494.0 58.0 Señor, el naipe que yo

138.0 721.0 523.0 72.0 en la iglesia he barajado

138.0 770.0 475.0 69.0 en él tengo yo cifrado

140.0 816.0 498.0 72.0 un libro muy singular,

142.0 870.0 529.0 60.0 el cual se puso á explicar

130.0 915.0 585.0 62.0 estando en misa un soldado.

190.0 961.0 552.0 74.0 Miro en elas, muy ufano,

138.0 1012.0 517.0 66.0 en él un Dios verdadero;

140.0 1060.0 492.0 64.0 en el dos, yo considero

144.0 1118.0 515.0 60.0 lo divino con lo humano;

142.0 1167.0 546.0 54.0 en el tres, como cristiano,

140.0 1200.0 577.0 73.0 el Misterio he comprendido

142.0 1260.0 525.0 60.0 en el cuatro, he conocido

144.0 1299.0 556.0 75.0 los procederes del hombre,

140.0 1341.0 641.0 99.0 contemplaba en Dios y Hombre

140.0 1405.0 502.0 68.0 en un naipe entretenido.

196.0 1444.0 515.0 68.0 En el cinco contemplaba

144.0 1485.0 505.0 96.0 las llagas del Redentor;

146.0 1543.0 405.0 62.0 y con crecido dolor

144.0 1587.0 517.0 72.0 las lágrimas derramaba,

142.0 1640.0 519.0 67.0 sobre si seis golpes daba

146.0 1684.0 556.0 74.0 con el mayor sentimiento;

148.0 1742.0 546.0 80.0 ví en el siete muy atento

144.0 1783.0 480.0 68.0 los dolores de Maria,

144.0 1826.0 565.0 83.0 mas sin saber le que hacia

146.0 1884.0 532.0 71.0 le reprendió su sargento:

196.0 1934.0 496.0 64.0 A las bienaventuranzas

144.0 1977.0 507.0 73.0 de una á ocho esplicaba;

146.0 2027.0 534.0 66.0 en el nueve contemplaba

146.0 2081.0 523.0 70.0 los nueve coros de gloria

146.0 2128.0 482.0 60.0 el caballo por memoria

142.0 2174.0 492.0 70.0 de la reina Sabat miro;

146.0 2219.0 542.0 120.0 el rey por un Dios divino,

831.0 74.0 440.0 81.0 la sota nada observó:

828.0 138.0 457.0 62.0 el capitan le escuchó,

826.0 181.0 528.0 75.0 y él hizo el desentendido.

882.0 231.0 517.0 68.0 Adios, madre de mi vida

824.0 287.0 561.0 70.0 tronco de todas mis ramas

831.0 328.0 500.0 68.0 ya se va el hijo querido

828.0 376.0 492.0 76.0 nacido de tus entrañas.

888.0 431.0 478.0 71.0 Ya me despido, señora

833.0 475.0 465.0 68.0 madre de mi corazon,

814.0 529.0 461.0 57.0 écheme la bendicion

833.0 572.0 554.0 72.0 que ya es llegada la hora;

835.0 626.0 492.0 58.0 tan solo mi pecho llora

833.0 667.0 539.0 64.0 la ausencia de mi partida

833.0 719.0 516.0 72.0 adios, hermana querida,

833.0 770.0 498.0 64.0 no llores ni pases penas

828.0 818.0 538.0 64.0 que voy á tierras ajenas:

828.0 870.0 536.0 55.0 adíos, madre de mi vida.

882.0 915.0 546.0 66.0 Hermano, por Dios te pido

826.0 969.0 577.0 66.0 consueles á nuestra madre,

831.0 1010.0 554.0 70.0 quedas en lugar de padre,

835.0 1060.0 521.0 68.0 le darás gusto cumplido,

828.0 1111.0 519.0 67.0 mientras yo tan afligido

833.0 1155.0 578.0 68.0 me veo en tan triste calma;

822.0 1200.0 550.0 75.0 adios, hermano del alma,

833.0 1250.0 423.0 72.0 repite mi triste voz;

833.0 1291.0 624.0 81.0 madre, encomiéndame á Dios,

822.0 1355.0 556.0 64.0 tronco de todas mis ramas.

876.0 1392.0 556.0 83.0 Siento salir de mi pueblo,

835.0 1444.0 525.0 79.0 pero el dejarlo es forzoso,

833.0 1492.0 459.0 76.0 ya se acabó mi reposo

837.0 1539.0 514.0 83.0 y á padecer desde luego;

826.0 1595.0 463.0 64.0 así, señores, les ruego

831.0 1634.0 601.0 83.0 á todo el que haya ofendido,

833.0 1694.0 512.0 58.0 mil veces perdon le pido

828.0 1727.0 598.0 91.0 al verme en tanta afliccion;

835.0 1785.0 459.0 66.0 madre de mi corazon,

833.0 1826.0 500.0 71.0 ya se va el hijo querido.

884.0 1876.0 490.0 79.0 Por último, me despido

833.0 1922.0 649.0 84.0 dehermanos, primos, parientes,

831.0 1975.0 580.0 83.0 de amigos y demás gentes,

837.0 2033.0 539.0 62.0 y de un amante querido;

833.0 2074.0 506.0 69.0 adios, digo enternecido,

833.0 2120.0 564.0 85.0 que voy á tierras extrañas,

833.0 2180.0 481.0 54.0 a padecer en campaña,

831.0 2213.0 520.0 124.0 mas por eso no me aflijos:
