1094 1562
494 87 87 40 —11—

421 152 207 46 CAPÍTULO V.

129 209 793 47 En que se dá cuenta de lo que les ocurrió á los emisarios del conde

165 241 756 47 en la corte del rey Clotaldo y del resultado que tuvieron sus

168 267 123 50 gestiones.

130 320 792 47 Mientras sucedían las cosas que relatadas quedan en esta tan

129 360 792 36 maravillosa como verdadera historia, los caballeros mandados por

129 389 793 40 el conde de Provenza á la corte del rey Clotaldo, se hicieron á la

129 420 793 43 mar, con objeto de cumplir la misión que se les había encomenda-

130 454 791 37 do, de averiguar si la historia contada por Adalmira era verdadera,

131 485 790 43 y de si efectivamente era la hija del rey de Hungría, cosa que ellos

131 518 790 39 no creían, por suponer que la pasión profunda que tan súbitamente

130 551 791 38 se había apoderado del conde por la bella y desconocida joven le

131 582 791 37 vendaba los ojos haciéndole creer que Adalmira fuese una princesa

131 616 791 40 de sangre real, cuando todo su aspecto y la manera extraña con

131 647 790 42 que fué encontrada por los pescadores en la mar demostraba que

131 679 790 39 no era otra cosa que una desgraciada criatura que había inventado

131 712 789 37 toda aquella historia con ánimo de inspirar compasión á las gentes

132 743 787 44 y cautivar al noble conde de Provenza, que se había constituido en

132 777 787 41 su protector desde el primer dia. Despues de algunos días de feliz

131 809 788 44 navegación llegaron á los dominios de Clotaldo, y su primer cuida-

132 845 787 41 do fué el de enterarse por los pastores y aldeanos de si conocían á

132 875 786 41 Adalmira, y con notable sorpresa supieron que todos la lloraban

133 908 784 41 por muerta, á causa de haber sido abandonada en el mar, sin más

134 940 784 43 auxilios que los de la Providencia. Igualmente supieron la desastro-

133 973 783 37 sa vida y la horrible muerte de la madre de Adalmira, y no les

133 1004 784 41 quedó ninguna duda de que la desventurada joven era realmente

135 1037 215 41 hija de Clotaldo.

173 1064 744 42 Tranquilos respecto á este extremo, que por diferentes conduc-

135 1099 781 42 tos les fué confirmado, determinaron presentarse á Clotaldo y ma-

136 1132 782 41 nifestarle la misión que de parte del conde de Provenza traían. Re-

136 1163 781 40 cibiólos de muy buen talante Clotaldo, y se maravilló mucho cuando

137 1197 779 41 le dijeron que Adalmira era viva, y del extraño suceso de los amo-

138 1229 778 42 res del conde de Provenza; y lejos de sentirlo recibió placer en ello,

139 1262 778 39 y dijo que era una buena muchacha á la cual él habia odiado por

138 1295 779 43 creer que era hija adulterina de su mujer, la bella circasiana, pero,

138 1326 779 44 que habiendo sabido por un monje del monasterio de San Cucufate

139 1358 778 46 que la reina había sido inocente y que Adalmira era real y positi-

140 1391 776 52 vamente hija suya legítima, que estaba pesaroso de los malos tra-
