1753 2480
448 440 999 151 ROMANCE PRIMERO.

697 953 444 128 INTRODUCCION.

556 1246 26 47 I.

281 1296 461 91 Soy el cantor de la guerra,

241 1348 450 66 y en mis romances el alma

239 1387 465 72 no busca lauros, que busca

239 1426 459 67 el santo amor de la Patria.

237 1464 498 76 No es mi voz la voz del genio

235 1504 412 70 que atrevida se levanta,

232 1548 435 68 ni es el triunfo del artista

232 1591 426 62 el norte de mi esperanza.

228 1620 557 87 Mas, aunque humilde mi nombre,

226 1668 468 66 mi propio acento me basta;

224 1709 619 91 que honran las glorias de un pueblo

224 1748 441 66 á los hijos que las cantan.

256 1788 354 62 En el seno del hogar

216 1828 510 74 madres, amantes y hermanas,

216 1862 435 72 orando por los que lidian,

216 1904 439 68 á los que lidian aguardan.

213 1942 429 66 Si corazones que sienten

210 1985 447 65 responden á mis palabras;

208 2022 456 62 si al descubrir mis afectos,

206 2063 444 68 sus nobles afectos hallan,

214 2101 399 64 y vierten sobre mi libro

205 2145 416 64 de gratitud una lágrima,

202 2181 447 70 no quiere mas recompensa

198 2223 390 94 el que la logró tan alta.

1219 1284 57 38 II.
