1753 2480
142.0 49.0 428.0 89.0 «Doña Inés del alma mia»

109.0 105.0 360.0 62.0 la carta comienza asi;

109.0 146.0 380.0 58.0 Inés con estas palabras

111.0 186.0 428.0 62.0 ya siente su pecho hervir.

150.0 219.0 373.0 53.0 Va leyendo la inocente

111.0 258.0 416.0 64.0 y los ojos se le enturbian,

109.0 299.0 345.0 52.0 pero la dice la vieja:

109.0 326.0 457.0 60.0 «Seguid, seguid la lectura.»

148.0 369.0 554.0 73.0 Dan las nueve: el toque de ánimas

111.0 400.0 471.0 58.0 ya lo anuncian las campanas,

113.0 442.0 422.0 49.0 suenan pasos: es D. Juan!

105.0 473.0 413.0 51.0 Inés le vé y se desmaya.

148.0 508.0 424.0 54.0 Tenorio la toma en brazos

111.0 543.0 393.0 50.0 y al instante se la lleva:

111.0 572.0 391.0 64.0 Brigida quiere seguirla,

111.0 620.0 376.0 53.0 y Ciutti carga con ella.

146.0 644.0 455.0 77.0 La Abadesa entra en la sala

113.0 688.0 321.0 53.0 porque ruido sintió:

107.0 725.0 393.0 45.0 llega D. Gonzalo y dice

107.0 756.0 459.0 62.0 que allá viene por su honor.

144.0 795.0 451.0 68.0 Pronto la carta vé en tierra;

109.0 824.0 360.0 58.0 leyendo está con afan:

111.0 865.0 453.0 56.0 vé que á su hija es dirigida

109.0 909.0 416.0 54.0 y la firma es de D. Juan.

144.0 938.0 432.0 62.0 Don Gonzato sale en busca

109.0 977.0 432.0 46.0 de su hija y dice al partir:

115.0 1010.0 420.0 50.0 «Señora voy por mi honor

105.0 1039.0 467.0 87.0 que os roban á vos de aquí.»

868.0 62.0 393.0 74.0 Tenorio ruega á los dos,

864.0 115.0 442.0 56.0 mas no quieren escucharle.

901.0 155.0 438.0 62.0 Don Juan de un pistoletazo

866.0 194.0 417.0 49.0 mata al padre de su Inés;

864.0 225.0 465.0 54.0 cruza con D. Luis la espada,

866.0 262.0 452.0 56.0 le hiere y muere á sus piés:

866.0 303.0 423.0 58.0 y mientras se lanza al rio,

864.0 332.0 365.0 56.0 buscando la salvacion,

862.0 367.0 469.0 56.0 dice:—¿ya de mi en la tierra

864.0 409.0 446.0 74.0 responda el cielo; yo no.—

864.0 609.0 465.0 75.0 que estuvo ausente Tenorio,

893.0 555.0 444.0 79.0 Cinco años han trascurrido

866.0 657.0 403.0 51.0 y al fin regresa á Sevilla

864.0 698.0 374.0 48.0 á buscar dulce reposo.

864.0 770.0 465.0 48.0 se ha convertido en panteon,

899.0 727.0 444.0 54.0 Al llegar vé que el palacio

866.0 795.0 459.0 68.0 porque esta fué de su padre

866.0 839.0 343.0 47.0 suprema disposicion.

864.0 907.0 448.0 62.0 de Gonzalo y de don Diego,

901.0 878.0 399.0 47.0 Allí están las sepulturas

866.0 948.0 382.0 48.0 de Mejia... y la de Inés

866.0 979.0 428.0 54.0 que murió de sentimiento.

901.0 1012.0 475.0 56.0 En cada una hay una estátua

864.0 1041.0 467.0 62.0 que es el retrato del muerto,

870.0 1085.0 475.0 66.0 y el escultor vá á marcharse,

868.0 1124.0 376.0 49.0 de sus obras satisfecho.

901.0 1153.0 378.0 68.0 En esto llega don Juan:

864.0 1186.0 372.0 58.0 no le conoce el artista,

866.0 1223.0 380.0 54.0 y le cuenta de Tenorio,

866.0 1262.0 432.0 56.0 los crímenes y conquistas.

901.0 1295.0 527.0 97.0 Al saber que aquel que le habla

864.0 1328.0 392.0 56.0 es don Juan, el escultor

868.0 1370.0 436.0 56.0 le entrega la llave, y huye

864.0 1405.0 432.0 60.0 lleno de angustia y pavor.

897.0 1448.0 399.0 66.0 Tenorio altivo á lo sumo

866.0 1475.0 339.0 58.0 ha quedado solo alli,

868.0 1516.0 502.0 52.0 y dice hablando á los muertos:

870.0 1558.0 465.0 47.0 «No os podeis quejar de mí.»

901.0 1583.0 479.0 53.0 Pero al contemplar la estátua

870.0 1620.0 453.0 56.0 de su Inés, en la conciencia

864.0 1661.0 434.0 48.0 siente atroz remordimiento

870.0 1688.0 467.0 62.0 y un malestar que le enerva.

909.0 1725.0 469.0 52.0 Y arrodillado ante el mármol

866.0 1758.0 469.0 62.0 que guarda su imágen pura,

870.0 1800.0 413.0 62.0 la pide le guarde un sitio

866.0 1837.0 378.0 54.0 en la misma sepultura.

903.0 1872.0 343.0 56.0 Entonces desaparece

866.0 1907.0 390.0 52.0 la estátua de doña Inés;

868.0 1942.0 436.0 52.0 mas su sombra se apercibe

868.0 1979.0 395.0 58.0 del panteon en la pared.

903.0 2021.0 461.0 51.0 —Humillate y serás salvo

868.0 2050.0 380.0 55.0 le dice la sombra pura:

874.0 2087.0 517.0 64.0 —muy pronto tendrás un puesto

866.0 2130.0 426.0 48.0 en mi misma sepultura.—

901.0 2159.0 380.0 58.0 La sombra desaparece:

866.0 2192.0 399.0 58.0 don Juun Tenorio delira,

870.0 2238.0 399.0 82.0 y contempla las estátuas

1031.0 498.0 333.0 93.0 SEGUNDA PARTE.

427.0 1116.0 46.0 64.0 V.

146.0 1161.0 391.0 76.0 En las márgenes del rio

109.0 1217.0 414.0 56.0 tiene una quinta D. Juan;

105.0 1252.0 428.0 60.0 la triste Inés no recuerda

109.0 1297.0 411.0 60.0 que nunca estuviese allá.

146.0 1330.0 434.0 65.0 Al saber que es de Tenorio

105.0 1368.0 411.0 55.0 quiere salir de la quinta,

109.0 1405.0 424.0 58.0 pero él la calma diciendo:

111.0 1440.0 391.0 56.0 «Cálmate ya vida mia.»

144.0 1469.0 486.0 81.0 Don luan se postra á sus piés

107.0 1504.0 308.0 58.0 y la dice seductor:

109.0 1543.0 492.0 66.0 «¿No es verdad, hermosa mia,

109.0 1585.0 382.0 53.0 que todn respira amor?

146.0 1614.0 434.0 68.0 Don Juan le toma la mano,

111.0 1651.0 416.0 51.0 filtra el amor por sus ojos

111.0 1686.0 471.0 74.0 y ella entrega, triste incauta,

107.0 1729.0 356.0 48.0 su corazon á Tenorio.

148.0 1760.0 321.0 50.0 En esto llega Mejía

105.0 1791.0 405.0 60.0 para vengar á doña Ana,

109.0 1826.0 469.0 71.0 ya que él entró por sorpresa

109.0 1870.0 376.0 54.0 en el salon de la dama.

148.0 1901.0 377.0 66.0 Viene Gonzalo despues

107.0 1936.0 339.0 58.0 á reclamarle su hija:

109.0 1969.0 438.0 58.0 Tenorio que ama de veras,

109.0 2015.0 345.0 53.0 le recibe de rodillas.

142.0 2046.0 409.0 53.0 Le ruega que le perdone

105.0 2083.0 438.0 58.0 porque siente pasion pura,

109.0 2124.0 432.0 56.0 por lués y, si el le acepta,

109.0 2163.0 385.0 50.0 su salvacion es segura,

142.0 2184.0 434.0 68.0 Don Gonzalo le desprecia;

105.0 2221.0 420.0 97.0 D. Luis le llama cobarde:
