1146 1562
526 103 109 45 — 19—

173 149 816 39 veces, si la querida de su esposo habria usado de algunos maleficios

171 181 816 37 para hacerla padecer tan terriblemente. ¡Qué credulidad la de aquella

171 208 816 38 época! No trascurrió mucho tiempo sin que á la misma reina doña Jua-

171 239 814 34 na le pareciera insoportable aquella existencia, y poco despues llamó al

171 268 813 35 cardenal Cisneros, haciéndole saber que no podia vivir por más tiempo

171 295 814 36 en la capital donde habia muerto su marido; pero el cardenal queria

171 323 813 40 suspender por entonces la determinacion, á causa de hallarse en un es-

170 353 813 40 tado avanzado de preñez; mas como la voluntad de doña Juana fué

170 385 812 39 siempre decidida, no se atrevió á oponerse á su mandato. Se trasladó

169 413 618 35 la córte á Valladolid, por órden expresa de la reina.

205 445 777 32 Haciendo jornadas muy cortas salió de Búrgos el 20 de Diciembre de

171 470 811 38 1506, acompañada de un crecido número de vasallos con hachas encen-

170 500 811 38 didas, muchos frailes franciscanos tambien con luces, el prior de la Car-

168 527 813 42 tuja y algunos monjes que decian misas diarias por el alma del sobera-

170 561 811 34 no, cuya caja iba en medio de esta fúnebre comitiva, seguida del coche

171 584 808 40 de la desdichada doña Juana y de las damas y caballeros de su palacio.

170 615 811 39 De esta manera marcharon hasta llegar á Torquemada, donde la reina

170 647 810 35 no quiso pasar adelante, alojándose en casa de un clérico, y exponiendo

170 672 807 42 que el estado de su salud no le permitia seguir. El 14 de Enero de 1507

169 701 543 37 parió en este pueblo á la infanta doña Catalina.

202 725 778 43 Triste y desconsolado fué este año para España. A consecuencia de

168 759 811 39 una miseria y escasez grande, se desarrolló una peste que causó innu-

168 790 812 36 merables extragos. ¿Y se creerá que, á pesar de ser el pueblo de Torque-

166 820 813 35 mada uno de los más invadidos por la epidemia, no bastasen los ruegos

163 844 815 39 del cardenal á que continuara la reina su camino? Muchas y muy rei-

167 877 811 36 teradas fueron las instancias que á este le costó, hasta lograr que á fines

165 905 813 37 de Abril se volviese á emprender la marcha con el mismo aparato que

164 934 814 37 al principio; pero pronto se cansó de viajar. Al llegar á Hornillos, dis-

164 962 816 37 tante dos leguas de Torquemada, quiso fijar su residencia en él, expo-

164 989 814 39 niendo viviria con más comodidad que en una grande poblacion. De

164 1019 814 36 manera que volvió á encerrarse en este pequeño pueblo con el inanima-

163 1046 813 38 do cuerpo de su esposo, no cesando de hablarle, ya con cariño, ya con

163 1076 816 46 quejas, ya con reconvenciones, que aumentaban más su incurable

164 1104 94 41 locura.

196 1115 783 54 Todo seguia de este modo, hasta que la dieron noticias de la venida

160 1160 820 37 de su padre á España. Esta noticia la recibió con gran placer, porque al

159 1189 819 38 momento manifestó deseos de salir á encontrarse con don Fernando en

158 1216 822 38 Castilla, advirtiendo que habia de ser en cortas jornadas y con el mis-

158 1245 821 38 mo cortejo fúnebre. Inútilmente se cansaba el regente del reino, arzo-

158 1273 818 68 bispo de Toledo, para hacerla viajar de dia, sin el cuerpo de su esposo;
