2148 3034
1087 207 169 109 — 8 —

507 318 1332 91 se atreve á beberla, teniendo que llevarla en vasijas, como tuvi-

505 357 506 72 mos que hacer nosotros.

551 402 1291 101 Por medio de estas sierras áridas pasa un caudaloso rio, el

507 453 1332 98 cual circumbala dos altísimas montañas que se descubren desde

509 509 1328 89 mas de treinta leguas por la parte del mar, sobre cuyas encum-

509 557 1330 88 bradas cimas descansa el arca de Noé, la que tiene todos sus cos-

507 600 1332 92 tados poblados de yerbas, verdin y musgo, advirtiéndose tam-

505 647 1331 96 bien estar sus bordes blancos por el estiércol de la muchedumbre

502 702 1334 88 de aves que sobre ella paran, y á la que nadie puede llegar sin

502 751 1330 88 exponerse á un inminente peligro por lo inexpugnable del sitio.

569 795 1265 93 Despues pasamos á la ciudad de Armenia, que es una de las

497 849 1337 89 mas fuertes y populosas del mundo; á nuestra llegada fuimos

497 895 1342 96 presentados al rey, quien nos preguntó nuestra procedencia y á

497 940 1320 98 qué parte nos dirigiamos; á lo que satisfizo nuestro intérprete,

495 992 1320 95 diciendo éramos vasallos del rey de Castilla y Leon, en España,

495 1043 1332 82 y entre nosotros iba un pariente suyo: que nuestro viaje se diri-

492 1090 1332 91 gia á ver al Preste Juan de las Indias. Mucho se alegró el rey de

492 1136 1323 99 ello, mandando se nos diese muy buen hospedaje en su palacio,

494 1186 1325 98 en el que permanecimos veinte dias por órden suya, en cuyo

490 1228 1330 96 tiempo se informó de la grandeza de nuestro soberano y de la

488 1282 1329 88 abundancia de sus tierras. Pasado este tiempo le pedimos su be-

487 1331 1330 86 neplácito para proseguir el camino, y habiéndolo concedido, y des-

487 1378 1327 93 pues de prodigar muchos ofrecimientos á nuestro soberano el rey

483 1425 1327 97 de Castilla y Leon, entregó al infante quinientas piezas de oro

483 1476 1321 91 nara ayuda del viaje, que emprendimos para Babilonia, en Egipto.

551 1527 1244 91 Habiendo llegado á aquella ciudad nos presentamos al rey, y

480 1565 1327 103 despues de haberle informado García Ramirez quiénes éramos y

477 1618 1330 87 á qué provincia nos encaminábamos, se complació en conocer-

477 1668 1328 93 nos, manifestando ser paisano nuestro, natural de Castilla, hijo

475 1714 1330 92 del maestro Martin Yañez, natural de la Barbada, y que él habia

475 1764 1329 88 nacido en Villanueva de la Serena; que con motivo de haber

473 1806 1329 95 muerto los moros á su padre, le cautivaron á él siendo niño; y el

472 1857 1325 96 rey de Granada lo presentó al de Fez, quien lo crió en su secta;

472 1904 1330 96 y sabiendo era hijo de honrados padres, apasionados los moros á

468 1963 1334 81 sus buenos procederes y disposiciones, le aclamaron por soldan. Es-

470 2000 1330 91 te es el motivo, queridos paisanos, prosiguió diciendo, de hallar-

467 2051 1330 98 me en esta posicion en que me veis, en la cual os ofrezco servir

468 2098 1327 91 todo el tiempo que gusteis permanecer aquí, seguros de que na-

463 2144 1327 94 da os hará falta. Condescendimos con su solicitud, permanecien-

463 2197 1332 98 do á su lado cerca de un mes, regalándonos y obsequiándonos

461 2240 592 82 muy bien y cumplidamente.

526 2294 1264 97 Una tarde que salimos á pasearnos por la ciudad, vimos en

460 2342 1328 100 una de las plazas más públicas el cruel suplicio á que estaba des-

460 2390 1327 153 tinado un infeliz moro, enterrado hasta el cuello con señales de
