1122 1554
475 96 110 36 —15—

134 132 786 41 no perdonaba ocasion de mortificarla de todas maneras. Viendo que

133 167 787 36 nada conseguiría mientras el viejo criado saliese á la defensa de

133 195 788 43 Adalmira, levantó un falso testimonio para perderle, y fué el man-

133 227 786 44 dar un propio al conde de Provenza diciéndole que el criado y

134 262 785 40 Adalmira se amaban, y le estaban quitando la honra que tan lim-

133 293 785 40 pia supieron dejar sus antepasados; y no contenta con esto y á pre-

134 327 786 41 texto de velar por la honra del conde, mandó encarcelar al fiel

133 359 787 39 servidor y cargado de cadenas fué metido en una hedionda mazmo-

133 390 789 39 rra del castillo, sin más compañía que la del perro que había salvado

133 423 788 39 á Adalmira y que fué también constituido en prisión, sin duda para

133 458 787 40 que no volviese á libertar á su ama de los castigos que tal vez

135 486 392 42 meditaba darla la vieja condesa.

173 520 748 41 Libre ya para poder hacer cuanto se le antojase sin que el fiel

133 552 786 37 criado del conde pudiese estorbarlo, la vieja señora volvió á sus

134 585 786 38 insultos hácia Adalmira, martirizándola de todas maneras, haciéndo-

134 618 786 43 la pasar hambres, dándole zurras á su nietecito, y en fin, discu-

133 651 786 39 rriendo toda clase de diabluras para hacerla sufrir. Adalmira sufrió

133 684 785 42 con un verdadero heroismo todas estas venganzas de aquella infa-

133 716 786 42 me vieja y se pasaba todo el día llorando. Muchas veces tenía pen-

133 753 786 38 samiento de irse del castillo con su hijo á ganarse el sustento libre

133 779 786 44 de aquella harpía, pero le contenía la consideración de no poder

133 813 784 40 trabajar á causa de la falta de sus manos. También quiso escribirle

133 845 784 42 á su esposo para descubrirle la perfidia de su suegra, pero como no

133 876 782 43 se podía fiar de nadie como no fuera del pobre criado, y éste se ha-

133 909 783 43 llaba preso y calumniado á causa de su fidelidad, tuvo que renun-

132 941 783 42 ciar á su idea, pues tampoco podía ella escribir por sí misma. Deses-

133 973 783 41 perada por tantas desdichas y atrocidades como le hacía sufrir la

132 1007 784 41 anciana condesa, tuvo momentos en que se quiso arrojar de lo alto,

132 1042 782 37 del castillo contra los rastrillos, pero siempre la detuvo el amor de

133 1071 779 40 su hijo, que sin ella se vería expuesto á perecer sin remisión alguna.

170 1103 744 40 La madre del conde, que estaba creida que Adalmira era ver-

131 1134 782 42 daderamente una mujer de baja ralea, pues nunca dió crédito á su

131 1165 782 40 historia, discurrió que puesto la habían encontrado unos pescado-

132 1199 782 40 res en el mar, en donde estaba abandonada á merced de los ele-

131 1231 781 40 mentos, el mejor castigo que podía darla era meterla otra vez en

131 1264 782 39 una lancha y amarrarla de la misma manera que contaba había si-

131 1295 781 41 do amarrada de orden del rey Clotaldo y abandonada en alta mar.

130 1328 784 41 Firme en su malvado propósito, mandó á sus criados que una no-

129 1360 785 38 che secretamente la metiesen en un lanchón, y bien amarrada la

130 1389 783 60 llevasen con su hijo á alta mar y que allí la dejasen á merced de
