1842 2600
845 137 101 63 —7—

212 222 441 39 adios sant matrimoni:

216 248 460 58 bona l' hem feta Magí.

213 293 562 50 Entra l' Avia, saluda y diu.

82 333 659 58 Avia. Deu lo guart, senyó Rectó.

82 381 698 56 Rectó. Deu vos guart, Avia axerida.

79 424 618 54 Avia. Ya la veig la Margarida.

80 466 626 68 Rectó. Y be, ¿qué porteu de bó?

80 498 760 78 Avia. Després estaré per tú. (á Marg.)

213 559 633 67 (al Rec.)Senyó Rectó, escoltimbé;

215 603 427 67 que tot lo que li diré,

213 652 538 57 no vuy que ho senti ningú.

82 690 638 68 Rectó. Ja us escolto; aneu dient:

215 742 490 62 no sigueu gayre pesada.

80 782 718 64 Avia. No 'm passo avuy de bugada;

213 829 536 65 per aixó he vingut corrent.

83 872 587 74 Rectó. Deixeuvos de tonterías

218 915 495 64 y aneu al gra tot seguit.

80 960 690 69 Avia. Sí senyó que 'n tinch neguit

213 1005 580 59 d' habersem mort las dos tías.

216 1053 504 57 Pero vuy dirli que á casa

213 1102 544 60 ens en passa una de grossa;

215 1145 634 64 ¿qué no veu que aquesta mossa

213 1188 492 58 está plorant com un asa?

213 1237 500 58 No sé per qué 'ls va casa;

215 1272 589 65 ¿qué no hu veya quen Saldoni

216 1327 493 52 no era bo pel matrimoni?

216 1366 546 58 jo hu vaig veure l' endemá.

215 1411 521 50 Fa dias que no s' arriman;

215 1461 573 48 sempre 's parlan ab quimera;

216 1503 575 55 que encara que tinch sordera,

213 1544 555 65 ja conech que no s' estiman.

216 1590 458 56 Es un gandul dit y fet;

213 1632 477 56 á la taberna 'l dia passa

213 1678 542 56 sempre allí fenne bromassa,

218 1721 475 60 y tot lo día á fe 'l gotet.

221 1768 437 49 Y sens donarme dinés

218 1811 531 58 vol que 'ls guisi bona teca:

216 1853 477 60 y á la tenda y á la fleca

215 1899 466 62 ja no 'ns volen fiá mes.

218 1944 515 63 ¡Ara vegi quánts de mals!

221 2000 525 49 y vosté que está enllustrat

215 2035 451 59 pot coneixa 'l disbarat

216 2081 509 52 que va cometre en casals,

218 2121 489 65 Al menos búsquili feyna

219 2169 564 64 ben poqueta y ben pagada...

86 2201 763 78 Marg. ¡No sigui, mare pesada! (La

528 2250 327 71 agafa pel bras.)

85 2298 761 79 Rectó. ¡Deu meu, y quina paciencia!...

1272 218 382 78 (Li gira l' esquena)

884 244 660 66 Avia. ¿Y tú que tens Margarida?

1021 293 540 62 ¿Quina mes ten ha passada?

1017 338 517 57 Sembla estás desesperada,

1025 382 435 60 y per demés afligida.

885 421 764 71 Marg. Lo Saldoni me ha fugit (cridant)

1018 473 618 68 y Deu sap ya ahont deu passá;

1012 518 471 64 ¿cóm podré jo descansá

1019 566 457 50 sense mon amat marit?

888 595 669 76 Avia. Si que ets ben desgraciada.

887 648 524 65 Rectó. Mes jo la consolaré;

1019 690 482 64 jó an Saldoni 't tornaré.

887 732 761 85 Marg. Per Deu no'm porti enganyada:

1018 781 477 55 consideri el meu neguit

1018 826 448 52 si perdo lo meu marit,

1018 868 432 57 per tot lo mon aniría,

1018 911 504 64 allá ahont fos lo buscaría,

1021 964 445 55 y estiga ben persuadit

1018 1003 441 57 que de pena moriría.

887 1044 612 68 Rectó. Tingas confiansa que jó

1019 1093 443 68 tel faré se bon minyó,

911 1141 642 63 puig per tení enteniment

907 1188 664 61 li tinch de té un escarment,

1019 1230 451 57 correns lo faré agafá.

887 1271 762 68 (Mentres dura la conversa lo Rectó sen vá)

887 1318 635 64 Avia. Mira, el cor me está dient

1019 1366 463 51 que en Saldoni tornará,

1024 1412 479 55 y que ab tú se abrassará

1019 1460 521 50 mostrant s' arrepentiment;

1018 1503 524 58 preguem á Deu Margarida

1019 1539 398 57 que torni ben abiat,

1019 1581 470 58 que conegui el disbarat

1018 1626 529 59 que ha comés ab la fugida.

885 1668 728 75 (Se agenollan y fan la següent oració)

888 1718 633 65 A duo Deu meu teniu compassió

1019 1763 451 52 del desgraciat Saldoni,

1017 1807 507 52 que aconsellat del dimoni

1019 1854 415 57 camina á la perdició:

1021 1899 467 58 feu que torni arrepentit

1019 1941 424 58 ab la seva Margarida

1022 1984 468 61 y que vinga desseguida

1019 2032 469 55 com un verdader marit.

888 2071 766 66 Surt lo Saldoni y lo senyó Rectó que 'l

928 2120 729 64 porta agafat de una orella y un bastó á

930 2166 238 62 la altre má.

888 2207 607 63 Rectó. Dona á ta esposa la ma,

1021 2253 513 61 que ara 't vaitg á descasá.

893 2295 761 79 (S'agollona y dona la má á la Margarida)
