939 1287
45 28 356 24 olad col los pies toda,

40 42 361 37 y las fuerzas con vuestro for¬

39 70 362 41 nmidable poder. No permi¬

39 101 361 38 ntais, que ellos violenten

38 130 362 41 n vuesrro Templo, y sa¬

39 167 359 30 oqueen la casa, en que vues¬

37 190 361 37 ntro nombre siempre ha si¬

37 224 361 36 ndo invocado. Haced, que

38 252 360 36 nesre barbaro General, que

37 288 361 32 o se promete gozar nuestros

36 312 362 36 odespojos, sea preso por mi

35 342 365 37 ncon el lazo de sus ojos, y

34 373 366 38 nque su propio alfange di¬

34 402 367 36 n vida el alma del cuerpo.

35 432 366 39 »Heridle con la gracia, que

34 461 366 42 n vuestra bendicion hará que

34 495 366 38 ntengan mis labios, y la

32 521 368 40 neloquencia quedará á mis

31 552 369 40 o palabras. Animad, mi co¬

30 579 371 41 »razon, Dios mio, y for¬

28 615 373 36 o tificad mi brazo, Dueño

30 642 371 39 a de mi alma ; para concluir

28 673 373 40 neste grande hecho, que

30 702 371 40 o siempre será vuestro, y

30 733 369 39 osacad una crerna honra

30 762 369 40 ode haber abatido este co¬

31 796 364 31 o loso por manos de una

28 820 367 43 omuger flaca, y debil.

30 856 365 34 » Vuestra fuerza no consiste

30 880 365 38 »en la muchedumbre de sol¬

30 911 364 36 n dados, ni en el valor de

31 942 363 38 o los campeones. No son es¬

31 970 364 37 ntos soberbios guerreros á

32 1000 363 36 o quien debe aguardar el so¬

33 1029 361 39 o corro de vuestro brazo, si¬

33 1063 361 33 ono el ruego de los humildes

35 1093 364 30 ograngea vuestro corazon,

33 1119 366 39 o y lleva vuestras fuerzas á

34 1148 365 54 nsu proteccion. Dios de los

422 4 361 48 »Cielos, Criador de las

423 45 363 35 n aguas, y Dlos de toda la

422 76 362 33 anaturaleza, oid a vuestra

417 100 367 41 npobre sierva, que solo con¬

417 131 367 38 o fia en vuestras misericordias,

417 168 365 31 y acordaos de vuestro Tes¬

416 190 368 38 o tamento. Dad consejo á

417 223 367 37 o mi corazon, palabras á mi

418 255 364 35 o boca, y fuerza á mis bra¬

417 287 365 35 »zos, para defender vues¬

417 314 365 37 otra casa, y que todas las

418 341 364 38 »Naciones de la tierra habi¬

417 372 363 43 otable sepan que no hay

416 402 297 36 »otro Dios sino vos. te

464 431 314 37 Estas eran las armas, y

420 465 363 36 maquinas de esta excelente

420 495 364 36 muger ; esta era la confianza

417 527 365 33 que tenia en el Dios de los

416 552 366 36 Ejercitos. Despues de acaba¬

419 580 363 38 da esra oracion, salió de su

419 611 362 41 Oratorio, y bajó á su Cama¬

417 642 362 40 ra, llamando á una esclava,

414 670 367 43 para que la vistiese, y ador¬

414 701 365 36 nase. Quitóse el luto que tra¬

413 731 368 41 hia por su viudez, dejó el

412 761 368 41 cilicio lavóse y perfumóse.

414 797 365 35 Pusose sus galas, y adornos,

413 824 367 37 peynó la trenza de sus her¬

414 851 365 38 mosos cabellos con sus ma¬

415 879 364 42 nos delicadas, y cubrió la

411 911 368 40 cabéza con riquisimo cendal,

412 940 367 38 adornó con pendientes sus

413 977 366 30 orejas, sus munecas con ma¬

413 1000 365 38 nillas, su cuello con rica gar¬

411 1030 368 37 gantilla, sus dedos con sor¬

411 1064 365 36 tijas, su pecho con algunas

413 1093 363 37 joyas. Calzóse unos bellos

413 1122 363 37 chapines, que la hacian ga¬

414 1148 364 51 llarda, y agigantada donce¬

573 1184 55 39 B2

732 1179 48 53 lla.
