1800 2468
176.0 172.0 636.0 62.0 Pues la otra mosquita muerta

172.0 234.0 636.0 60.0 aunque el marido es bainazas,

170.0 273.0 531.0 70.0 en los cuernos de la luna

172.0 316.0 626.0 87.0 lo ha puesto la muy taimada.

174.0 374.0 537.0 70.0 Pues el otro boquirrubio,

176.0 436.0 546.0 57.0 que triunfa pasea y gasta

176.0 487.0 434.0 62.0 á costa de la muger,

176.0 534.0 603.0 66.0 porque lo sufre y lo aguanta.

181.0 577.0 561.0 64.0 Y otra dice: pues no sabes,

174.0 629.0 599.0 68.0 como un casamiento tratan,

174.0 682.0 498.0 60.0 á Domingo el zapatero;

178.0 730.0 653.0 70.0 y lo que à mí mas me espanta,

176.0 791.0 572.0 64.0 que siendo un perafustran,

174.0 839.0 583.0 57.0 le entregan una muchacha,

178.0 882.0 667.0 66.0 que es discreta, hermosa y rica,

176.0 931.0 562.0 70.0 la verdad está averiguada,

178.0 981.0 457.0 76.0 y á él lo hacen raton,

178.0 1034.0 558.0 68.0 pues aperciben la trampa.

176.0 1092.0 502.0 59.0 Otra dice amigas mias,

181.0 1127.0 578.0 82.0 yo no me espanto de nada;

181.0 1190.0 567.0 70.0 porque todas nos mojamos

178.0 1229.0 634.0 81.0 cuando llueve recia el agua...

181.0 1291.0 532.0 62.0 Otra responde, yo tengo

178.0 1336.0 546.0 64.0 al sacristan de Churiana,

185.0 1388.0 438.0 76.0 y la cera que recoge

181.0 1443.0 602.0 62.0 entre el domingo y semana,

183.0 1489.0 582.0 72.0 la vende y me da el dinero,

183.0 1544.0 639.0 62.0 entra y sale, y santas pascuas.

185.0 1591.0 565.0 72.0 Pues yo tengo un aceitero,

185.0 1649.0 623.0 64.0 que me requiere y me regala.

187.0 1700.0 662.0 72.0 y entre en achaque de aceite....

189.0 1748.0 617.0 65.0 ya tú me entiendes Mariana.

185.0 1803.0 506.0 64.0 Otra dice, amigas mias,

187.0 1848.0 631.0 74.0 yo tengo un cabo de escuadra

185.0 1900.0 567.0 68.0 que va conmigo á la parte,

185.0 1935.0 674.0 90.0 porque es mozo de importancia,

187.0 2001.0 580.0 74.0 y el que no quiere pagarme

185.0 2048.0 654.0 70.0 con buen modo y con palabras

187.0 2103.0 586.0 68.0 le bace que me pague doble

185.0 2151.0 530.0 70.0 como parte interesada....

187.0 2200.0 473.0 68.0 Otra: dice suspirando,

189.0 2258.0 563.0 70.0 yo soy la mas desgraciada,

189.0 2307.0 596.0 72.0 porque tengo un estudiante:

187.0 2354.0 551.0 101.0 de condicion tan estraña,

946.0 164.0 580.0 70.0 que siempre me tiene ahita

940.0 211.0 732.0 81.0 de hambre y otras circunstancias;

942.0 263.0 477.0 74.0 si le digo alguna cosa,

946.0 327.0 489.0 63.0 me da con una sotana.

948.0 370.0 481.0 66.0 Otra dice: compañera,

950.0 431.0 494.0 58.0 tenemos mala cartada:

948.0 470.0 566.0 68.0 que yo tengo un peluquero

946.0 528.0 568.0 66.0 que ya me tiene enfadada,

946.0 569.0 565.0 70.0 pues nunca le ha merecido

946.0 621.0 526.0 65.0 media libra de azofaifas,

946.0 674.0 543.0 66.0 y cuando viene de noche,

944.0 726.0 578.0 69.0 despues de no darme nada,

944.0 773.0 504.0 62.0 me hace mas preguntas

948.0 832.0 619.0 64.0 que tiene un misal de pascua,

948.0 876.0 485.0 72.0 y me trae entretenida,

948.0 933.0 547.0 54.0 con que de hoy á mañana

950.0 972.0 564.0 74.0 dice aguarda conveniencia

952.0 1032.0 553.0 70.0 y que seré bien premiada,

956.0 1077.0 477.0 70.0 y nunca llega este dia,

956.0 1124.0 574.0 75.0 y asi no se lo que me haga.

956.0 1174.0 541.0 64.0 Y las demas la responden

952.0 1225.0 487.0 68.0 esa es valiente bobada,

952.0 1271.0 679.0 86.0 que mas quiera el muy taimado

954.0 1332.0 463.0 66.0 si cuanto desea halla!

958.0 1382.0 453.0 65.0 Eso lo mismno hiciera

956.0 1429.0 467.0 72.0 el borrico de la noria;

962.0 1470.0 621.0 82.0 y pues que no es de provecho

956.0 1536.0 492.0 72.0 darle con las calabasas

956.0 1585.0 586.0 66.0 que no es razon que tu estés

956.0 1637.0 496.0 61.0 sacandoles las entrañas

958.0 1686.0 459.0 72.0 á otras por darle á èl,

958.0 1735.0 553.0 64.0 esa es doctrina muy mala

958.0 1795.0 535.0 58.0 tan solo hemos de querer

958.0 1842.0 562.0 62.0 y adorar dentro del alma,

958.0 1890.0 611.0 65.0 no aquel que nos diga dame,

950.0 1941.0 605.0 70.0 sino aquel que digamos dace.

958.0 1986.0 630.0 78.0 Como pueda dar buen manto

956.0 2038.0 504.0 68.0 el que tiene mala capa!

962.0 2095.0 506.0 64.0 Y todos de esta manera

962.0 2140.0 475.0 70.0 pareceis unas urracas,

960.0 2188.0 599.0 72.0 refiriendo cuentos viejos—

960.0 2245.0 490.0 70.0 sonrisa y con algazara,

958.0 2299.0 588.0 62.0 con chanza y con alboroto,

962.0 2342.0 593.0 97.0 no atendeis á lo que cantan,
