1091 1557
498 77 79 28 —21—

148 102 750 47 precipitacion de la carrera se le habian caido del bolsillo,

148 144 724 40 única solucion más admisible que podia tener el asunto.

189 175 711 43 Blas maldijo su demasiada prisa, su imprevision y no

149 211 753 43 sé cuantas cosas más, antes de decidirse á desandar lo an-

149 245 749 41 dado, y buscar aquel dinero, reunido con tantos afanes y

150 281 597 42 sudores y perdido en menos de cinco minutos.

193 314 680 43 ¡Y no habia más sino que buscarle ó quedarse sin él!

188 350 710 43 Pero era todo en servicio de Ana, que en ello tenia gran

149 384 293 42 interés, y no titubeó.

190 418 619 43 Afortunadamente no tuvo que trabajar mucho.

187 453 708 46 A los pocos pasos que anduvo dió con lo perdido, es de-

146 490 754 41 cir, con sus tres luises, y aun esta vez no se contentó con

147 526 750 39 encerrarlos en la mano, sino que los guardó en la boca,

148 559 555 39 único sitio donde los conceptuó seguros.

188 598 711 37 Solo que tuvo que contentarse con no hablar, lo cual

148 629 750 47 fué una ventaja, pues así llegó antes y con antes á deposi-

151 666 391 44 tarlos en el tronco del sáuce.

506 733 59 49 IV.

383 801 293 47 La urraca ladrona.

192 871 709 44 Inescrutables son los designios de la Providencia; im-

149 910 752 43 penetrables sus juicios; raros los caminos que emplea la

153 945 603 44 justicia de Dios para prevalecer sobre la tierra.

191 979 710 41 Cuando más seguro cree su triunfo el criminal, más

149 1017 539 39 cercano está el momento de la expiacion.

192 1050 710 43 Dios es grande en sus designios: su justicia, aunque á

151 1076 752 51 veces se oculta, siempre resplandece, y siempre guarda en

149 1122 753 41 su manera de manifestar una leccion que debe sernos pro-

151 1156 753 42 vechosa y enseñarnos á no desconfiar nunca de su protec-

149 1191 497 41 cion cuando procedemos con rectitud.

164 1224 738 45 El caso presente, verídico hasta no más, es una muestra

151 1261 671 42 palpable y patente de lo que arriba hemos expuesto.

192 1296 709 41 La casa de Gervasio en la aldea tenia su fachada prin-

151 1328 753 44 cipal hácia la plaza; frente á ella estaba la fachada de la

151 1365 753 49 iglesia con su modesta torre y un campanario con canalo-
