1026 1468
412 9 149 27 – 15 –

79 48 790 30 chico es un misterio! Alejo entonces se acerca, y pide á Rojer au–

79 74 789 39 diencia : le ruega, concedida aquella, que le libre del servicio, porqué

80 103 788 47 aquella guerra le causa miedo. Rojer le niega lo que anhela y Alejo se

79 139 789 43 retira con el corazon lacerado, al tiempo de llegar la princesa María

80 174 789 47 que viene á abrazar á su esposo Rojer. Esta, le participa sus temores

82 207 786 41 de que atenten á su vida los enemigos que su gloria le ha con¬

82 239 789 50 quistado; le cuenta el lance de Alejo, y á pesar de la oposicion de su

82 275 787 49 esposo, se queda á su lado, y promete no abandonarle. Llega Beren¬

83 308 791 49 guer y trae un pergamino en la mano que dá á Roger y por el cual

83 346 782 43 saben que Miguel solo permite la entrada á la ciudad á los hidalgos

85 376 779 50 y promete al dia siguiente conceder entrada á la almogaveria, Rojer

83 411 785 46 manda á Roudor que lo anuncia así al campamento. Alejo que ha tenido

84 446 782 47 noticia de esta órden pregunta gozoso á Roger si la entrada es libre;

83 481 788 41 á lo que contesta el César « si, pero para los hidalgos nada mas»

85 515 789 44 Mas promete hacerle entrar pues le nombra su page de lanza. Vanse

86 548 790 42 María y Roger. En esto llega Irene, la jóven que cuida como á hija

84 582 791 46 Circon, y al ver la alegria de Alejo, le pregunta el motivo á cuya

85 615 791 50 pregunta contesta el jóven diciendo que está alegre porqué entrará

84 650 792 41 en la ciudad y verá á su amante la cual hace seis años que no ha

88 686 788 40 visto : Irene le asegura que aun vive, que es noble, y que la verá en

88 718 786 49 palacio; Alejo se desmaya por efecto de la herida y de tantas emo¬

84 753 792 44 ciones como ha recibido en tan cortos momentos, Inés le socorre

88 789 787 41 y al reparar en el lienzo manchado de sangre que restreñia la herida,

86 819 788 44 mira las armas que hay bordadas en él y al ver que son de la prin¬

84 852 787 44 cesa María, «al fin se han hallado !» esclama; y como en aquel mo¬

89 893 769 42 mento cruza la princesa, montada en su litera, por el fondo añade:

306 949 285 52 —Adios princesa Maria,

310 992 297 40 Te juro que nos veremos!

211 1076 355 31 Irene está enamorada de Rojer.

123 1227 759 41 Ya en el palacio de Andrinópolis, Rojer recibe vivas muestras de

91 1264 788 49 descontento de nobles y soldados por el mal recibimiento que se les ha
