2149 3035
1430.0 106.0 157.0 116.0 — 4 —

830.0 202.0 473.0 76.0 Murió el inocente niño,

832.0 257.0 527.0 66.0 y volviendo á la cristiana,

827.0 313.0 463.0 53.0 con una gruesa cadena

825.0 346.0 526.0 68.0 tan recios golpes daba,

825.0 389.0 486.0 63.0 que ya de los ojos brota

825.0 440.0 557.0 63.0 la purpura en vez de agua,

835.0 480.0 450.0 63.0 y con soberbia la dice :

830.0 513.0 640.0 76.0 —Dime: ¿qué quieres, critiana?

830.0 576.0 486.0 56.0 Ya ves á tu hijo muerto;

832.0 612.0 458.0 68.0 ¿es eso lo que te falta?

830.0 652.0 443.0 63.0 Yo le freiré en aceite,

837.0 695.0 489.0 58.0 y lo comerás mañana.—

827.0 753.0 486.0 53.0 De la mazmorra se sale,

830.0 819.0 514.0 30.0 á sus mayordomos llama,

827.0 821.0 580.0 71.0 diciéndoles:—¿Qué os parece

822.0 875.0 572.0 98.0 que se haga en la cristiana?

1508.0 197.0 620.0 83.0 Mi intento es darla la muerte,

1513.0 263.0 587.0 68.0 antes hoy que no mañana.—

1513.0 303.0 534.0 58.0 Todos á una voz dijeron :

1508.0 338.0 615.0 79.0 —Es justo de que se haga.—

1503.0 389.0 577.0 71.0 Dijo el renegado entonces:

1508.0 437.0 529.0 58.0 —Pues idear nueva traza ;

1508.0 480.0 527.0 71.0 ¿qué castigo se ha de dar

1498.0 526.0 526.0 50.0 á esta tenaz cristiana?—

1513.0 558.0 537.0 69.0 Y contestan muy furiosos:

1511.0 601.0 635.0 86.0 —¡Que muera en voraces llamas

1506.0 649.0 493.0 64.0 Dejemos en este estado

1506.0 703.0 463.0 53.0 aquesta primera plana,

1511.0 746.0 526.0 58.0 y Pedro de Fuentes pide

1513.0 776.0 598.0 81.0 perdón de sus muchas faltas,

1508.0 834.0 552.0 68.0 que en otra segunda parte

1503.0 875.0 514.0 91.0 les dirá lo que aquí falta.

1237.0 1499.0 534.0 81.0 FIN DE LA FRIMRRA PARTE
