1860 2629
502.0 863.0 805.0 127.0 COPLAS FUNEBRES,

357.0 1005.0 1092.0 110.0 LASTIMOSAS Y CONTENPLATIVAS

236.0 1130.0 1332.0 107.0 de los gritos que dan las Almas santas

241.0 1218.0 1353.0 107.0 del Purgatorio, implorando el favor y

298.0 1296.0 1303.0 112.0 ausilio á todos los fieles cristianos, el so-

245.0 1384.0 1338.0 107.0 corro y el alivio en sus mayores penas

245.0 1472.0 1345.0 105.0 y crecidos tormentos, esperando salir de

245.0 1573.0 1340.0 116.0 tan terribles martirios para descansar

695.0 1662.0 428.0 106.0 en el Señor.

535.0 1914.0 756.0 116.0 PRIMERA PARTE.

243.0 2059.0 395.0 74.0 Oid , cristianos , oid ,

245.0 2118.0 408.0 59.0 devotos contemplativos ,

247.0 2164.0 404.0 55.0 almas piadosas y santas

245.0 2203.0 391.0 46.0 de corazon compasivo :

245.0 2234.0 456.0 64.0 los que sabeis sentir penas

243.0 2276.0 467.0 66.0 de padres , madres é hijos ,

247.0 2324.0 463.0 79.0 abuelos , tios , y hermanos ,

925.0 2072.0 491.0 72.0 parientes , deudos y amigos.

925.0 2122.0 445.0 60.0 Oigan todos los mortales :

927.0 2162.0 476.0 66.0 porque á todos los convido ,

925.0 2206.0 443.0 61.0 oigan los tristes lamentos

927.0 2241.0 406.0 65.0 los ayes y los suspiros ,

929.0 2282.0 428.0 66.0 las voces tan lastimosas ,

934.0 2322.0 386.0 90.0 los dolores y gemidos ,
