1117 1573
470 144 108 39 —13—

101 186 817 35 dó al instante don Juan de Fonseca se retirase el carruaje, y en seguida,

100 213 820 39 se fué á ver á la archiduquesa, á la cual encontró ya á la puerta del pa-

102 246 819 31 lacio de la Mota, preparada á marchar en traje de camino. Con el aca-

102 271 820 40 tamiento que requeria su posicion, la hizo sabedora de la órden de la

101 307 820 35 reina Católica, intimándola á que volviese á su aposento; mas la archi-

102 332 819 40 duquesa no se hallaba ya en el caso de guardar consideraciones de nin-

104 362 818 39 gun género, así es que no contestó una palabra; en el calor de su ve-

104 394 818 35 hemente pasion no encontraba más que misterios, agentes secretos de

103 423 819 37 su rival y de su infiel esposo, que no tenian otro entretenimiento que re-

104 453 814 35 tardar su partida. El Obispo de Córdoba apuraba en vano sus instancias,

104 481 818 39 aun presentándola á cada palabra el nombre de su madre, pero ya can-

104 510 818 35 sada de escuchar, desobedeció la órden y los ruegos de este, y preparán-

105 540 819 41 dose á salir, dijo: Dejadme, es un deber sagrado el que no me detenga á

106 570 816 34 nada en este viaje. Entonces el obispo mandó cerrar la puerta, dejando

105 598 588 39 de la parte de adentro á la desgraciada doña Juana.

143 630 780 36 Viéndose encerrada esta señora llegó al colmo de su desesperacion

107 655 815 40 y empezó á proferir tanto denuesto y tan insolentes frases, que don

106 686 816 40 Juan de Fonseca se fué sumamente irritado, á pesar de haberlo manda-

106 718 816 37 do llamar la archiduquesa por medio de su gentil-hombre de cámara,

107 748 815 36 don Miguel de Ferrera. No quiso volver sino que tomó el camino de Se-

107 776 641 40 govia, donde á la sazon se hallaba la reina doña Isabel.

141 805 785 40 Llegado que hubo don Juan de Fonseca á donde estaba la reina

108 837 818 37 le dió parte de todo lo ocurrido con la princesa doña Juana; á pesar

108 866 817 36 de lo débil que se hallaba y la multitud de negocios que le proporcio-

109 895 817 38 naba su alta posicion, se puso en camino para la Mota de Medina del

107 923 817 40 Campo, presumiéndose que tal vez su presencia haria desistir á su hija

108 952 816 40 de un proyecto para ella tan sensible. Despues de los cumplimientos de

108 983 816 37 costumbre y á los cuales no prestaba atencion esta, la prometió que

108 1014 816 36 muy pronto iria á reunirse con su marido. Nunca quiera Dios, decia la

109 1043 816 37 reina, que ni mi voluntad ni la del rey vuestro padre sea la de apartaros

109 1071 816 38 del lado de vuestro esposo, y si otra cosa sobre este particular se han

109 1102 385 36 atrevido á deciros, despreciadla.

130 1129 795 39 Estas y otras razones le esponia Isabel, y ella en su frenesi, no

109 1160 815 37 respondió más que: Son inútiles los ruegos del mundo entero: no ceja-

108 1191 817 37 ré ni un ápice... ¡El padre de mis hijos!... yo quiero verlo... Pronuncia-

109 1221 815 34 ba estas palabras, y anegada en lágrimas, se arrojaba al suelo, recha-

109 1247 612 36 zando los cuidados que todos trataban de prodigarle.

143 1276 783 40 Terminadas ya las Córtes de Aragon, no creyó prudente el rey Fer-

110 1308 817 35 nando detener por más tiempo su viaje, porque ya era sabedor de lo que

108 1335 816 47 sucedia con suhija, cuya enagenacion mental se fomentaba cada dia.
