1753 2480
253 217 609 59 Sí, muger, dí cuanto quieras,

253 254 546 58 que yo me alegraré mucho

252 294 554 76 de saber cuánto te pasa,

254 344 503 67 es todo mi mayor gusto.

253 380 605 81 Pues ya que me das licencia,

252 438 497 71 has de saber, Marianita,

253 483 561 69 que el bribon de mi marido

252 533 497 63 me tiene la sangre frita.

252 580 519 74 Con la muger del cabrero

252 626 419 69 gasta todo su jornal,

253 683 602 72 y como es corto, no podemos

250 727 426 65 satisfacernos de pan.

250 770 538 70 Sino fuera por mis mañas,

250 819 542 73 que le sé coger las vueltas

249 868 575 74 para hablar con mi querido,

250 918 604 68 ya estaria de hambre muerta.

249 971 537 59 Este es un gallardo mozo;

248 1009 556 79 pero aunque no tiene oficio,

249 1063 477 66 solamente su presencia

248 1110 500 69 tiene mi afecto propício.

246 1153 441 75 El me trae de la casa

245 1205 576 73 de sus padres cuanto puede,

249 1260 422 54 y regala á mi vecina

248 1299 569 74 porque avise cuando viene. .

248 1352 521 65 Yo no sé por qué persona

242 1394 481 74 mi marido lo ha sabido,

242 1446 611 72 que lo mismo que un demonio

242 1501 533 64 de contínuo está conmigo.

239 1540 488 76 Diariamente una peseta

241 1592 525 66 solo me da para comprar,

249 1640 601 69 y esta quiere de que alcance

243 1694 411 61 para comer y cenar.

243 1737 622 69 Para almorzar sabes que hago?

242 1781 456 74 sino viene mi querido,

243 1839 505 58 unas sopas y un torrezno

245 1880 492 64 y medio chico de vino.

241 1922 537 75 Pero muger ¿no bebemos?

242 1974 509 73 vaya otra ronda, Juliana;

239 2021 547 74 esta dice: eche usted copas

242 2070 540 76 y dos biscochos por barba.

242 2117 433 75 Responde la Micaela,

239 2170 470 82 sino lo tomas á enojo

945 217 513 61 no puedo menos decirte,

949 259 539 66 que lloras con solo un ojo.

952 305 536 71 Tu marido no es tan malo,

948 355 504 66 pues tanto te maravillas:

949 400 577 69 no hay dia, que el mio, á mí

949 449 495 66 no me sobe las costillas.

948 494 569 79 Si el mio á mí me entregara

949 548 367 62 una diaria peseta,

946 592 445 66 no me habia de ganar

944 637 531 73 ninguna á estar petimetra.

949 688 535 73 Yo no soy tan desgraciada,

944 732 384 71 replicó la Micaela,

944 783 536 71 tengo buen palmo de cara

945 834 546 69 y no falta quien me quiera.

948 883 453 66 Y por último, señoras,

941 927 602 74 hasta ahora no hemos bebido,

941 976 504 68 échese por mí una ronda

946 1027 505 68 y vengan todas conmigo.

944 1076 511 68 Todas pagaron tres veces

937 1120 452 58 antes de ir á comprar;

941 1173 484 62 y dan palabra á Micaela

939 1216 519 66 que la han de acompañar.

938 1262 448 68 Salen todas en tropel,

937 1313 432 64 en amor y compañia,

937 1361 512 69 y en seguida se metieron

935 1410 361 71 en una buñoleria.

931 1461 509 53 De estos mandaron sacar

933 1511 497 56 con palabras indecentes,

933 1556 441 53 que la fuerza del licor

933 1605 449 52 ya las tenia dementes.

928 1649 472 60 Comieron sin saber qué

928 1701 477 58 mirándose unas á otras,

928 1747 532 60 y hablando casi en francés

927 1793 657 84 dicen: ¿quién hará las compras?

927 1839 548 67 Dá el reloj las diez y media

930 1888 464 71 y se fueron á comprar,

931 1937 532 67 y la que gastó los cuartos

927 1986 540 66 se ha tenido que empeñar.

926 2036 475 63 Dejemos en este estado

931 2085 463 67 aquesta primera plana,

927 2139 528 57 que en otra segunda parte

928 2179 352 68 la daré finalizada.
