1860 2629
324.0 225.0 470.0 88.0 que costará por o menos

326.0 300.0 505.0 57.0 treinta ó cuarenta ducados,

329.0 337.0 414.0 70.0 ni tampoco lo preciso

322.0 385.0 487.0 59.0 para la decencia y gasto,

326.0 433.0 481.0 57.0 pues cualquiera considera

326.0 475.0 494.0 61.0 que no es fácil el sumarlo;

326.0 521.0 415.0 55.0 ni tampoco los demás

322.0 560.0 456.0 60.0 chismes de gasto diario,

324.0 606.0 476.0 62.0 como son, escobas, cubo,

324.0 657.0 474.0 59.0 combustible y alumbrado,

326.0 701.0 443.0 59.0 jabon, peines, algodon,

324.0 736.0 472.0 74.0 agujas, seda, hilo blanco,

322.0 786.0 428.0 61.0 cintas, rizos y alfileres,

322.0 828.0 458.0 65.0 aguador, por de contado,

322.0 865.0 430.0 70.0 torcidas para el velon,

326.0 915.0 380.0 59.0 candiles de garabato,

322.0 955.0 450.0 70.0 un calentador de azófar,

322.0 1009.0 373.0 57.0 abanicos en verano,

318.0 1049.0 392.0 57.0 el peinar á la señora

318.0 1093.0 410.0 61.0 en los dias señalados,

318.0 1132.0 526.0 62.0 que sin pomadas ni esencias

320.0 1178.0 583.0 88.0 se van treinta y cuatro cuartos.

320.0 1224.0 408.0 57.0 A todo esto se siguen

313.0 1266.0 459.0 61.0 los vómitos del preñado

309.0 1312.0 485.0 57.0 de un hijo que será suyo,

318.0 1358.0 544.0 59.0 por supuesto, ¡á qué dudarlo!

315.0 1402.0 522.0 68.0 Lo que en tal caso se ofrece

313.0 1450.0 478.0 50.0 no sé si podré esplicarlo;

309.0 1487.0 436.0 59.0 atienda, á ver si es así,

313.0 1529.0 478.0 79.0 al que por ello ha pasado:

313.0 1583.0 391.0 60.0 es exigencia precisa

307.0 1619.0 423.0 61.0 el prevenir de contado

313.0 1662.0 496.0 68.0 el atillo en que envolverlo,

313.0 1708.0 395.0 66.0 el vino para lavarlo,

318.0 1750.0 322.0 68.0 jarabe de peonía

318.0 1794.0 515.0 72.0 para cuando llegue el parto;

313.0 1844.0 413.0 62.0 la comadre, la bebida,

318.0 1892.0 421.0 55.0 el médico, el cirujano.

313.0 1936.0 472.0 92.0 los accites, les enjuagues,

1015.0 256.0 465.0 61.0 la masa de los emplastes,

1017.0 302.0 415.0 52.0 alhucena, escorzonera,

1019.0 333.0 481.0 76.0 y otras mil cosas que callo

1017.0 389.0 430.0 55.0 nodriza que crie al niño

1013.0 433.0 465.0 59.0 si se pone un pecho malo

1008.0 484.0 487.0 50.0 y el ama le cuesta al mes

1017.0 530.0 489.0 52.0 de cuatro á cinco ducados,

1017.0 569.0 382.0 53.0 aparte de la comida,

1004.0 609.0 480.0 54.0 que esta ya importa algo.

1013.0 652.0 441.0 57.0 Si el ama tiene marido

1017.0 687.0 529.0 71.0 ya se aumentan los cuidados,

1019.0 736.0 529.0 63.0 pues cuando menos se piensa

1022.0 786.0 401.0 57.0 sale con un embarazo,

1022.0 832.0 423.0 59.0 y al poco tiempo se ve

1011.0 874.0 412.0 57.0 al infante encanijado,

1019.0 915.0 468.0 64.0 y es menester buscar etra

1011.0 955.0 427.0 63.0 ó es preciso destetarlo.

1015.0 1003.0 430.0 63.0 Esto es uno y puede ser

1015.0 1055.0 423.0 57.0 siga el turno cada año,

1015.0 1091.0 518.0 61.0 y el caudal no se acrecienta

1013.0 1137.0 557.0 61.0 aunque se aumenten los gastos

1015.0 1183.0 511.0 59.0 ¿Y esto piensa quien se casa?

1011.0 1224.0 471.0 72.0 Pues nadie podrá negarlo;

1013.0 1268.0 410.0 66.0 ojalá tantos no hubiera

1011.0 1312.0 509.0 63.0 que lo estuvieran palpando,

1011.0 1360.0 511.0 59.0 paes aun mas añadir pudier

1008.0 1404.0 457.0 63.0 á cuanto va mencionado.

1013.0 1448.0 449.0 57.0 Por eso yo me mantengo

1008.0 1489.0 474.0 62.0 soltera, que corro y ando

1006.0 1535.0 476.0 57.0 por donde me da la gana;

1004.0 1581.0 483.0 59.0 si lo tengo gasto y campo,

1013.0 1629.0 449.0 60.0 y si no tengo, paciencia.

1006.0 1671.0 459.0 57.0 ayuno, busco ó entrampo

1013.0 1719.0 425.0 57.0 y nadie me pide cuenta

1006.0 1757.0 448.0 67.0 si voy, si entro, si salgo,

1008.0 1800.0 566.0 70.0 pues no hay como estar soltero

1008.0 1849.0 538.0 65.0 que buey suelto bien se lamo;

1006.0 1888.0 535.0 61.0 conque amigos, si ser puede,

1008.0 1936.0 498.0 92.0 librarse de este gran cargo.

423.0 2120.0 1118.0 123.0 MADRID. — Despacho : Sucesores de Hernando, Arenal. 11.
