1064 1569
554 120 92 44 — 10—

247 158 751 47 Mas una nueva y angustiosa circunstancia vino á aumen-

206 196 794 42 tar la alarma de los tripulantes. El vigía anunció la presencia

204 228 796 37 de una vela sospechosa, y esto, que en aquella circunstancia

206 255 795 41 era motivo de doble inquietud, dió lugar á que el capitan se

205 285 797 40 encogiese de hombros, como si aquella novedad no le importase

208 317 791 37 nada, y contentóse con reirse de los temores de los pasajeros.

208 345 793 38 Sobrevino la noche, y como el viento acrecia, nadie pudo

210 375 791 39 estar tranquilo, mucho menos cuando los vigías que miraban

209 404 793 37 con anteojos de noche todo lo que pasaba en el mar, manifes-

211 434 791 38 taron á so jefe que la vela sospechosa que habian descubierto

211 467 791 38 aquella tarde era un bergantin que, á todo trapo, avanzaba en

213 494 486 38 línea recta sobre el navío San Pablo.

241 525 761 38 —¡Bah!— dijo el capitan haciendo eses con los piés,—¡con

213 553 789 44 que es ese bergantin! Y ¡quién hace caso á ese barco tan pe-

215 583 95 50 queño!

259 609 744 43 Y al decir esto se encerró en su camarote. Pero una hora

216 641 787 44 despues y merced á la fuerte luz de los relámpagos, pudo des-

216 675 787 36 cubrirse el barco que se venia encima, y entonces se compren-

216 700 787 40 dió que no solamente habia que temer, sino que se hallaban

218 733 787 39 amenazados por uno de aquellos barcos piratas que tan temi-

219 761 785 36 bles se habian hecho ya en aquellos mares. El nombre de Juan

218 790 787 39 Ojenkan corrió de boca en boca: pero el capitan, completamen-

218 820 787 40 te ébrio, no tomaba disposicion alguna; así fué que no pasó

218 849 788 35 mucho tiempo sin experimentar las consecuencias del culpable

218 879 789 39 descuido del comandante del San Pablo. El bergantin, que

219 908 788 42 parecia volar sobre las olas y que á la luz de los relámpagos se

219 939 790 35 descubria como un fantasma, era ni más ni menos que El Mi-

221 967 787 41 lano, quien poniéndose á una distancia regular disparó el pri-

219 998 659 39 mer cañonazo sobre el desapercibido velero español.

252 1026 757 35 Avisado el capitan por este hostil saludo, salió de su ca-

221 1055 788 38 marote lanzando mil blasfemias; pero El Milano avanzaba rá-

222 1086 788 41 pidamente, y un fuego mortífero vino á envolver á la embar-

221 1116 790 35 cacion española. En vano gritaban los pasajeros, en vano los

223 1146 789 35 marineros pedian órdenes á su jefe: éste no se hallaba en dis-

222 1175 791 40 posicion de darlas, y contentóse con mandar hacer fuego contra

223 1204 788 41 el ataque del pirata. Pero ya la confusion y el desaliento se

223 1234 789 38 habia introducido en la tripulacion del San Pablo, y aunque

225 1263 785 36 la resistencia fué desesperada, como el capitan no la pudo diri-

226 1291 788 43 gir, resultó que todo fué en vano. Los piratas de El Milano, á

225 1323 786 42 cuyo frente iba Juan Ojenkan, se arrojaron al abordaje, y tres

226 1356 784 46 horas despues el San Pablo habia quedado prisionero en poder
