1860 2629
831.0 120.0 153.0 79.0 —(4)—

245.0 197.0 1316.0 190.0 ¡NO LA LLOREIS!

436.0 521.0 928.0 112.0 A MAGDALENA.

179.0 709.0 432.0 64.0 ¡No la lloreis! feliz ella

217.0 766.0 489.0 66.0 que murió cándida y pura,

217.0 810.0 449.0 66.0 sin conocer la amargura

214.0 858.0 483.0 64.0 de este mundo engañador.

177.0 902.0 463.0 66.0 Feliz ella que del mundo

217.0 953.0 458.0 81.0 jamás probó los engaños:

217.0 1016.0 414.0 50.0 feliz ella que sus años

214.0 1051.0 465.0 99.0 fueron un siglo de amor.

177.0 1126.0 443.0 100.0 ¡No la lloreis! ángel era,

214.0 1198.0 494.0 79.0 por el mundo dejó el cielo,

214.0 1264.0 476.0 57.0 y al verse sola en el suelo

214.0 1314.0 437.0 55.0 al cielo volvió otra vez.

173.0 1356.0 506.0 63.0 No la lloreis, que su patria

214.0 1404.0 551.0 77.0 no era este mundo de escoria.

177.0 1463.0 432.0 66.0 Era su patria, la gloria,

212.0 1502.0 430.0 79.0 y ella á la gloria se fué.

177.0 1603.0 441.0 72.0 Era una paloma blanca,

214.0 1656.0 428.0 61.0 y eran sus únicas galas

1017.0 718.0 483.0 64.0 Era una vírgen mas pura,

1057.0 771.0 528.0 54.0 que no el sueño de un poeta.

1019.0 804.0 463.0 70.0 Era una humilde violeta

1055.0 863.0 473.0 65.0 que entre la yerba murió.

1019.0 963.0 454.0 57.0 No la lloreis, ¡feliz ella!

1057.0 1005.0 616.0 92.0 que huyó del mundo y su encanto.

1019.0 1053.0 511.0 79.0 No la lloreis, vuestro llanto

1059.0 1108.0 335.0 68.0 la afligiria quizá.

1022.0 1145.0 535.0 79.0 No la lloreis; que es un ángel

1059.0 1204.0 566.0 68.0 de amor, que en el cielo mora.

1019.0 1253.0 465.0 61.0 No la lloreis, no se llora,

1059.0 1310.0 441.0 78.0 por una alma angelical.

1024.0 1397.0 471.0 77.0 Y yo trovador desdichado,

1055.0 1452.0 513.0 77.0 antes que al dolor sucumba,

1057.0 1502.0 467.0 73.0 vengo en esta fria tumba

1052.0 1553.0 362.0 66.0 á deponer una flor.

1017.0 1601.0 443.0 64.0 Esta flor es una lágrima

1052.0 1654.0 498.0 61.0 de mi alma, MAGDALENA.

1017.0 1700.0 454.0 70.0 No una lágrima de pena,

1057.0 1754.0 397.0 68.0 una lágrima de amor.

1228.0 1794.0 353.0 98.0 P. M. Cudulosa.

815.0 1842.0 121.0 131.0 FÍN.

1019.0 1987.0 507.0 68.0 ES PROPIEDAD.

85.0 2136.0 1584.0 96.0 Está de venta en casa de Antonio Bosch, calle del Bou de la Plaza Nueva, nú-

177.0 2208.0 445.0 87.0 mero 13.—Barcelona.

1169.0 2355.0 361.0 114.0 Imp. de Ramírez y C.ª
