1860 2629
269.0 289.0 371.0 94.0 Pero 'i tot en genera!

269.0 365.0 419.0 57.0 sl tinch de parlar formal,

271.0 403.0 455.0 57.0 jo os juro per ser qul soch,

269.0 416.0 562.0 79.0 que hí ha una gana que treu foch.

307.0 471.0 445.0 56.0 Jo no se si ho fa la esterla

271.0 508.0 408.0 50.0 qu' hi hagi tanta miserla

271.0 543.0 400.0 57.0 es un vinre massa trist;

271.0 578.0 448.0 52.0 aixó may ningú ho ha vist,

304.0 609.0 503.0 57.0 Pero 'us haurem de conformá

274.0 650.0 384.0 59.0 que nixó ja s' acabará.

309.0 683.0 373.0 59.0 Jo sempre he sentit dí

274.0 716.0 392.0 55.0 que tot lo del mon te fí.

271.0 753.0 435.0 61.0 Potsé que arribará un día

274.0 786.0 449.0 64.0 que ab molta pan y alegría

274.0 832.0 441.0 50.0 sense que may s' enfadém

276.0 867.0 410.0 57.0 que tots felissos viurém.

309.0 898.0 425.0 55.0 Pero 'm vadí un polissón

276.0 933.0 441.0 55.0 que aixó será l' altre mou,

278.0 966.0 461.0 59.0 ¡Valgum Deu y Jesucrist...!

274.0 1005.0 465.0 59.0 i'altra mon ningú l' la víst.

311.0 1040.0 450.0 59.0 Ara hi hauríam de estú bé,

274.0 1075.0 414.0 55.0 que tots tinguessim calé.

276.0 1112.0 485.0 57.0 Que no més alsan las barras

278.0 1152.0 419.0 52.0 ya ploguessin botifarras;

278.0 1187.0 415.0 90.0 y que tots los empadrate

1013.0 289.0 386.0 90.0 fossin coca y foradate

1015.0 352.0 417.0 59.0 y que no mes dihen vina,

1017.0 396.0 364.0 50.0 liguessim una gallina.

1057.0 420.0 489.0 64.0 Y 'ls carres en lloci de fanch

1017.0 462.0 448.0 59.0 tot se tornés menja-blanch,

1019.0 490.0 562.0 64.0 y que 'ls barrancls que hi ha aquí

1019.0 538.0 439.0 53.0 baixessin tots plens de ví.

1052.0 578.0 362.0 46.0 Aixó sería una gloria

1022.0 611.0 432.0 55.0 que'n parlaría la historia,

1022.0 646.0 348.0 52.0 pero ara fillets mcus

1022.0 683.0 489.0 48.0 tot son fatichs, tot son creus,

1019.0 712.0 522.0 56.0 tot son llágrimes, tot son plors,

1024.0 753.0 384.0 51.0 per nosaltres pecadors

1019.0 788.0 470.0 55.0 pero en fin no vos espantet

1019.0 823.0 457.0 51.0 que tot ho compondrá Deu,

1019.0 856.0 402.0 57.0 procureu tots fe hondat

1022.0 893.0 478.0 62.0 que ja ho tindrém ben pagat.

1052.0 933.0 400.0 50.0 No vull enrahoná gaire,

1024.0 966.0 458.0 59.0 perque nom diguin xerratre

1024.0 1003.0 386.0 52.0 Ya parluré un altre día

1022.0 1038.0 443.0 50.0 que estaré ab més alegría.

1024.0 1073.0 384.0 55.0 Lo que si be puch jurá

1026.0 1110.0 379.0 53.0 que gana no 'n faltará.

1057.0 1147.0 419.0 49.0 Ara dispenseu si os plau

1024.0 1178.0 410.0 59.0 y ab aquesta a deu síau:

668.0 1253.0 507.0 100.0 Ja no hi soch

232.0 2177.0 1463.0 114.0 Beus se ven en la mbrerta de loan oran carrer de atcus, nám t. en ta mateiza casa se

179.0 2269.0 1514.0 59.0 troba un gran surtit de romansus, sayuetes, llibrets, historias, comedias, aleluyas de sants y

184.0 2306.0 1507.0 60.0 soldats pintats. Diposit de llibrets pera fumar y capsas de mistos. Papé pera escriure, sobres

182.0 2344.0 1509.0 61.0 pera cartas, plomas, pallllos, llapicers. etc., etc. Tot a prens mol baratos. Obras que 's venen

186.0 2381.0 1505.0 219.0 d

184.0 2425.0 425.0 83.0 tero, ab grabats tY per 8.

1052.0 2096.0 597.0 105.0 (Es propietat de Joan Gran.)
