1860 2629
846 230 143 78 — 2 —

252 302 463 63 Era en estremo tan linda,

254 351 518 63 que si el mismo cielo ostenta

254 395 432 60 un sol para adorno suyo

255 435 460 65 acompañado de estrellas,

254 477 464 66 ella con sus dos mejillas,

252 524 431 55 dos soles consigo lleva,

254 563 495 62 dos diamamtes con sus ojos

251 611 535 55 que brillan cual luces bellas.

252 654 487 55 Luce la luna en su frente,

252 701 424 59 su garzota una madeja

252 739 567 70 de oro, que á muchos hombres

252 787 443 61 pudo servir de cadena.

252 831 367 57 A orilla de sí tenia

252 873 462 60 una charpa de escopetas,

261 911 668 73 y un hombre muerto en sus brazos

252 961 417 57 cuyas heridas acerbas

252 1006 487 60 con la púrpura que vierten

260 1051 539 63 manchan las flores y yerbas.

252 1092 401 58 Estaba la triste dama

251 1131 479 60 en sollozos muy deshecha,

254 1177 669 65 y aunque el llanto en la hermosura

251 1226 459 56 suele estragar la belleza,

252 1266 510 70 tambien las lágrimas suelen

252 1313 471 59 perfeccionarla mas bella.

252 1356 450 60 Con lastimosos gemidos,

252 1403 380 56 amorosa se lamenta

252 1443 494 67 mirando al yerto consorte,

255 1488 468 64 y dice con dulces quejas:

252 1533 480 56 «noble dueño de mi vida,

252 1578 471 59 amada y querida prenda,

252 1622 387 57 imán de mi corazon,

251 1660 535 67 de mi alma y mis potencias;

251 1708 600 59 tú que has muerto por mi causa,

252 1754 515 60 tambien es razon yo muera,

252 1799 535 63 pues veo en tí, amado dueño,

252 1844 481 56 la luz de mis ojos muerta;

254 1885 422 63 veo quebrado el espejo

252 1929 465 60 donde me miraba atenta,

255 1971 431 57 veo ya el sol eclipsado,

252 2018 554 58 pues de tu rostro se ahuyenta;

252 2059 462 58 miro el clavel deshojado;

252 2101 529 63 cuando yo aguardaba tierna

251 2145 529 61 el descanso entre tus brazos,

252 2189 453 58 hoy los mios manifiestan

251 2237 459 107 ser solo un funesto antro

939 306 507 51 donde la muerte se hospeda.

942 347 484 54 Ya se acabaron mis gustos,

943 388 516 60 ya mis congojas se aumentan

945 426 523 67 ya llegó el fin de mis glorias,

946 471 494 65 y mis desdichas empienzan;

942 514 446 58 murieron mis esperanzas

949 559 422 63 y renacen mis tristezas.

946 598 491 69 ¿Dónde hallaré yo consuelo

945 645 434 64 á tanto tropel de penas?

943 689 458 63 solo el morir es remedio.

945 737 419 56 Aves, animales, fieras,

943 782 458 62 sirva mi cuerpo de pasto

943 820 569 68 á vuestra ambicion hambrienta

942 867 517 57 dividid mi cuerpo en trozos.

935 908 521 61 ¡Oh muerte, cómo no llegas!

945 953 502 59 que á la que menos te teme

945 996 527 65 la maltratas con tu ausencia.

943 1042 494 60 Tierra, ¿cómo no te abres?

945 1089 568 64 que allá en tus entrañas densas

943 1133 436 58 quiere verse sumergida

940 1172 474 60 quien tanto morir desea.»

946 1218 382 65 Estas palabras decia,

946 1258 509 71 y entre sus brazos le aprieta,

943 1305 471 59 mirábale el rostro helado,

943 1352 389 60 é inclinada la cabeza

942 1393 457 61 sobre el ya frio cadáver,

943 1437 447 64 allí se quedó traspuesta.

942 1479 517 75 Llegó á este tiempo el pastor

943 1526 388 58 diciendo: señora, ea,

945 1574 505 53 vuelve en tí, mira y repara,

943 1613 509 57 que soy hombre, considera,

942 1660 473 54 compasivo á tus dedichas,

943 1701 490 58 que aquí á socorrerte llega.

948 1743 494 66 Viendo que no le responde,

945 1787 412 60 la toma con diligencia

943 1809 611 89 en sus hombros, y á un convento

945 1882 540 53 de monjes, que está allí cerca

943 1922 474 55 la llevó, donde al prelado

946 1967 444 57 con requisito la entrega,

948 2011 410 64 y los padres religiosos

945 2056 438 58 con muchísima presteza

946 2095 487 62 la dan remedio y reparos,

948 2138 482 67 y á muy pocas diligencias,

946 2184 542 65 volvió en sí la hermosa dama

946 2227 431 95 entre suspiros envuelta.
