1753 2480
483 975 682 76 CURIOSA RELACION

144.0 1066.0 1367.0 70.0 en que se da noticia del robo de un santo Cristo de plata con peso de once

144.0 1118.0 1367.0 86.0 libras, estraido del cuarto de dos escribanos, por un chulo que dejó escrias

562.0 1184.0 521.0 58.0 sobre la mesa las siguientes

717.0 1264.0 221.0 87.0 DÉCIMAS.

208 1421 441 95 Venid conmigo, mi Dios,

152 1506 497 66 no estais bien, Señor, aqui;

157 1552 440 60 si un escriba os puso asi,

155 1587 570 87 ¿cuál, mi Bien, os pondrán dos?

152 1653 393 68 Por no dejaros á Vos

155 1709 396 58 con esta gente metido,

152 1731 455 83 mi discurso ha prevenido,

155 1798 512 66 ser mejor, mi Dueño amado,

159 1843 454 68 que esteis conmigo robado

159 1888 448 73 que no con ellos vendido.

173 1915 639 104 Sin su Dios, qué puede el hombre?

159 1988 552 76 humo, polvo, sombra, nada,

161 2041 459 69 pues el alma desmayada

157 2079 549 76 nada puede sin su Nombre:

155 2130 566 75 siendo asi, nadie se asombre

163 2182 562 99 que busque mi alivio en Vos;

849 1426 383 90 y asi con paso veloz

845 1485 490 79 me amparo de tu riqueza;

853 1541 507 79 ven, Remedio de pobreza,

849 1589 438 64 venid conmigo, mi Dios.

899 1638 508 79 Entre el enredo y mentira,

849 1696 453 62 entre textos fullagueros,

847 1746 455 56 entre plumas y tinteros

843 1781 461 70 donde la verdad espira,

849 1829 500 72 triste mi pesar se admira,

849 1886 438 67 y el sufrimiento perdi;

847 1936 453 62 por eso digo entre mi:

845 1990 488 58 burlaremos las maldades;

847 2023 566 80 pues siendo Dios de verdades

847 2077 502 68 no estais bien, Señor, aqui.

888 2126 461 60 Siendo Vos la Santidad

839 2186 494 54 de blasfemo os acusaron,
