1860 2629
271 270 507 86 Antonia tiene un jardin

223 338 519 76 de rosas y flor de amor,

227 404 509 63 y tambien de flor de lis

223 461 498 72 la guarda para los dos.

270 536 469 64 Antonia si yo supiera

223 604 456 59 que me querias á mi

222 654 451 67 fiel y constante fuera

222 709 460 68 hasta casarme con tí

267 787 548 64 Es Antonia más hermosa

222 845 578 67 de los jardines del mundo,

220 901 493 67 la más bella criatura

220 961 604 74 con sus cabello tan rubios.

268 1121 592 83 Sal Raimunda á ese balcon

220 1188 386 54 carita de serafin,

220 1248 482 60 con esos ojos de amor

222 1313 521 59 para enamorarme á mi.

264 1377 564 63 Es Raimunda la blancura

219 1437 570 65 de la nieve de los puertos,

225 1495 565 66 y la más hermosa pintura

220 1554 655 67 que en los pintores encuentro.

265 1628 566 70 Raimunda tiene un anillo

220 1694 589 64 con sus perlas y diamantes

220 1748 484 63 es de plata y oro fino

219 1808 624 79 con el nombre de su amante.

1016 293 529 67 Joaquina se está lavando

970 344 483 69 en el jardin del amor,

970 401 574 73 su cara y hermosas manos

970 461 469 72 con el jabon de color.

1015 540 465 74 Pimpollo reverdecido

970 600 409 70 á tí digo Joaquina,

970 660 556 76 ramo de almendro florido

974 721 517 76 y tambien de clavelinas

1015 800 473 77 Eres la más linda flor

971 860 472 76 del jardin del paraiso,

971 921 510 72 dame Joaquina tu amor

971 984 497 82 y con ésta me despido.

1022 1188 453 72 Me despido de Maria

973 1247 529 68 de Antonieta y de Pilar,

971 1301 627 85 de Reimunda y de Francisca

971 1367 472 70 sin poderlo remediar.

1016 1450 515 70 Me despido de Mariana

971 1507 509 71 de Miguela y de Isabel,

968 1570 525 67 me despido de Joaquina

973 1624 482 73 y de Mónica tambien.

1014 1705 517 69 Me despido de Manuela

967 1761 479 73 de Teresa y Catalina,

968 1830 465 64 y me despido de Rosa

967 1884 483 76 de Matilde y Serafina.

875 2383 144 64 REUS:

329 2429 1219 110 Estableciniento de Juan Bta. Vidal, arrabal alto de Jesús, núm. 5.
