1753 2480
201 190 540 69 Nace en los brazos del alba

155 246 499 64 llorando entre su alegría,

157 296 583 62 para enseñarnos que siempre

157 343 540 60 nace el llanto entre la risa.

202 389 487 56 A las estrellas mas altas

155 434 523 73 dan unas pajas envidia,

158 483 646 70 que humildes logran lo que ellas

159 535 474 62 no merecen por altivas.

203 581 553 66 La hermosa altura del cielo

158 633 573 62 de esta ventura no es digna,

161 680 558 64 que cuando Dios baja, solo

162 730 532 62 es de lo humilde la dicha.

208 775 602 62 Corazon si hoy á Dios buscas,

162 828 576 60 baja, que cuando se humilla,

163 877 502 59 quien mas abajo le busca

165 923 579 60 es quien mas de El participa.

208 971 465 60 Dijeron doctos profetas

165 1016 595 64 que en Belén nacerá el Verbo,

170 1063 521 65 y al Niño le viene el dicho

165 1116 510 59 como nacido en el hecho.

214 1161 513 66 Nace, y el fuego y el frio

165 1212 583 72 puestos buscan compitiendo,

840 192 596 65 mas como con Dios pretenden

842 245 498 59 se miran todos contentos.

888 293 474 58 Un pesebre le dió cuna,

843 343 471 59 de toda su vida empleo,

843 384 570 70 pues por un madero empieza

850 438 467 58 y acaba por un madero.

888 482 525 63 En él dos brutos le asisten

846 535 532 51 tan perfectamente cuerdos,

847 582 549 60 que de su aliento los humos

847 629 484 62 los aplican al Sol tierno.

888 677 451 57 El portal para este Rey,

846 730 596 59 que es espejo, afirma el techo,

847 777 544 59 pues el Cielo en él se mira,

853 822 492 63 y por él se mira el Cielo.

893 874 526 62 Antes que allí se ostentase

847 920 451 60 el dichoso Nacimiento,

851 969 494 61 sin templo paredes eran,

853 1015 562 66 y ahora paredes con-templo.

890 1066 481 61 Tan altamente las pajas

850 1114 522 59 se prendaron del Misterio,

853 1157 636 69 que no admiro que estén huecas

851 1212 545 65 gozando el mayor concepto.

304 1319 1057 86 ANUNCIO DE LOS ANGELES A LOS PASTORES.

214 1443 492 62 Los ángeles por los aires

170 1492 524 58 vinieron con resplandores,

168 1540 463 48 cantando divinas letras

170 1588 499 61 y avisando á los pastores.

213 1638 503 58 Con suaves consonancias

165 1682 463 59 alegrando van la sierra:

169 1730 583 55 «Gloria al Dios de las alturas

169 1781 572 61 y paz al hombre en la tierra.»

213 1831 547 60 Cuando oyeron los pastores

166 1882 507 56 lo que los ángeles cantan,

168 1927 514 52 unos brincan de contento,

168 1977 589 60 y otros de miedo se espantan.

210 2022 434 62 Todos fueron á Belén

163 2074 455 60 con regocijos y fiestas,

169 2119 474 64 y así que vieron al Niño

165 2170 449 73 tocaron las castañetas.

895 1438 502 66 De todos aquellos montes

853 1489 496 65 vinieron muy diligentes

850 1538 428 62 los pastores y zagalas

850 1585 544 58 trayendo muchos presentes.

895 1639 455 59 Armaron gran algazara

848 1686 502 56 con sus danzas pastoriles

855 1729 474 63 y al Niño Dios alababan

853 1781 474 59 al son de los tamboriles.

898 1829 503 62 Sonando trompas y cajas

850 1872 581 69 dentro del Portal se entraron,

857 1930 471 58 y con grande reverencia

851 1977 520 53 al Rey Supremo adoraron.

895 2026 487 62 Muy alegres se despiden

850 2073 450 59 de Jesús, José y María,

854 2124 499 58 y á sus casas se volvieron

848 2174 447 75 con contento y alegría.
