1753 2480
245.0 82.0 404.0 58.0 pero tal incertidumbre

248.0 124.0 403.0 51.0 en duda su amor atiza,

250.0 155.0 425.0 68.0 y una cruel pesadumbre

248.0 202.0 374.0 54.0 su corazón martiriza.

250.0 243.0 430.0 56.0 Don Pedro con entereza

248.0 274.0 452.0 62.0 tuvo un día el ardimiento

248.0 320.0 479.0 56.0 de ofrecerle en casamiento

248.0 359.0 461.0 56.0 un joven de gran riqueza;

248.0 403.0 415.0 51.0 diciéndole que el callar

248.0 446.0 401.0 52.0 de su amante, suponía,

252.0 481.0 548.0 60.0 que muerto en la guerra habría

252.0 524.0 353.0 58.0 Mas ella sin vacilar,

250.0 570.0 444.0 50.0 contestó: «Padre y señor,

248.0 601.0 413.0 66.0 si muerto á Diego creis

248.0 640.0 512.0 60.0 no hallo justo que aumenteis

250.0 684.0 432.0 57.0 mi dolor con más dolor;

250.0 725.0 411.0 54.0 tal vez en prisión cruel

250.0 764.0 397.0 58.0 sufre solo y desvalido,

252.0 803.0 465.0 67.0 por el amor que ha tenido

252.0 841.0 351.0 60.0 á su querida Isabel!

256.0 874.0 527.0 74.0 Tal vez ¡ay Dios! haya muerto

252.0 925.0 519.0 60.0 por mí! por mi!... desdichada

254.0 969.0 432.0 64.0 y quereis que preparada

250.0 1002.0 413.0 60.0 al importuno concierto

250.0 1045.0 384.0 60.0 de mis bodas esté yo?

252.0 1078.0 537.0 71.0 yo he de hacer tan fea acción?

254.0 1132.0 411.0 58.0 pensáis que mi corazón

252.0 1163.0 432.0 62.0 es de bronce, padre? nol

254.0 1202.0 465.0 60.0 Cinco años de plazo tiene,

250.0 1246.0 378.0 56.0 en memoria lo tened,

250.0 1281.0 452.0 62.0 si en cinco años no viene

252.0 1326.0 467.0 71.0 lo que más os guste haced.

252.0 1370.0 349.0 62.0 Entonces yo rogaré

252.0 1399.0 457.0 72.0 por el de Marcilla á Dios;

256.0 1450.0 399.0 64.0 por complaceros á vos

254.0 1496.0 351.0 51.0 entonces me casaré.

254.0 1529.0 473.0 56.0 Pretende Azagra mi mano,

252.0 1568.0 419.0 62.0 á Azagra me proponeis,

254.0 1614.0 421.0 55.0 que le aprecio ya sabeis

252.0 1651.0 436.0 56.0 como á noble castellano.

252.0 1682.0 548.0 74.0 Si ¡ay Dios! si la muerte airada

252.0 1736.0 459.0 51.0 me roba mi bien querido,

252.0 1775.0 407.0 56.0 triste de mi? resignada,

254.0 1818.0 415.0 48.0 lo aceptaré por marido.

254.0 1853.0 380.0 58.0 Mas si amante, señor,

254.0 1888.0 541.0 60.0 vuelve y su amor me consagra,

252.0 1930.0 444.0 60.0 tened piedad de mi amor

254.0 1969.0 579.0 72.0 y no me hableis más de Azagra.»

254.0 2015.0 471.0 72.0 Don Pedro vió su aflicción

256.0 2064.0 399.0 66.0 y se retiró al momento

254.0 2101.0 438.0 64.0 aguardando otra ocasión

248.0 2141.0 481.0 62.0 de poder lograr su intento.

254.0 2188.0 508.0 106.0 Entre tanto el pobre amante

1052.0 74.0 337.0 52.0 por Isabel peleaba,

1050.0 111.0 372.0 58.0 por Isabel alcanzaba

1048.0 148.0 434.0 54.0 el renombre de valiente.

1054.0 198.0 467.0 50.0 Ay! de qué te sirve Diego,

1050.0 231.0 405.0 54.0 tu valor y tu honradez

1052.0 274.0 442.0 52.0 si tu obra destruye luego

1050.0 312.0 421.0 53.0 la ambición de la vejez?

1052.0 351.0 475.0 58.0 Si el premio de tus arrojos

1052.0 392.0 337.0 56.0 participas á Isabel,

1054.0 429.0 461.0 58.0 que vale si un padre cruel

1052.0 469.0 479.0 70.0 lo ha de ocultar á sus ojos?

1054.0 518.0 407.0 50.0 Don Pedro continuaba

1054.0 558.0 417.0 55.0 en su ambiciosa manía;

1056.0 603.0 403.0 48.0 cuantas cartas escribía

1056.0 638.0 345.0 50.0 Diego, las ocultaba,

1056.0 675.0 368.0 54.0 y proponía de nuevo

1054.0 719.0 415.0 47.0 á Isabel el casamiento.

1054.0 752.0 349.0 58.0 La joven se resistió

1054.0 789.0 417.0 64.0 su juramento alegando,

1054.0 837.0 475.0 55.0 mas iba el tiempo pasando

1056.0 880.0 397.0 50.0 y en fin el plazo llegó.

1058.0 917.0 446.0 56.0 D. Pedro que ya tomadas

1056.0 958.0 428.0 50.0 tiene sus medidas todas,

1056.0 996.0 411.0 53.0 hizo celebrar las bodas

1054.0 1037.0 409.0 62.0 tanto tiempo deseadas.

1056.0 1087.0 432.0 55.0 De alegre música al son

1058.0 1136.0 355.0 48.0 Isabel llegó al altar,

1056.0 1173.0 355.0 52.0 envuelto su corazón

1056.0 1215.0 366.0 51.0 en el luto y el pesar;

1056.0 1252.0 397.0 58.0 y contristada y llorosa

1054.0 1291.0 428.0 52.0 dió su temblorosa mano

1054.0 1328.0 442.0 54.0 á Azagra que muy ufano

1056.0 1374.0 376.0 60.0 la recibió por esposa.

1054.0 1409.0 459.0 56.0 Con tan plausible ocasión

1054.0 1452.0 512.0 52.0 dió Azagra un baile suntuoso

1054.0 1494.0 459.0 51.0 dó asistió lo más gracioso

1056.0 1533.0 419.0 52.0 y más noble de Aragón.

1054.0 1568.0 440.0 58.0 Pero llegado el momento

1054.0 1618.0 401.0 45.0 de despedir á la gente,

1056.0 1657.0 372.0 50.0 Isabel humildemente

1056.0 1696.0 382.0 54.0 y casi falta de aliento

1054.0 1731.0 378.0 56.0 le dice al marido así:

1056.0 1775.0 465.0 56.0 «Ya mi mano os entregué,

1054.0 1812.0 364.0 56.0 seros fiel os prometí,

1056.0 1851.0 374.0 60.0 y hasta morir lo seré:

1054.0 1886.0 453.0 62.0 mas os ruego que por hoy

1056.0 1936.0 461.0 56.0 vuestros goces suspendais,

1056.0 1969.0 490.0 62.0 Azagra, si es que me amais,

1056.0 2015.0 490.0 68.0 porque muy postrada estoy:

1058.0 2054.0 349.0 62.0 permitidme dedicar

1056.0 2091.0 407.0 62.0 esta noche á la oración

1058.0 2139.0 362.0 55.0 para que mi corazón

1056.0 2178.0 434.0 82.0 venga Dios á confortar.»
