1033 1414
411 7 160 28 — 19 —

79 28 799 45 lla y Circon muere á manos de Berenguer que ántes le habia retado

79 65 799 42 á singular combate. Alejo desde la muralla presencia la lucha sin

82 95 792 47 poder salir en defensa de su padre, pues el emperador por, encargo

79 129 795 44 de aquel, le ha dado á guardar un reducto. Vencen los catalanes;

82 161 794 47 Irene y Alejo huyen con los suyos ; el mismo sebastocrator Miguel

80 199 778 42 está á punto de caer en manos de sus enemigos; y al grito de "Ara

80 238 799 44 gon» «Aragon» ! invaden los tercios catalanes la escena, en la cual

80 265 797 48 está María, la cual henchida de gozo al completar la derrota de los

81 302 796 47 asesinos de su esposo, les recibe con loco contento y les dirige los

88 337 511 50 siguientes versos con que termina el drama.

266 401 314 50 Ya podeis volver á España

233 434 302 45 Cruzando sin pena el mar

237 471 313 42 Y á los nuestros, al co[]tar

239 504 289 46 Tanta portentosa hazaña,

234 538 333 42 Decidles : «De nuestros piés

234 572 327 44 Coronas han sido alfombra,

239 606 314 45 Vencido el Oriente nombra

233 646 278 42 don miedo al aragonés.

237 677 338 44 Llorando queda, y mañana,

240 714 367 38 Aun despues de enjuto el llanto

239 745 265 38 Recordará con espanto

237 776 266 52 — La Venganza catalana.

469 983 39 55 FIN.
