2148 3034
1020 234 197 108 — 18 —

443 364 1342 59 camino no encontramos más que á cuatro de ellos en distintos

445 370 1340 103 sitios, de modo que nunca vimos dos juntos; y como nosotros

448 428 1340 96 éramos catorce, no se atrevió ninguno á embestirnos, pues de lo

448 478 1342 88 contrario hubiéramos perecido miserablemente en esta tierra: en

450 517 1338 108 fin, salimos de ella con el susto que se deja conocer, y al cabo

451 568 1339 99 de algunas jornadas llegamos con toda felicidad á la ciudad de

453 635 759 86 Albes, donde habita el Preste Juan.

529 659 1263 101 Esta ciudad, la más populosa y respetable, la más rica y forta-

455 718 1338 92 lecida que hay en aquella parte del mundo, tiene de circunferen-

458 768 1335 93 cia más de doce leguas: en su muralla ó cerca tiene ciento cin-

460 815 1333 96 cuenta castillos ó torreones bien fortificados; en cada uno hay

461 857 1334 107 más de mil hombres de guarnicion, todos con la barba larga,

463 911 1335 102 mostrando en ello luto en señal de haber perdido la Tierra de Pro-

463 962 1339 99 mision, en la que se hallan unas piedras tan particulares, que

465 1011 1339 98 tomándolas en la mano y dándolas un golpe, se dividen en mu-

465 1060 1342 91 chas piezas todas triangulares, y por pequeña que sea cada una

467 1109 1342 94 de ellas, se vuelve á dividir en otras mas menudas que apenas

467 1156 1342 98 se perciben con la vista; pero no por ser tan diminutivas pier-

467 1206 1342 90 den la figura triangular. Tienen virtud para curar muchas en-

468 1243 1339 105 fermedades, en particular para las mordeduras de animales ve-

470 1301 1337 94 nenosos. Es tanto el numeroso gentío que habita la ciudad de Albes,

473 1350 1341 91 que por ninguna de sus muchas y anchas calles apenas se puede

475 1395 1340 95 transitar desembarazadamente. Entramos en aquella ciudad al

473 1441 1344 104 rayar el alba, y habiendo preguntado por el palacio del Preste

475 1490 1342 97 Juan, nos dijeron que para llegar á su palacio se necesitaba ocu-

477 1538 1342 103 par medio dia sin dejar de andar, y que como no llevásemos

478 1587 1342 100 quien nos guiase, acaso no llegaríamos en todo el dia. Con este

480 1641 1342 98 motivo ajustamos un hombre que nos condujese, y sin pérdida de

482 1690 1335 98 tiempo empezamos á caminar por la ciudad, en la que vimos co-

480 1731 1344 101 sas tan admirables y edificios tan magníficos, que es imposible

482 1788 1338 91 esplicarlo; baste decir, que cuanto hasta entónces habíamos vis-

483 1830 1341 94 to fué nada en comparacion de lo que en esta ciudad admira-

483 1881 1342 94 mos. Las once y media serian cuando descubrimos á larga distan-

483 1929 1341 93 cia un suntuoso palacio con ocho torres tan hermosas y brillan-

487 1973 1342 100 tos, que no se podian mirar sin recibir impresion la vista por el

485 2022 1346 103 mucho reflejo que despedian. Le preguntamos al guia qué pala-

487 2074 1347 96 cio era aquel, y nos contestó que el del Preste Juan. Llegamos á

488 2122 1344 94 él y observamos que delante de sus puertas habia una guardia

488 2176 1346 86 de seiscientos hombres de caballeria é infantería, lujosamente

495 2219 1336 98 vestidos y bien armados, de los cuales se adelantó un capitan y

494 2275 1342 89 nos preguntó quiénes éramos y qué se nos ofrecia. El intérprete

494 2314 1338 96 respondió que éramos españoles, vasallos del rey de Leon, y pre-

497 2371 1335 88 tendíamos besar la mano al Preste Juan; á lo que contestó el ca-

497 2418 1342 135 pitan nos aguardásemos en aquel sitio hasta que él pasara la no-
