939 1321
30 34 360 25 dó fabricar en lo alto de su

30 48 360 41 casa, una pequeña Soledad,

26 78 364 37 en forma de Oratorio, don-

26 110 364 36 de se retiraba con sus donce-

25 140 365 41 llas á comunicar con su

25 170 364 39 Dios en continuos ejercicios,

25 200 364 42 y oraciones. Alli tenia depo-

29 234 360 36 sitada toda su alma, y sus

23 263 362 39 entrerenimientos devotos con

25 291 360 38 su Querido, y Amado, y des-

24 323 360 36 de alli subian sus castisimas

23 351 361 39 oraciones, que llevaban los

24 381 362 42 suspiros de su pueblo hasta el

25 413 245 39 trono del Altisimo.

65 443 325 36 La Santa Dama tenia su

22 475 368 40 delicado cuerpo todo rodea-

22 506 365 38 do de aspero cilicio : ayu-

24 536 370 34 naba todos los dias, á no ser

24 570 361 33 los Sabados, y Fiestas so-

22 596 363 39 lemnes, que guardaban los

25 626 364 41 Judios. Su corazon estaba

20 653 369 41 encendido en un zelo increi-

22 686 367 39 ble de la Gloria de su Dios,

24 715 365 41 y lloraba, y se compadecia

22 748 372 34 mucho de las miserias de su

22 774 372 42 escogido Pueblo. Llegó á oir

22 805 372 38 esta valerosa Santa ; que se

22 839 372 36 habia resuelto en la Junta

22 865 374 38 de los Sacerdotes, que den-

22 893 374 41 tro de cinco dias se habia

22 923 376 38 de rendir la Ciudad, si no

22 955 372 39 la venia socorro : pasó pron-

24 988 370 31 to á verse con el Sacerdote

25 1017 368 37 Ocias, Principe del Pueblo,

28 1044 365 41 y con los demás que go-

27 1073 367 41 vernaban : pusoles algunas

25 1106 369 36 replicas contra lo que ha-

29 1131 369 41 bian decrerado, y sobre to-

27 1161 371 66 do les dixo : Todo lo que ha-

411 19 368 36 beis determinado no es mas que

408 48 371 38 querer tentar á Dios, pres-

405 79 374 42 cribiendole el tiempo de sus

406 110 374 38 misericordias, y tasarle su

405 139 375 40 Providencia. No toca á los

406 171 370 41 hombres disponer los tiempos,

404 201 381 42 pues están reservados á la

405 231 375 40 disposicion del Soberano Se-

405 260 375 44 ñor. Que lo que era menester

404 292 379 38 cuidar era, de hacer una

405 328 377 35 exacta penitencia de los peca-

404 351 380 39 dos de la vida pasada, é im-

405 386 375 37 plorar la clemencia Divina

407 438 0 10 con efusion de lagrimas, que

407 441 378 42 ella sabria hallar el remedio

406 473 380 42 á tanta necesidad, y con-

406 500 81 46 flicto.

447 532 341 41 Dióles á entender, ma-

412 564 374 38 nifestandoles una exemplar

411 594 375 41 doctrina, que todas las per-

407 627 379 37 sonas escogidas son necesa-

407 654 381 40 riamente probadas, y tenta-

411 690 375 31 das con diversas tribulacio-

411 714 375 40 nes, y que los que las lle-

411 748 375 33 vaban con paciencia alcanza-

411 777 377 35 ban al fin la gloria delante

413 805 373 41 de Dios ; pero los que se in-

414 838 371 39 quietaban, y murmuraban,

415 865 371 37 no mejoraban sus males, an-

415 898 371 35 tes provocaban la ira del Al-

412 924 374 37 tisimo, que dobla azote so-

412 958 374 32 bre azote en castigo de su re-

411 984 375 39 beldia. En fin, ella les per-

414 1013 372 41 suadió que pues eran los

413 1042 372 42 caudillos del Pueblo, y que

414 1072 370 37 tanta infelicidad de almas res-

414 1103 370 40 piraban con su aliento, que

419 1136 365 39 no dejasen de exhortarle á

418 1163 160 47 la paciencia.

726 1 31 23 9

571 1191 28 56 B

726 1194 58 52 Los
