2148 3034
920 210 196 91 — 21 —

342 313 1338 74 besan á él: hecha esta ceremonia reciben su bendicion, se vuel-

343 357 1336 79 ven a formar la procesion y le conducen al palacio desde cuyo

340 404 1334 84 momento da principio su autoridad gobernando sus dominios.

416 455 1263 81 Viendo el infante el mucho tiempo que hacia que estábamos

333 502 1344 79 detenidos en aquella ciudad, pidió licencia para pasar á otra par-

333 551 1342 79 te, y el Preste le aconsejó no siguiera su camino hácia cierta di-

328 605 1346 77 reccion que le indicó, porque llegaria á una provincia habitada

330 648 1335 81 por gentes tan idiotas, que tienen la perversa costumbre de co-

328 701 1346 72 merse los hijos á sus padres cuando éstos llegan á una edad

325 745 1347 80 avanzada, y cuando hablan, su voz se parece al ladrido de los

327 800 1343 76 perros. El infante le dijo que aunque no entrara en aquellas tier-

322 851 1347 67 ras, queria por curiosidad verlas desde lejos, á lo cual no se opu-

320 893 1350 76 so el Preste por darle gusto, mandando prevenirle para el viaje

318 947 1347 67 seis dromedarios: dos para comer con ellos, y los otros para car-

318 994 1349 67 ga y montar á caballo en ellos, dándole tambien mil escudos de

318 1039 1347 76 oro y dos hombres para que nos guiasen y sirviesen en aquella

315 1087 1350 67 jornada. Partimos de aquella ciudad tomando el camino del de-

315 1134 1350 82 sierto del Paraiso, por el que anduvimos trescientas veinte leguas

311 1178 1354 86 sin encontrar poblacion alguna. Luego que llegamos á la vista

313 1227 1351 82 de unas altísimas montañas, vimos al pié de ellas algunas po-

311 1281 1353 82 blaciones circumbaladas por cuatro rios que se denominan el Ti-

308 1326 1354 79 gris, Eufrates, Guion y Fison, los cuales salen del Paraiso Terre-

308 1377 1354 77 nal, segun nos manifestaron los dos guias; las riberas están po-

308 1417 1352 89 bladas de frondosos árboles, pero de distintas especies, segun la

305 1471 1352 83 calidad del terreno de cada uno; así es que en las márgenes ó cer-

303 1522 1354 79 canías del Tigris sólo se advertian olivos; las del Eufrates esta-

308 1562 1356 91 ban cubiertas de cipreses; las del Guion de palmeras y arraya-

303 1616 1354 86 nes, y las del Fison de cedros, sobre cuyos árboles se divisan in-

300 1665 1355 76 numerables papagayos y otras aves hermosísimas. Pasamos más

298 1712 1357 79 adelante hasta llegar á la orilla del rio Tigris, que era el más

296 1759 1356 86 cercano, y los guias nos manifestaron dos árboles de los que

295 1811 1355 81 echan las peras ó fruta de la cruz que vimos en la mesa del Pres¬

295 1852 1355 88 te Juan; los cuales no echan más de cuarenta, no descubriéndo-

293 1901 1357 89 se otros que aquellos dos en todos aquellos contornos, ni han en-

295 1956 1357 81 contrado modo de hacerlos reproducir; causa porque los tienen

291 2000 1352 83 en mucha estima, dedicando su fruto sólo para el Preste Juan.

288 2051 1360 82 Quisimos pasar adelante, mas los guias no lo consintieron por

288 2096 1359 86 no exponernos á algun peligro, y determinó el infante nos vol-

286 2145 1354 84 viésemos á la córte del Preste Juan, como en efecto lo hicimos,

281 2194 1362 81 permaneciendo treinta dias más, al cabo de los cua les nos con-

279 2245 1366 82 cedió la licencia y beneplácito para que pudiésemos regresar á

278 2287 1367 86 España, dándonos muchas bendiciones, y mandando entregar

276 2344 1371 76 a infante veinte mil piezas de oro, cuatro dromedarios y seis

271 2385 1374 109 camellos, con cuyo auxilio tuvimos lo suficiente para volvernos
