1110 1580
501 107 107 44 — 12—

158 149 790 38 tos que la había dado y que se holgaba mucho de que se hubiese

160 180 785 41 salvado y sido requerida de amores por un caballero tan noble y

158 213 789 39 tan esforzado como el conde de Provenza, y que si llegaba á cele-

159 247 788 35 brarse la boda, para la cual daba todo su real consentimiento, que

158 274 788 41 prometía dotarla bien y cumplidamente cual correspondía á la hija

158 310 786 41 de un rey, con otras razones no menos discretas que admiraron y

161 343 444 44 regocijaron á los emisarios del conde.

199 376 748 43 No permitió Clotaldo que tan de prisa se volviesen, y así rogóles

160 409 786 44 que se quedaran, pues quería hacer fiestas en honor de sus hués-

161 442 786 43 pedes, y organizó cacerías y mogigangas de mucho viso, y hubo ilu-

162 475 784 43 minaciones y toda clase de regocijos públicos, con lo cual se volvie-

161 507 786 41 ron los emisarios para su tierra muy contentos, con la satisfacción

163 540 784 41 de llevarle á su señor tan buenas noticias y también le llevaron ri-

162 573 786 42 cos regalos para él y para la princesa Adalmira; pero ocurrió que á

162 603 785 43 la vuelta les cogió en el mar una tempestad muy fuerte, y para ali-

163 637 784 43 vio de males, el viento los arrojó contra unas rocas que salían á

161 669 786 38 flor de agua y se fueron todos á pique con el buque que los llevaba

163 701 785 42 y todas las riquezas que traían, de modo que ninguno se pudo salvar

163 734 784 42 ni dar cuenta del suceso. Este fin tuvieron los emisarios del conde,

161 768 788 41 que no pudo saber el resultado de sus gestiones, y se impacientaba

161 799 785 41 con la tardanza en términos que le acometieron deseos de ir él mis-

162 832 781 47 mo á enterarse, lo que hubiera efectuado á no habérselo impedido

164 860 123 52 Adalmira.

446 907 215 66 CAPÍTULO VI.

165 969 779 47 En que se refere como el conde de Provenza y Adalmira se casan, y

202 1005 745 37 tienen un hijo, y el conde se vá á la guerra de órden del rey de

203 1034 112 41 Francia.

168 1088 779 44 Viendo que pasaban meses y meses sin que los emisarios vol-

165 1123 783 37 viesen, el conde de Provenza receló que alguna mala partida les

164 1155 785 41 había hecho el rey Clotaldo, y como Adalmira estaba en cinta de-

164 1189 783 39 terminó hacerla su esposa sin aguardar á más. La condesa su ma-

163 1220 784 42 dre no quiso dar el consentimiento necesario y hubo grandes dis-

165 1253 783 40 gustos entre ella y el conde por causa de Adalmira, á quien la an-

164 1287 785 36 ciana señora no quería en modo alguno admitir en la familia por

165 1320 784 37 considerarla una mujer engañadora y de baja ralea, y decía que le

165 1349 784 38 había dado á beber á su hijo el conde un filtro para que se enamora-

165 1381 784 40 se de ella, pues de otro modo nunca un caballero tan cumplido hu-

165 1414 786 53 biera consentido en dar su nombre á semejante aventurera. Adalmira
