1860 2629
157.0 276.0 347.0 70.0 una vieja y agarró

157.0 317.0 439.0 77.0 la bazinilla y se planta:

155.0 363.0 432.0 75.0 que truenos! que lluvia!

151.0 411.0 430.0 68.0 que juracan! que desata!

149.0 455.0 364.0 66.0 pero yo á too callao

151.0 501.0 491.0 83.0 porque en mi no reparara.

138.0 541.0 335.0 68.0 Mas apenas acabó

138.0 584.0 430.0 82.0 fue erecha á la ventana

144.0 635.0 406.0 59.0 y pensando que era yo

138.0 679.0 388.0 57.0 algun berijon de lana

138.0 718.0 430.0 64.0 se me regolvió de popa

129.0 766.0 450.0 68.0 con las naguas levantaas

131.0 808.0 474.0 63.0 y en medio de los josicos

131.0 854.0 430.0 66.0 me plantificó las nalgas

129.0 893.0 476.0 92.0 en fin se limpió y no mas

131.0 939.0 333.0 62.0 y decia la malvaa

131.0 990.0 408.0 61.0 esta lana á estáo al sol

122.0 1029.0 476.0 72.0 que está caliente, su alma

122.0 1077.0 459.0 68.0 se caliente en los infiernos

120.0 1117.0 454.0 81.0 pues me llenó de surrapa

118.0 1165.0 375.0 59.0 ojos, narizes y boca

120.0 1200.0 575.0 94.0 cuando no eché yo allí el alma,

118.0 1257.0 436.0 61.0 tripas, cuajar y asauras

118.0 1292.0 577.0 83.0 pienso que nunca he de echarla,

127.0 1342.0 467.0 75.0 y llamando á un hijo suyo

116.0 1388.0 408.0 64.0 vino dando voces altas;

114.0 1432.0 386.0 68.0 yo ije (para mi sallo)

116.0 1478.0 410.0 68.0 ya esta corona la anza;

109.0 1524.0 428.0 62.0 empeze á rezar el creo,

107.0 1559.0 432.0 77.0 no queo Santo ni Santa

105.0 1610.0 403.0 65.0 en toito el Calandario

107.0 1649.0 502.0 86.0 á quien no me encomendara;

105.0 1702.0 436.0 57.0 mas apenas que me vió

105.0 1746.0 443.0 74.0 por las orejas me agarra

103.0 1785.0 337.0 61.0 con tal coraje tiró

103.0 1822.0 484.0 75.0 que yo por la puerta falsa

103.0 1870.0 482.0 75.0 empeze á llorar, de suerte

103.0 1916.0 522.0 77.0 que las lagrimas que echaba

100.0 1967.0 479.0 98.0 eran mas gordas que peros

927 315 408 57 pa toos mis camaraaas,

934.0 348.0 482.0 79.0 sin duda lo tentó el diablo:

934.0 389.0 436.0 73.0 luego fué y en una taza

927.0 422.0 470.0 86.0 trajo un betun y pintome

927.0 475.0 443.0 81.0 como á demonio la cara,

923.0 514.0 408.0 86.0 en esto ya era de dia,

919.0 565.0 513.0 74.0 y los muchachos que pasan

921.0 611.0 555.0 83.0 pensando que yo era un Judas

921.0 655.0 484.0 81.0 me apedrean y maltratan,

923.0 703.0 456.0 72.0 ¡que verguenza que pasé!

919.0 744.0 451.0 66.0 se juntó gente á desgaja.

916.0 782.0 494.0 81.0 Mas un maldito muchacho

919.0 823.0 465.0 81.0 se subió, de mi se agarra

912.0 878.0 483.0 75.0 me ha quitao los calzones,

914.0 922.0 395.0 63.0 de tanto como tiraba,

914.0 959.0 395.0 72.0 tal que me jiso pegar

910.0 1001.0 423.0 81.0 una costalá de espaldas

914.0 1049.0 353.0 72.0 que pensé dejar allí

914.0 1080.0 491.0 89.0 toas mis costillas quebraas.

910.0 1130.0 381.0 79.0 Salí corriendo tras él

908.0 1178.0 460.0 75.0 cual liebre que va acosaa,

908.0 1226.0 445.0 66.0 un escuadron me seguia,

910.0 1259.0 504.0 83.0 yo en viento en popa volaba

908.0 1310.0 460.0 81.0 con el pañal por bandera

910.0 1349.0 487.0 85.0 y en él gravaas mis armas.

905.0 1397.0 386.0 64.0 Mas tenia yo que ver

899.0 1439.0 599.0 79.0 que un buen jardin del Alcarzar

903.0 1483.0 470.0 79.0 y mas que un titirimundi

901.0 1527.0 441.0 74.0 en donde se ven pintaas

901.0 1573.0 382.0 70.0 Napoles, Ingalaterra,

899.0 1610.0 511.0 87.0 la Gran Bretaña é Irlanda,

899.0 1656.0 471.0 79.0 la gran Corte de Madrid,

897.0 1706.0 467.0 77.0 las Carrozas y las Damas,

892.0 1752.0 408.0 62.0 jasta el diablo se reia

890.0 1794.0 529.0 70.0 de ver tan horrible estampa.

892.0 1831.0 450.0 75.0 En fin la cruz á Sivilla,

894.0 1875.0 529.0 74.0 y á las malditas muchachas

892.0 1932.0 608.0 74.0 pues de esta suerte me han puesto

888.0 1976.0 526.0 105.0 voy corriendo á buscar agua.

721.0 2072.0 233.0 164.0 FIN.

103.0 2249.0 1491.0 125.0 Con licencia: En Sevilla en la Imprenta de Ara-

574.0 2333.0 509.0 122.0 gon y Compañia.
