1106 1584
477 128 97 28 —7—

118 157 796 40 forme ballena durmiendo á flor de agua; la cual cuando sintió sobre su

118 186 796 41 lomo el fuego que encendieron, se sumerjió en el agua. Se salvaron la

117 217 797 37 mayor parte de los que estaban encima; pero entre algunos que se aho-

117 247 797 40 garon fué uno el desgraciado Simbad. Suyos eran esos fardos, y tengo

117 276 797 41 intencion de negociarlos para si algun dia encuentro alguno de su fami-

119 308 795 39 lia, entregarle su capital y las ganancias que de él aya sacado.—Pues yo

117 337 798 41 soy ese Simbad, mi capitan, le dije: os habeis equivocado creyéndome

118 365 323 40 difunto; mios son los fardos.

161 395 752 42 El capitan sorprendido con mis palabras, esclamó: «Será posible,

117 425 797 38 gran Dios! De quién puede uno ya fiarse? Adonde está la buena fé de los

118 457 796 40 hombres? Con que yo con mis propios ojos vi perecer á Simbad; todos

117 486 797 40 los pasageros lo vieron como yo, y ahora teneis el descaro de venir di-

117 517 797 40 ciéndome que sois ese Simbad! Hombre perverso, al juzgar vuestro as-

117 551 797 36 pecto cualquiera os tendria por un hombre honrado, y sin embargo con

117 576 796 38 una inícua maldad intentais apoderaros de unos bienes que no os perte-

117 607 796 38 necen!» Si quereis escucharme, le contesté, podreis saber el modo como

117 637 796 42 me salvé. Le referí, pues, lo que me habia ocurrido y mi encuentro con

117 667 340 39 los palafreneros del rey Mirsa.

162 694 751 43 Convencido por estas palabras, y llegando al mismo tiempo algunos

116 726 797 41 pasageros de su buque, me reconocieron, manifestando su grande ale-

116 755 797 44 gría porque me volvian á ver, con lo cual el capitan persuadido de que

117 785 795 43 yo no era un impostor, conociéndome al fin, se arrojó en mis brazos es-

117 814 795 38 clamando: «Bendito sea Dios, que os libró de tan inminente peligro! Cuán-

116 846 796 35 ta es mi satisfaccion en este momento! Vuestros son los fardos; tomad-

116 873 794 43 los, ahí los teneis.» Yo no sabia cómo espresarle mi agradecimiento y

116 903 796 43 elojiar bastante su honradez: quise regalarle algunas mercancías, pero él

116 933 685 39 no consintió en admitirlas, aunque le hice grandes instancias.

159 961 752 44 Regalé al rey lo mas precioso de mis fardos, y aquel señor dignán-

116 992 795 41 dose admitir mi obsequio, me hizo otros presentes de mucha mas consi-

116 1021 794 45 deracion que los mios. Cambié las mercancias por otras del pais, y cuan-

116 1051 796 43 do el buque se hizo á la vela me embarqué, habiéndome despedido del

116 1082 795 43 rey Mirsa. Favorable nos fué la travesía, llegando por fin á Balsora, de-

115 1110 796 44 sembarcando mis géneros, por valor de cien mil zequies. Inútil será de-

116 1141 794 46 cir que yendo á ver á mi familia, me recibió con el júbilo que puede cau-

116 1171 795 46 sar la inesperada vista de una persona que ya se ha creido perdida. Com-

116 1201 797 45 pré muchos esclavos, campiñas, y construí una casa grandiosa, para

116 1231 796 46 disfrutar en ella todos los placeres de la vida, despues de los quebrantos

117 1265 208 46 que habia sufrido.

159 1284 754 51 Simbad suspendió aquí su narracion para seguir comiendo, y el ban-

116 1319 795 45 quete duró hasta la noche. Se despidieron los convidados muy alegres y

117 1350 796 43 satisfechos del agasajo con que los habia tratado su amigo: y cuando Na-

116 1379 795 44 dir fué á retirarse le dijo Simbad, poniéndole en la mano un bolsillo con

117 1410 793 51 cien zequies: «Tomad, amigo Nadir: ahí teneis para socorrer á vuestra
