1753 2480
252 158 494 70 Gozé de lo que tuvistes

201 213 471 58 en la for de tu niñez,

202 259 498 67 ya no tendrás otra vez

205 310 631 64 que dar lo que á mí me distes.

249 356 491 68 Tú por haber acertado

202 409 496 59 al dejar mi fino amor,

202 453 536 71 por no mezclar el dolor,

202 507 568 59 si piensas me he agraviado,

206 562 565 56 antes contento he quedado

202 606 633 60 mas que cuando me quisiste;

205 654 566 61 ahora que me aborrecistes,

209 701 522 60 y no haces caso de mí,

205 749 590 59 cuando de tu amor vencí,

206 797 495 59 gozé de lo que tuvistes.

249 844 598 58 Bien sé á quíen tienes amor,

219 890 580 71 y á quien amas con gran fé,

206 942 496 66 pero de lo que yo gozé,

206 989 492 65 lo primero y lo mejor,

213 1034 422 70 y que yo cojí la flor,

217 1082 491 73 y que yo rompí el arnéz

208 1138 457 64 si por una y otra vez

206 1187 456 59 otro te goza marchita,

216 1234 424 66 yo te gozé tiernecita

209 1282 452 62 en la flor de tu niñez.

256 1328 492 62 Antes eras tú la diosa,

208 1377 549 64 la estrella mas reluciente,

209 1421 546 71 la mujer mas competente,

210 1470 525 67 que la envidiaba la rosa:

212 1522 500 67 no te quise por esposa,

213 1569 482 71 vide la luna á tus piés,

212 1621 477 53 me rendí como cortés;

212 1662 550 72 que otro goze tus favores:

210 1713 581 73 mas por tus malas acciones

213 1767 478 69 ya no tendrás otra vez.

260 1814 431 63 Adios discípula mia,

214 1865 571 62 á quien yo enseñé á querer,

213 1912 463 58 la rosa que marchité,

230 1956 545 67 y á quien de veras queria:

227 2008 453 65 y tú por tus tonterias

214 2054 509 67 admitir á otro quisistes;

213 2105 558 62 no sabes lo que perdistes,

214 2146 632 74 aunque admitas muchos mas,

220 2200 480 67 ya no tendrás tú jamás

217 2247 658 109 que dar lo que á mí me distes.

975 186 430 41 Si tú te vas á bañar

933 216 447 58 avísame un dia antes,

934 261 524 62 y te empedraré el camino

930 312 525 61 de perlas y diamantes.

978 355 642 72 De conchas, perlas, diamantes;

931 405 572 66 de brillantes y esmeraldas,

935 458 586 64 tengo de hacer un sombrío,

934 502 536 62 desde el lindar de tu casa,

935 553 470 62 hasta la orilla del rio:

934 602 473 60 una barca de oro fino,

934 646 497 64 tengo de mandar labrar,

934 698 499 65 del lienzo mas superior

934 744 547 63 porque no te pique el sol,

938 792 422 64 si tú te vás á bañar.

983 839 454 57 Irás en silla de manos

938 891 498 63 para ir mas descansada,

938 938 456 60 te daré cuatro criadas

938 992 525 57 que vayan acompañando:

939 1036 545 63 si quieres llegar temprano

941 1084 460 63 bello pulido diamante,

944 1135 493 63 te daré coche y volante,

941 1182 449 62 si no quieres ir á pié;

942 1231 476 65 te lo pido por merced,

941 1279 450 60 avisame un dia antes.

989 1319 504 65 Aquí me pongo á cantar

944 1372 565 65 por darle gusto á mi asunto,

946 1421 523 64 y sin faltarte ni un punto,

949 1468 522 59 yo no puedo quedar mal:

944 1515 538 66 de aquí pasaré á Gibraltar

944 1565 545 64 con la vista y con el tino,

946 1610 472 69 yo me iré de peregrino

946 1661 473 65 por toditos los lugares,

945 1708 474 69 buscando mil oficiales,

945 1759 568 65 para empedrarte el camino.

992 1806 504 65 Mi décima no es finjida

945 1857 548 67 para obsequiar tu persona,

949 1906 448 61 te mereces la corona,

948 1952 449 59 de toda la Andalucia;

949 2000 463 62 todo lo que te ofrecia,

950 2051 473 61 aquí traigo para darte,

949 2098 459 62 una corona triunfante

949 2145 496 60 de metal y perlas finas;

948 2185 578 73 tambien te haré una berlina

946 2240 472 100 de perlas y diamantes.
