1753 2480
663.0 223.0 494.0 103.0 Lar mozaelas de hoy en dia;

622.0 299.0 459.0 70.0 me dicen que soy tunante,

618.0 345.0 397.0 49.0 y yo con la habla mia

616.0 378.0 489.0 80.0 las embebo á cada instante.

270.0 382.0 482.0 103.0 Despues de muchas fiuezas

225.0 460.0 417.0 60.0 me regala Pepa y Ana,

223.0 504.0 475.0 58.0 tambien me dice Mariana,

221.0 537.0 525.0 78.0 anda, que eres buena pieza:

221.0 589.0 450.0 66.0 si meriendo con Teresa

225.0 630.0 432.0 62.0 he de comer con Lucía,

225.0 677.0 417.0 69.0 y almorzar con Rosalía

221.0 721.0 337.0 56.0 y Maria de la Luz,

219.0 760.0 479.0 66.0 por eso me hacen la cruz

219.0 810.0 467.0 55.0 las mozuelas de hoy en dia.

260.0 845.0 446.0 64.0 Si voy á ver á Frasquita

219.0 890.0 461.0 71.0 que es vecina de mi casa,

217.0 930.0 365.0 64.0 la llevo á Margarita

219.0 971.0 446.0 68.0 memorias de Feliciana:

219.0 1016.0 473.0 69.0 un cariño me hace Juana,

214.0 1058.0 482.0 70.0 dice Rosa á cada instante;

217.0 1101.0 531.0 79.0 qué consuelito es mi amante!

212.0 1151.0 453.0 58.0 es mi dueño enamorado;

212.0 1192.0 414.0 66.0 y luego con desenfado

212.0 1240.0 478.0 84.0 me dicen que soy tunante....

963.0 392.0 403.0 99.0 A Joaquina voy á ver

917.0 467.0 449.0 68.0 y Antonia, la pobrecita:

919.0 518.0 463.0 60.0 me acuerdo de Carmelita

917.0 560.0 461.0 62.0 que es mi deseo el saber;

913.0 595.0 503.0 80.0 Constanza que es mi querer

911.0 640.0 374.0 68.0 al amanecer el dia;

911.0 677.0 438.0 75.0 Mánuela, qué gallardía,

913.0 727.0 418.0 74.0 madre de los deseados,

913.0 770.0 403.0 67.0 y con esto las engaño,

909.0 828.0 484.0 58.0 por que con et habla mia.....

952.0 855.0 453.0 79.0 Pur no faltar á Ramona,

913.0 896.0 381.0 73.0 me dice la Geromita

911.0 942.0 484.0 70.0 de que me deje á Conchita

913.0 989.0 474.0 69.0 y que de bien con Simona;

911.0 1035.0 432.0 60.0 Audrea que es la corona

911.0 1078.0 471.0 73.0 de mi querer y triunfante

907.0 1122.0 362.0 64.0 me retiro vigilante,

907.0 1157.0 482.0 74.0 perque con mis palabritas,

903.0 1211.0 446.0 53.0 á las damas mas bonitas

903.0 1250.0 475.0 74.0 las embobo á cada instante.

655.0 1260.0 465.0 97.0 Me echaron á los bageles

605.0 1333.0 496.0 72.0 porque bebo el aguardiente,

603.0 1378.0 385.0 58.0 hoy en el dia, señores,

599.0 1411.0 475.0 77.0 lo beben los mas decentes.

245.0 1423.0 470.0 104.0 Beben los mas principales

202.0 1485.0 383.0 77.0 de este bendito licor,

200.0 1533.0 399.0 60.0 lo bebe el gran señor

198.0 1572.0 475.0 81.0 que vive en comodidades,

200.0 1614.0 422.0 72.0 beben cabos y oficiales,

198.0 1657.0 451.0 79.0 beben todas las mugeres,

196.0 1707.0 395.0 66.0 las Anas, las Isabeles.

198.0 1750.0 426.0 70.0 las Juanas y las Marías;

200.0 1787.0 382.0 70.0 y yo porque lo bebia

198.0 1839.0 434.0 60.0 me echaron á los bageles.

237.0 1878.0 426.0 68.0 En estos tiempos fatales

194.0 1919.0 512.0 83.0 no hay uno que no tropiece,

194.0 1973.0 422.0 64.0 y por remedio le ofrece

188.0 2015.0 394.0 66.0 este licor á sus males;

188.0 2046.0 531.0 72.0 hombres de muchos caudales

188.0 2095.0 523.0 77.0 tambien llegan á esta fuente,

183.0 2141.0 414.0 68.0 lo bebe todo viviente,

186.0 2180.0 481.0 64.0 y hace muy grande locura

183.0 2225.0 488.0 66.0 aquel que de mí murmura

173.0 2271.0 498.0 99.0 porque bebo el aguardiente.

936.0 1442.0 523.0 101.0 Los que son mas melindrosos

893.0 1498.0 456.0 78.0 lo beben á cada instante:

893.0 1550.0 454.0 66.0 lo beben los comediantes

893.0 1597.0 463.0 66.0 y los mas decentes mozos:

895.0 1638.0 479.0 73.0 todos beben con gran gozo,

895.0 1674.0 423.0 72.0 beben los arrendadores,

893.0 1725.0 430.0 60.0 empresarios y doctores,

890.0 1762.0 497.0 75.0 y así agraviarse no pueden,

890.0 1810.0 501.0 68.0 porque al fin todos lo beben

888.0 1851.0 379.0 64.0 hoy en el dia, señores.

934.0 1893.0 463.0 80.0 Todos se toman el frasco,

882.0 1936.0 436.0 74.0 el tañedor, el danzante,

882.0 1979.0 430.0 71.0 el médico, el estudiante,

882.0 2027.0 507.0 72.0 el viejo, mozo y muchacho:

882.0 2074.0 443.0 65.0 yo solo no soy borracho,

878.0 2118.0 535.0 68.0 que hay muchos delincuentes;

878.0 2159.0 504.0 68.0 á unos da por ser valientes,

878.0 2192.0 442.0 79.0 á otros por enamorados,

876.0 2242.0 420.0 66.0 y por verse celebrados,

874.0 2281.0 444.0 126.0 lo beben los mas decentes.
