1842 2600
244 292 410 67 Tanto la fama creció

192 340 494 69 de Justina y de Cipriano

190 398 518 74 por toda aquella comarca,

197 461 485 65 que lo supo Diocleciano.

244 507 606 70 Y aunque se halla en Nicomedia

192 554 525 76 manda furioso prenderlos,

195 621 483 61 y al tribunal conducirlos

190 673 533 65 por ver si podrá vencerlos.

231 728 390 62 Inútiles tentativas:

190 777 462 63 con un valor poco visto

186 832 474 67 delante del juez pagano

186 884 446 65 confiesan á Jesucristo.

231 936 554 65 —Invocad á nuestros dioses

186 992 507 69 que conservan el imperio,

184 1040 550 73 les dice el juez; deste modo

186 1100 624 67 podréis salvar vuestros cuerpos.

229 1151 590 72 «Vuestros dioses son demonios,

179 1198 514 69 respondieron con firmeza,

182 1256 511 74 y aquellos que los adoran

182 1313 502 71 padecerán muerte eterna.

226 1365 535 65 »Sólo un Dios hay criador,

182 1412 465 78 y Jesucristo es su Hijo,

179 1479 438 59 procediendo de los dos

179 1529 390 65 un Espíritu divino.

218 1579 490 72 »Y solamente quien crea

177 1638 477 62 en ese Dios trino y uno,

179 1685 564 72 y cumpla sus mandamientos,

173 1744 503 69 de salvarse está seguro.»

219 1796 581 68 El juez les manda que callen,

173 1839 414 74 y se tapan los oídos,

175 1906 527 63 y los entregan al tormento

171 1958 535 65 por ser blasfemos é impíos.

215 2010 547 65 Luego los fieros verdugos

169 2058 433 74 á Justina la azotaron,

169 2110 478 78 y á Cipriano con garfios

166 2171 533 75 todo el cuerpo le surcaron.

1051 299 538 69 Viendo su firme constancia

1001 348 463 76 al otro día encendieron

999 411 455 63 calderos de pez y sebo,

1003 463 509 70 y allí dentro los metieron.

1038 520 468 67 Como en delicioso baño

999 574 498 67 el fuego no les quemaba,

1001 624 407 65 y ellos loaron á Dios

994 673 479 65 porque tanto les amaba.

1035 732 445 61 Salió vana su malicia,

994 782 551 73 que los cristianos con maña

992 832 440 67 á Roma los remitieron

994 897 479 60 por librarlos de su saña.

1033 940 453 74 En casa de una señora

988 1003 541 60 estuvieron bien guardados;

992 1057 479 61 y en la iglesia de Letrán

988 1102 459 70 son hoy dia venerados.

1027 1154 453 72 Casi revienta de cólera

988 1206 459 78 un sacerdote hechicero,

988 1263 567 73 y juzgando que hay engaño,

981 1326 522 56 se pone dentro un caldero.

1022 1369 475 78 ¡Oh soberbia castigada!

981 1425 516 74 queda al lado de Cipriano

981 1477 425 65 en cenizas convertido

979 1540 442 61 aquel mísero pagano.

1027 1591 578 62 ¡Gloria al Dios da las alturas!

981 1640 436 67 al punto toda la gente

977 1694 500 61 ensalzó al Dios que hacía

979 1746 483 69 un milagro tan patente,

1020 1807 460 58 De rabia y coraje lleno

975 1859 498 58 ordenó con gran presteza

970 1906 406 70 el implacable tirano

970 1960 429 65 le cortaran la cabeza.

1015 2020 549 61 No queriendo les honrasen,

966 2075 522 63 guardias fueron apostados

966 2129 531 63 para privar que enterraran

964 2181 537 72 aquellos cuerpos sagrados.

205 2277 1420 71 En la misma casa se halla de venta la verdadera Oración de San Ci-

164 2335 1461 74 priano y de Santa Justina; única y la más verdadera para hallar alivio

164 2381 1307 93 en sus penalidades cuantos devotos de buena fe se inspiren en ella.

600 2452 587 65 Imps. Hospital, 19 «El Abanico»
