1860 2629
804.0 262.0 349.0 71.0 LA BUÑOLERA.

357.0 431.0 498.0 75.0 Con mi lebrillo de masa,

311.0 481.0 434.0 66.0 mi jorniyita ensendia,

313.0 534.0 485.0 55.0 y la sarten hecha brasa,

311.0 578.0 445.0 68.0 paso alegre toa mi via.

355.0 635.0 491.0 92.0 Pa tomar el aguardiente,

309.0 703.0 458.0 61.0 estos sí que son canela;

304.0 747.0 643.0 85.0 quién los quiere; quién los yeva,

309.0 797.0 465.0 57.0 que han salio calentitos,

307.0 850.0 460.0 50.0 estos sí que son canela;

304.0 885.0 634.0 76.0 quién los quiere, quién los yeva,

304.0 942.0 571.0 83.0 quién, quién, quién los lleva!

353.0 1016.0 473.0 61.0 Aunque con aceite ando

300.0 1060.0 566.0 68.0 soy mas relimpia que el sol,

309.0 1112.0 583.0 75.0 ahí siempre estoy meneando,

302.0 1154.0 535.0 79.0 la sarten que es un primor.

473.0 1218.0 290.0 76.0 Pa tomar, etc.

342.0 1264.0 598.0 85.0 Cuando me pongo en mi choza

304.0 1338.0 634.0 70.0 y se me acerca un señó,

976.0 440.0 528.0 72.0 me compra toa la hacienda

980.0 486.0 540.0 83.0 por lo bien que espacho yo.

1153.0 541.0 288.0 79.0 Pa tomar, etc.

1026.0 580.0 502.0 101.0 Todos vienen á mi puesto

980.0 655.0 450.0 70.0 porque les gusta probá

969.0 703.0 509.0 70.0 los guñuelos que yo hago,

971.0 753.0 395.0 75.0 porque son de caliá.

1144.0 804.0 292.0 72.0 Pa tomar, etc.

969.0 865.0 502.0 92.0 Vienen gente de copete

973.0 931.0 351.0 61.0 y curros de caliá,

973.0 979.0 468.0 66.0 á mí nenguno se atreve,

971.0 1016.0 454.0 90.0 porque me conocen ya.

1144.0 1073.0 290.0 74.0 Pa tomar, etc.

1015.0 1110.0 485.0 114.0 No sirve el mejor recreo,

949.0 1200.0 452.0 55.0 ni nenguna maravilla

971.0 1246.0 487.0 59.0 pa la tienda de guñuelos

971.0 1288.0 592.0 85.0 que tiene Curra en Seviya.

1140.0 1347.0 298.0 61.0 Pa tomar, etc.

390.0 2265.0 1160.0 140.0 MADRID. — Despacho : Sucesores de Hernando, Arenal, 11.
