<?xml version="1.0" encoding="UTF-8"?>
<alto xmlns:xsi="http://www.w3.org/2001/XMLSchema-instance"
      xmlns="http://www.loc.gov/standards/alto/ns-v4#"
      xsi:schemaLocation="http://www.loc.gov/standards/alto/ns-v4# http://www.loc.gov/standards/alto/v4/alto-4-2.xsd">
  <Description>
    <MeasurementUnit>pixel</MeasurementUnit>
    <sourceImageInformation>
      <fileName>Varios_367_1.jpg</fileName>
      
    </sourceImageInformation>
  </Description>
  
  <Tags>
    <OtherTag ID="BT1082" LABEL="CustomZone:impresorNum" DESCRIPTION="block type CustomZone:impresorNum"/><OtherTag ID="BT1083" LABEL="CustomZone:numero_pliego" DESCRIPTION="block type CustomZone:numero_pliego"/><OtherTag ID="BT1084" LABEL="CustomZone:title" DESCRIPTION="block type CustomZone:title"/><OtherTag ID="BT1085" LABEL="GraphicZone:illustration" DESCRIPTION="block type GraphicZone:illustration"/><OtherTag ID="BT1086" LABEL="GraphicZone:ornamentation" DESCRIPTION="block type GraphicZone:ornamentation"/><OtherTag ID="BT1087" LABEL="MainZone" DESCRIPTION="block type MainZone"/><OtherTag ID="BT1088" LABEL="MainZone:columns" DESCRIPTION="block type MainZone:columns"/><OtherTag ID="BT1089" LABEL="MarginTextZone:colophon" DESCRIPTION="block type MarginTextZone:colophon"/><OtherTag ID="BT1090" LABEL="MarginTextZone:note" DESCRIPTION="block type MarginTextZone:note"/><OtherTag ID="BT1091" LABEL="MusicZone" DESCRIPTION="block type MusicZone"/><OtherTag ID="BT1092" LABEL="NumberingZone:page" DESCRIPTION="block type NumberingZone:page"/><OtherTag ID="BT1093" LABEL="QuireMarksZone:catchwords" DESCRIPTION="block type QuireMarksZone:catchwords"/><OtherTag ID="BT1094" LABEL="QuireMarksZone:signature" DESCRIPTION="block type QuireMarksZone:signature"/><OtherTag ID="BT1095" LABEL="RunningTitleZone" DESCRIPTION="block type RunningTitleZone"/>
    <OtherTag ID="LT402" LABEL="CustomLine:propriedad" DESCRIPTION="line type CustomLine:propriedad"/><OtherTag ID="LT403" LABEL="CustomLine:trailer" DESCRIPTION="line type CustomLine:trailer"/><OtherTag ID="LT404" LABEL="DefaultLine" DESCRIPTION="line type DefaultLine"/><OtherTag ID="LT405" LABEL="HeadingLine" DESCRIPTION="line type HeadingLine"/>
  </Tags>
  
  <Layout>
    <Page WIDTH="1860"
          HEIGHT="2629"
          PHYSICAL_IMG_NR="74"
          ID="eSc_dummypage_">
      <PrintSpace HPOS="0"
                  VPOS="0"
                  WIDTH="1860"
                  HEIGHT="2629">
        
        <TextBlock HPOS="1235"
                   VPOS="265"
                   WIDTH="243"
                   HEIGHT="107"
                   ID="block_6"
                   TAGREFS="BT1082">
          <Shape><Polygon POINTS="1478 265 1478 372 1235 372 1235 265"/></Shape>
          
          
          <TextLine ID="line_16"
                    TAGREFS="LT404"
                    BASELINE="1250 325 1459 321" 
                    HPOS="1249"
                    VPOS="274"
                    WIDTH="210"
                    HEIGHT="96">
            <Shape><Polygon POINTS="1250 325 1250 350 1291 350 1293 350 1315 369 1315 370 1316 370 1317 370 1319 370 1408 360 1409 360 1411 360 1411 359 1421 350 1423 349 1458 349 1459 321 1458 287 1420 274 1418 274 1417 274 1415 274 1389 284 1376 289 1249 278 1250 325"/></Shape>
	    <String CONTENT="(Núm. 54)."
                    HPOS="1249"
                    VPOS="274"
                    WIDTH="210"
                    HEIGHT="96"></String>
          </TextLine>

          
        </TextBlock>
        
        <TextBlock HPOS="98"
                   VPOS="1294"
                   WIDTH="1485"
                   HEIGHT="207"
                   ID="block_4"
                   TAGREFS="BT1084">
          <Shape><Polygon POINTS="1583 1294 1583 1501 98 1501 98 1294"/></Shape>
          
          
          <TextLine ID="line_0"
                    TAGREFS="LT405"
                    BASELINE="140 1390 1537 1396" 
                    HPOS="138"
                    VPOS="1294"
                    WIDTH="1397"
                    HEIGHT="125">
            <Shape><Polygon POINTS="563 1294 561 1294 559 1294 557 1294 517 1310 513 1310 511 1310 460 1294 458 1294 456 1294 390 1307 379 1310 138 1307 138 1388 138 1413 416 1402 467 1415 469 1415 471 1415 475 1415 587 1402 611 1415 611 1417 614 1417 616 1417 618 1417 651 1417 815 1406 857 1417 859 1417 862 1417 864 1417 866 1417 868 1417 883 1404 949 1417 954 1417 956 1417 960 1417 1039 1404 1063 1417 1068 1419 1070 1419 1072 1419 1074 1419 1076 1419 1076 1417 1090 1406 1184 1417 1186 1417 1188 1417 1219 1406 1232 1417 1232 1419 1234 1419 1237 1419 1239 1419 1241 1419 1243 1419 1269 1406 1285 1419 1287 1419 1289 1419 1291 1419 1294 1419 1298 1419 1346 1406 1410 1417 1412 1417 1491 1406 1528 1419 1535 1395 1535 1314 1509 1299 1506 1299 1504 1299 1502 1299 1447 1310 1434 1299 1432 1299 1430 1299 1320 1299 1318 1299 1248 1314 1243 1314 1239 1314 1109 1299 1107 1299 962 1312 960 1312 945 1299 945 1296 943 1296 940 1296 938 1296 936 1296 883 1312 879 1312 877 1312 811 1296 743 1296 741 1296 739 1296 736 1296 719 1310 636 1296 633 1296 579 1307 565 1296 565 1294 563 1294"/></Shape>
	    <String CONTENT="TROVOS NUEVOS Y DIVERTIDOS,"
                    HPOS="138"
                    VPOS="1294"
                    WIDTH="1397"
                    HEIGHT="125"></String>
          </TextLine>

          
          
          <TextLine ID="line_1"
                    TAGREFS="LT405"
                    BASELINE="306 1462 1355 1454" 
                    HPOS="305"
                    VPOS="1406"
                    WIDTH="1050"
                    HEIGHT="88">
            <Shape><Polygon POINTS="306 1462 306 1494 372 1494 374 1494 433 1476 496 1479 512 1492 514 1492 515 1492 517 1494 563 1494 563 1492 565 1492 600 1473 726 1473 802 1473 828 1486 829 1486 831 1486 832 1486 860 1473 921 1479 923 1479 924 1479 926 1479 938 1472 964 1482 965 1482 967 1482 1019 1472 1056 1486 1057 1486 1059 1486 1060 1486 1100 1475 1154 1486 1163 1488 1164 1488 1354 1483 1355 1454 1352 1416 1187 1406 1186 1406 1184 1406 1167 1415 1152 1407 1151 1407 1149 1407 1089 1416 993 1407 992 1407 990 1407 967 1416 936 1407 935 1407 933 1407 932 1407 891 1418 873 1409 872 1409 870 1409 869 1409 831 1418 752 1409 751 1409 699 1419 682 1412 680 1412 679 1412 677 1412 657 1418 542 1410 540 1410 539 1410 512 1419 454 1413 452 1413 451 1413 450 1413 441 1422 362 1422 341 1412 340 1412 338 1412 337 1412 305 1422 306 1462"/></Shape>
	    <String CONTENT="PARA CANTAR LOS AFICIONADOS, CON GUITARRA."
                    HPOS="305"
                    VPOS="1406"
                    WIDTH="1050"
                    HEIGHT="88"></String>
          </TextLine>

          
        </TextBlock>
        
        <TextBlock HPOS="550"
                   VPOS="1502"
                   WIDTH="559"
                   HEIGHT="197"
                   ID="block_0"
                   TAGREFS="BT1088">
          <Shape><Polygon POINTS="1109 1502 1109 1699 550 1699 550 1502"/></Shape>
          
          
          <TextLine ID="line_2"
                    TAGREFS="LT404"
                    BASELINE="622 1540 1035 1545" 
                    HPOS="620"
                    VPOS="1502"
                    WIDTH="415"
                    HEIGHT="62">
            <Shape><Polygon POINTS="892 1502 891 1502 885 1502 870 1502 856 1502 841 1502 826 1502 815 1502 813 1502 812 1502 810 1502 802 1510 783 1502 781 1502 780 1502 778 1502 764 1510 759 1513 622 1508 622 1540 620 1558 737 1561 739 1561 740 1561 742 1561 756 1554 885 1562 914 1564 916 1564 930 1562 1000 1556 1031 1564 1035 1545 1034 1516 997 1507 996 1507 995 1507 974 1513 965 1505 965 1504 964 1504 962 1504 961 1504 959 1504 958 1504 943 1513 927 1504 926 1504 924 1504 923 1504 904 1511 894 1502 892 1502"/></Shape>
	    <String CONTENT="Debajo de tus balcones,"
                    HPOS="620"
                    VPOS="1502"
                    WIDTH="415"
                    HEIGHT="62"></String>
          </TextLine>

          
          
          <TextLine ID="line_3"
                    TAGREFS="LT404"
                    BASELINE="581 1589 968 1586" 
                    HPOS="580"
                    VPOS="1556"
                    WIDTH="388"
                    HEIGHT="50">
            <Shape><Polygon POINTS="581 1589 581 1600 965 1606 968 1586 965 1558 580 1556 581 1589"/></Shape>
	    <String CONTENT="Te daré una serenata,"
                    HPOS="580"
                    VPOS="1556"
                    WIDTH="388"
                    HEIGHT="50"></String>
          </TextLine>

          
          
          <TextLine ID="line_4"
                    TAGREFS="LT404"
                    BASELINE="578 1634 1034 1628" 
                    HPOS="577"
                    VPOS="1590"
                    WIDTH="457"
                    HEIGHT="64">
            <Shape><Polygon POINTS="578 1634 578 1646 698 1646 751 1654 752 1654 813 1644 831 1653 832 1653 834 1654 917 1654 917 1653 919 1653 920 1653 920 1651 921 1651 929 1643 978 1651 980 1651 1034 1640 1034 1628 1030 1590 990 1592 989 1592 987 1592 973 1602 936 1593 926 1592 924 1592 923 1592 921 1592 920 1594 907 1605 812 1605 800 1599 791 1594 790 1594 789 1594 740 1600 713 1605 695 1603 647 1596 645 1596 644 1596 642 1596 635 1603 628 1597 628 1596 626 1596 625 1596 594 1596 593 1596 591 1596 590 1596 577 1603 578 1634"/></Shape>
	    <String CONTENT="El dia aquel en que logre"
                    HPOS="577"
                    VPOS="1590"
                    WIDTH="457"
                    HEIGHT="64"></String>
          </TextLine>

          
          
          <TextLine ID="line_5"
                    TAGREFS="LT404"
                    BASELINE="590 1676 1089 1672" 
                    HPOS="588"
                    VPOS="1635"
                    WIDTH="501"
                    HEIGHT="72">
            <Shape><Polygon POINTS="590 1676 590 1707 620 1707 620 1705 622 1705 623 1705 641 1692 692 1694 702 1703 702 1704 704 1704 705 1704 707 1704 720 1703 780 1694 790 1701 793 1704 794 1704 796 1704 797 1705 867 1705 867 1704 869 1704 870 1704 870 1703 876 1698 883 1692 911 1698 938 1703 939 1703 940 1703 942 1703 949 1697 961 1689 1088 1692 1089 1672 1087 1646 1031 1635 1030 1635 905 1643 841 1646 834 1641 829 1637 828 1637 826 1637 777 1635 775 1635 774 1635 762 1640 745 1648 705 1648 689 1640 685 1637 683 1637 682 1637 588 1637 590 1676"/></Shape>
	    <String CONTENT="Verte en mis brazos, tirana."
                    HPOS="588"
                    VPOS="1635"
                    WIDTH="501"
                    HEIGHT="72"></String>
          </TextLine>

          
        </TextBlock>
        
        <TextBlock HPOS="66"
                   VPOS="1711"
                   WIDTH="615"
                   HEIGHT="483"
                   ID="block_3"
                   TAGREFS="BT1088">
          <Shape><Polygon POINTS="681 1711 681 2194 66 2194 66 1711"/></Shape>
          
          
          <TextLine ID="line_6"
                    TAGREFS="LT404"
                    BASELINE="137 1759 620 1755" 
                    HPOS="135"
                    VPOS="1713"
                    WIDTH="485"
                    HEIGHT="67">
            <Shape><Polygon POINTS="137 1759 141 1780 146 1774 239 1778 293 1780 295 1780 296 1780 302 1777 311 1773 363 1776 416 1778 417 1778 619 1770 620 1755 616 1713 135 1713 137 1759"/></Shape>
	    <String CONTENT="No temes que me enamoro"
                    HPOS="135"
                    VPOS="1713"
                    WIDTH="485"
                    HEIGHT="67"></String>
          </TextLine>

          
          
          <TextLine ID="line_7"
                    TAGREFS="LT404"
                    BASELINE="99 1805 623 1800" 
                    HPOS="97"
                    VPOS="1765"
                    WIDTH="526"
                    HEIGHT="57">
            <Shape><Polygon POINTS="99 1805 99 1818 620 1822 623 1800 620 1765 97 1765 99 1805"/></Shape>
	    <String CONTENT="Y que por tí me enflaquezca,"
                    HPOS="97"
                    VPOS="1765"
                    WIDTH="526"
                    HEIGHT="57"></String>
          </TextLine>

          
          
          <TextLine ID="line_8"
                    TAGREFS="LT404"
                    BASELINE="96 1846 667 1846" 
                    HPOS="96"
                    VPOS="1809"
                    WIDTH="571"
                    HEIGHT="63">
            <Shape><Polygon POINTS="96 1846 96 1863 260 1869 261 1869 311 1863 336 1862 343 1863 363 1872 365 1872 366 1872 368 1872 384 1863 390 1862 413 1863 486 1872 488 1872 667 1863 667 1846 667 1815 96 1809 96 1846"/></Shape>
	    <String CONTENT="Desde el momento en que logre"
                    HPOS="96"
                    VPOS="1809"
                    WIDTH="571"
                    HEIGHT="63"></String>
          </TextLine>

          
          
          <TextLine ID="line_9"
                    TAGREFS="LT404"
                    BASELINE="94 1892 502 1892" 
                    HPOS="94"
                    VPOS="1853"
                    WIDTH="408"
                    HEIGHT="60">
            <Shape><Polygon POINTS="94 1892 94 1906 501 1913 502 1892 502 1863 403 1853 401 1853 400 1853 379 1859 371 1863 264 1863 239 1856 227 1853 226 1853 94 1853 94 1892"/></Shape>
	    <String CONTENT="Hablarte, cara sirena,"
                    HPOS="94"
                    VPOS="1853"
                    WIDTH="408"
                    HEIGHT="60"></String>
          </TextLine>

          
          
          <TextLine ID="line_10"
                    TAGREFS="LT404"
                    BASELINE="96 1933 504 1936" 
                    HPOS="94"
                    VPOS="1895"
                    WIDTH="410"
                    HEIGHT="65">
            <Shape><Polygon POINTS="96 1933 94 1955 198 1958 200 1958 201 1958 203 1958 203 1957 206 1954 211 1949 261 1949 267 1954 273 1958 274 1958 276 1958 277 1958 318 1952 334 1951 347 1952 397 1960 398 1960 452 1951 454 1951 464 1960 466 1960 467 1960 469 1960 470 1960 502 1949 504 1936 502 1906 414 1906 413 1904 406 1897 404 1897 403 1897 401 1897 261 1903 258 1903 251 1897 251 1895 249 1895 248 1895 246 1895 245 1895 226 1903 225 1903 96 1903 96 1933"/></Shape>
	    <String CONTENT="Debajo de tus balcones."
                    HPOS="94"
                    VPOS="1895"
                    WIDTH="410"
                    HEIGHT="65"></String>
          </TextLine>

          
          
          <TextLine ID="line_11"
                    TAGREFS="LT404"
                    BASELINE="134 1980 600 1980" 
                    HPOS="134"
                    VPOS="1941"
                    WIDTH="466"
                    HEIGHT="61">
            <Shape><Polygon POINTS="134 1980 134 2002 600 2002 600 1980 600 1948 581 1941 580 1941 578 1941 347 1948 308 1941 306 1941 265 1948 213 1941 211 1941 173 1948 144 1941 143 1941 141 1941 140 1941 138 1941 138 1942 134 1946 134 1980"/></Shape>
	    <String CONTENT="Por fin no lograron nada,"
                    HPOS="134"
                    VPOS="1941"
                    WIDTH="466"
                    HEIGHT="61"></String>
          </TextLine>

          
          
          <TextLine ID="line_12"
                    TAGREFS="LT404"
                    BASELINE="94 2027 553 2024" 
                    HPOS="93"
                    VPOS="1989"
                    WIDTH="460"
                    HEIGHT="52">
            <Shape><Polygon POINTS="94 2027 94 2038 550 2041 553 2024 550 1999 385 1990 384 1990 353 1995 321 1999 305 1993 296 1990 295 1990 293 1990 254 1993 160 1999 143 1990 138 1989 137 1989 135 1989 93 1989 94 2027"/></Shape>
	    <String CONTENT="Mis cuarenta antecesores,"
                    HPOS="93"
                    VPOS="1989"
                    WIDTH="460"
                    HEIGHT="52"></String>
          </TextLine>

          
          
          <TextLine ID="line_13"
                    TAGREFS="LT404"
                    BASELINE="97 2069 580 2069" 
                    HPOS="97"
                    VPOS="2030"
                    WIDTH="483"
                    HEIGHT="62">
            <Shape><Polygon POINTS="97 2069 97 2092 580 2092 580 2069 580 2038 533 2030 531 2030 471 2036 460 2037 455 2036 441 2030 439 2030 438 2030 436 2030 416 2036 407 2037 97 2031 97 2069"/></Shape>
	    <String CONTENT="Mas si yo alcanzo lograrla,"
                    HPOS="97"
                    VPOS="2030"
                    WIDTH="483"
                    HEIGHT="62"></String>
          </TextLine>

          
          
          <TextLine ID="line_14"
                    TAGREFS="LT404"
                    BASELINE="96 2114 534 2114" 
                    HPOS="96"
                    VPOS="2084"
                    WIDTH="438"
                    HEIGHT="57">
            <Shape><Polygon POINTS="96 2114 96 2132 178 2129 185 2135 188 2138 189 2138 191 2138 192 2138 194 2138 204 2135 220 2129 263 2135 273 2136 274 2136 276 2136 277 2136 293 2129 314 2136 315 2136 317 2136 318 2136 319 2136 334 2129 349 2136 350 2136 352 2136 353 2136 381 2129 397 2138 400 2139 401 2139 403 2141 534 2141 534 2114 534 2084 96 2084 96 2114"/></Shape>
	    <String CONTENT="A esta carita de amores,"
                    HPOS="96"
                    VPOS="2084"
                    WIDTH="438"
                    HEIGHT="57"></String>
          </TextLine>

          
          
          <TextLine ID="line_15"
                    TAGREFS="LT404"
                    BASELINE="97 2158 485 2158" 
                    HPOS="97"
                    VPOS="2120"
                    WIDTH="388"
                    HEIGHT="70">
            <Shape><Polygon POINTS="97 2158 97 2183 483 2190 485 2158 485 2128 97 2120 97 2158"/></Shape>
	    <String CONTENT="Te daré una serenata."
                    HPOS="97"
                    VPOS="2120"
                    WIDTH="388"
                    HEIGHT="70"></String>
          </TextLine>

          
        </TextBlock>
        
        <TextBlock HPOS="843"
                   VPOS="1707"
                   WIDTH="582"
                   HEIGHT="476"
                   ID="block_2"
                   TAGREFS="BT1088">
          <Shape><Polygon POINTS="1425 1707 1425 2183 843 2183 843 1707"/></Shape>
          
          
          <TextLine ID="line_17"
                    TAGREFS="LT404"
                    BASELINE="913 1757 1408 1752" 
                    HPOS="911"
                    VPOS="1707"
                    WIDTH="497"
                    HEIGHT="66">
            <Shape><Polygon POINTS="1160 1707 1145 1707 1130 1707 1116 1707 1101 1707 1087 1707 1072 1707 1070 1707 1054 1713 1018 1726 1000 1711 999 1711 997 1711 996 1711 951 1720 939 1708 938 1708 938 1707 936 1707 935 1707 933 1707 911 1707 913 1757 913 1773 1407 1767 1408 1752 1405 1724 1360 1716 1358 1716 1307 1720 1281 1723 1277 1720 1268 1713 1268 1711 1266 1711 1265 1711 1263 1711 1228 1719 1195 1724 1184 1717 1173 1707 1160 1707"/></Shape>
	    <String CONTENT="Por la tarde ó por la noche"
                    HPOS="911"
                    VPOS="1707"
                    WIDTH="497"
                    HEIGHT="66"></String>
          </TextLine>

          
          
          <TextLine ID="line_18"
                    TAGREFS="LT404"
                    BASELINE="870 1800 1351 1800" 
                    HPOS="870"
                    VPOS="1761"
                    WIDTH="481"
                    HEIGHT="57">
            <Shape><Polygon POINTS="870 1800 870 1811 1350 1818 1351 1800 1351 1770 1220 1761 1218 1761 1217 1761 1215 1761 1215 1762 1208 1768 1203 1768 1138 1761 1136 1761 1084 1767 1073 1768 1068 1767 1041 1761 1040 1761 1038 1761 870 1765 870 1800"/></Shape>
	    <String CONTENT="Hallarás en mí un amante,"
                    HPOS="870"
                    VPOS="1761"
                    WIDTH="481"
                    HEIGHT="57"></String>
          </TextLine>

          
          
          <TextLine ID="line_19"
                    TAGREFS="LT404"
                    BASELINE="870 1847 1338 1841" 
                    HPOS="869"
                    VPOS="1812"
                    WIDTH="469"
                    HEIGHT="57">
            <Shape><Polygon POINTS="870 1847 870 1869 964 1868 965 1868 968 1866 1000 1854 1009 1862 1011 1862 1012 1862 1014 1862 1063 1854 1075 1863 1076 1863 1078 1863 1079 1863 1084 1863 1167 1853 1291 1853 1301 1857 1323 1865 1325 1865 1326 1865 1328 1865 1329 1865 1338 1857 1338 1841 1335 1814 869 1812 870 1847"/></Shape>
	    <String CONTENT="Quizás un tierno consorte,"
                    HPOS="869"
                    VPOS="1812"
                    WIDTH="469"
                    HEIGHT="57"></String>
          </TextLine>

          
          
          <TextLine ID="line_20"
                    TAGREFS="LT404"
                    BASELINE="879 1889 1401 1887" 
                    HPOS="878"
                    VPOS="1844"
                    WIDTH="523"
                    HEIGHT="69">
            <Shape><Polygon POINTS="1184 1844 1170 1844 1155 1844 1151 1844 1062 1856 1033 1849 1031 1849 1030 1849 1028 1849 1027 1849 1016 1856 1002 1846 995 1846 992 1846 980 1857 923 1853 921 1853 878 1860 879 1889 879 1904 913 1904 923 1913 924 1913 926 1913 927 1913 929 1913 946 1904 948 1904 957 1904 1056 1913 1057 1913 1059 1913 1079 1906 1085 1904 1101 1906 1144 1911 1145 1913 1220 1913 1220 1911 1221 1911 1222 1911 1227 1907 1233 1903 1399 1908 1401 1887 1398 1859 1184 1844 1184 1844"/></Shape>
	    <String CONTENT="Y que tomará el portante....."
                    HPOS="878"
                    VPOS="1844"
                    WIDTH="523"
                    HEIGHT="69"></String>
          </TextLine>

          
          
          <TextLine ID="line_21"
                    TAGREFS="LT404"
                    BASELINE="869 1933 1398 1933" 
                    HPOS="869"
                    VPOS="1895"
                    WIDTH="529"
                    HEIGHT="62">
            <Shape><Polygon POINTS="869 1933 869 1957 920 1949 1006 1955 1025 1957 1027 1957 1038 1955 1079 1949 1148 1949 1154 1954 1157 1957 1158 1957 1160 1957 1161 1957 1180 1954 1209 1949 1239 1954 1266 1957 1268 1957 1269 1957 1278 1952 1285 1949 1303 1952 1325 1957 1326 1957 1398 1951 1398 1933 1398 1906 1263 1906 1250 1895 1249 1895 1247 1895 1246 1895 1186 1903 1177 1895 1176 1895 1174 1895 1173 1895 1171 1895 1149 1904 1126 1895 1125 1895 1123 1895 1122 1895 1120 1895 1110 1904 1088 1895 1087 1895 1085 1895 1084 1895 1082 1895 1082 1897 1073 1904 1030 1897 1028 1897 1027 1897 999 1904 948 1895 946 1895 945 1895 927 1904 885 1895 883 1895 882 1895 881 1895 869 1903 869 1933"/></Shape>
	    <String CONTENT="El dia aquel en que logre....."
                    HPOS="869"
                    VPOS="1895"
                    WIDTH="529"
                    HEIGHT="62"></String>
          </TextLine>

          
          
          <TextLine ID="line_22"
                    TAGREFS="LT404"
                    BASELINE="914 1979 1331 1974" 
                    HPOS="913"
                    VPOS="1941"
                    WIDTH="418"
                    HEIGHT="52">
            <Shape><Polygon POINTS="914 1979 914 1993 1329 1993 1331 1974 1326 1941 913 1943 914 1979"/></Shape>
	    <String CONTENT="Espero pues una carta"
                    HPOS="913"
                    VPOS="1941"
                    WIDTH="418"
                    HEIGHT="52"></String>
          </TextLine>

          
          
          <TextLine ID="line_23"
                    TAGREFS="LT404"
                    BASELINE="870 2022 1399 2022" 
                    HPOS="870"
                    VPOS="1980"
                    WIDTH="529"
                    HEIGHT="66">
            <Shape><Polygon POINTS="870 2022 870 2040 962 2046 964 2046 995 2041 1034 2037 1079 2043 1103 2046 1104 2046 1106 2046 1107 2046 1110 2043 1116 2038 1123 2043 1123 2044 1125 2044 1126 2044 1127 2044 1141 2044 1198 2038 1215 2044 1220 2046 1221 2046 1222 2046 1224 2046 1225 2046 1227 2044 1237 2037 1329 2037 1398 2046 1399 2022 1399 1989 1328 1980 1326 1980 1325 1980 1323 1980 1323 1981 1317 1987 1316 1987 1304 1986 1250 1981 1249 1981 1217 1984 1184 1989 1160 1984 1138 1980 1136 1980 1135 1980 1133 1980 1133 1981 1130 1983 1126 1989 932 1989 870 1980 870 2022"/></Shape>
	    <String CONTENT="En que me espliques tu afan,"
                    HPOS="870"
                    VPOS="1980"
                    WIDTH="529"
                    HEIGHT="66"></String>
          </TextLine>

          
          
          <TextLine ID="line_24"
                    TAGREFS="LT404"
                    BASELINE="869 2068 1361 2063" 
                    HPOS="867"
                    VPOS="2031"
                    WIDTH="494"
                    HEIGHT="56">
            <Shape><Polygon POINTS="869 2068 869 2084 1360 2087 1361 2063 1358 2031 867 2031 869 2068"/></Shape>
	    <String CONTENT="Dime, mi garbo, te agrada"
                    HPOS="867"
                    VPOS="2031"
                    WIDTH="494"
                    HEIGHT="56"></String>
          </TextLine>

          
          
          <TextLine ID="line_25"
                    TAGREFS="LT404"
                    BASELINE="873 2111 1306 2107" 
                    HPOS="872"
                    VPOS="2076"
                    WIDTH="434"
                    HEIGHT="56">
            <Shape><Polygon POINTS="873 2111 873 2123 961 2123 996 2132 997 2132 999 2132 1000 2132 1018 2125 1075 2130 1076 2130 1078 2130 1100 2122 1135 2128 1136 2128 1174 2120 1222 2129 1224 2129 1296 2128 1297 2128 1298 2128 1298 2126 1306 2119 1306 2107 1303 2078 872 2076 873 2111"/></Shape>
	    <String CONTENT="Podré algun dia esperar"
                    HPOS="872"
                    VPOS="2076"
                    WIDTH="434"
                    HEIGHT="56"></String>
          </TextLine>

          
          
          <TextLine ID="line_26"
                    TAGREFS="LT404"
                    BASELINE="876 2155 1366 2151" 
                    HPOS="875"
                    VPOS="2114"
                    WIDTH="491"
                    HEIGHT="81">
            <Shape><Polygon POINTS="876 2155 878 2183 902 2177 924 2184 958 2195 959 2195 961 2195 962 2195 964 2195 964 2193 974 2184 974 2183 1014 2180 1028 2184 1054 2193 1056 2193 1057 2195 1141 2195 1141 2193 1142 2193 1144 2193 1144 2192 1151 2186 1165 2171 1182 2171 1193 2182 1193 2183 1195 2183 1196 2183 1198 2184 1198 2183 1199 2183 1201 2183 1201 2182 1214 2170 1315 2170 1332 2186 1336 2190 1336 2192 1338 2192 1339 2192 1341 2192 1366 2186 1366 2151 1363 2123 1271 2114 1269 2114 1211 2122 1189 2123 1167 2120 1129 2116 1053 2116 1052 2116 1050 2116 1049 2116 1044 2120 1034 2125 875 2119 876 2155"/></Shape>
	    <String CONTENT="Verte en mis brazos tirana."
                    HPOS="875"
                    VPOS="2114"
                    WIDTH="491"
                    HEIGHT="81"></String>
          </TextLine>

          
        </TextBlock>
        
        <TextBlock HPOS="563"
                   VPOS="2187"
                   WIDTH="492"
                   HEIGHT="212"
                   ID="block_1"
                   TAGREFS="BT1088">
          <Shape><Polygon POINTS="1055 2187 1055 2399 563 2399 563 2187"/></Shape>
          
          
          <TextLine ID="line_27"
                    TAGREFS="LT404"
                    BASELINE="626 2236 1038 2228" 
                    HPOS="625"
                    VPOS="2187"
                    WIDTH="413"
                    HEIGHT="62">
            <Shape><Polygon POINTS="976 2187 961 2187 946 2187 932 2187 917 2187 902 2187 888 2187 878 2187 866 2192 860 2187 859 2187 844 2187 829 2187 815 2187 806 2187 803 2190 799 2187 786 2187 771 2187 756 2187 749 2187 739 2189 732 2187 727 2187 713 2187 698 2187 692 2187 685 2193 677 2187 669 2187 654 2187 639 2187 637 2187 625 2195 626 2236 626 2249 1038 2246 1038 2228 1035 2190 989 2187 976 2187"/></Shape>
	    <String CONTENT="Con la flecha del amor"
                    HPOS="625"
                    VPOS="2187"
                    WIDTH="413"
                    HEIGHT="62"></String>
          </TextLine>

          
          
          <TextLine ID="line_28"
                    TAGREFS="LT404"
                    BASELINE="587 2279 1000 2277" 
                    HPOS="585"
                    VPOS="2237"
                    WIDTH="415"
                    HEIGHT="60">
            <Shape><Polygon POINTS="587 2279 587 2294 999 2297 1000 2277 997 2244 593 2237 591 2237 590 2237 588 2237 588 2239 587 2239 585 2239 587 2279"/></Shape>
	    <String CONTENT="Adoré yo á una mujer;"
                    HPOS="585"
                    VPOS="2237"
                    WIDTH="415"
                    HEIGHT="60"></String>
          </TextLine>

          
          
          <TextLine ID="line_29"
                    TAGREFS="LT404"
                    BASELINE="585 2325 999 2319" 
                    HPOS="584"
                    VPOS="2282"
                    WIDTH="415"
                    HEIGHT="62">
            <Shape><Polygon POINTS="585 2325 585 2344 999 2336 999 2319 996 2290 913 2282 911 2282 910 2282 908 2282 901 2288 895 2284 895 2282 894 2282 892 2282 891 2282 889 2282 873 2290 870 2291 853 2291 777 2285 775 2285 774 2285 772 2285 767 2291 764 2294 584 2294 585 2325"/></Shape>
	    <String CONTENT="No quiso, no, mi dolor"
                    HPOS="584"
                    VPOS="2282"
                    WIDTH="415"
                    HEIGHT="62"></String>
          </TextLine>

          
          
          <TextLine ID="line_30"
                    TAGREFS="LT404"
                    BASELINE="587 2369 993 2364" 
                    HPOS="585"
                    VPOS="2329"
                    WIDTH="408"
                    HEIGHT="88">
            <Shape><Polygon POINTS="587 2369 587 2406 606 2417 607 2417 609 2417 610 2417 612 2417 612 2415 622 2408 632 2398 666 2398 680 2408 686 2414 688 2414 689 2414 737 2415 739 2415 740 2415 742 2415 751 2409 775 2396 841 2396 872 2411 873 2411 875 2411 876 2411 904 2396 923 2411 924 2411 926 2411 992 2412 993 2364 990 2336 894 2329 892 2329 857 2336 853 2338 585 2338 587 2369"/></Shape>
	    <String CONTENT="Enseñarme, de querer."
                    HPOS="585"
                    VPOS="2329"
                    WIDTH="408"
                    HEIGHT="88"></String>
          </TextLine>

          
        </TextBlock>
        
        <TextBlock HPOS="423"
                   VPOS="292"
                   WIDTH="846"
                   HEIGHT="979"
                   ID="eSc_textblock_502baf5a"
                   TAGREFS="BT1085">
          <Shape><Polygon POINTS="423 292 423 1271 1269 1271 1209 320"/></Shape>
          
        </TextBlock>
        

        
      </PrintSpace>
    </Page>
  </Layout>
</alto>
