888 1443
257 32 250 37 de Judas Macabeo.

736 31 34 43 13

8 63 802 51 Otras veces padecia formidables assombros, y tenia ter-

7 107 803 49 ribles remordimientos sobre su vida passada, diciendo,

14 149 798 50 que toda su desdicha le venia de aver profanado el Tem-

10 194 804 47 plo de Jerusalèn, y hecho una tan sangrienta carnicerìa

8 234 803 51 de aquel pobre Pueblo. Decia, que èl reconocia al pre-

3 276 807 51 sente, que avia un Soberano Poder en el Cielo, á quien

9 322 803 49 todos los Reyes deben obediencia; y que es una desme-

2 361 812 50 surada locura querer el hombre igualarse con Dios. Ade-

6 408 803 48 más de esto protessaba, que si llegaba á recobrar la salud,

3 447 804 52 avia de reparar todas sus faltas con una piedad extraor-

1 489 809 56 dinaria, colmando de riquezas el Templo, que èl avia

3 537 125 45 saqueado.

27 577 778 53 Proponia, que trataria á los Judios con todo agassajo, y

0 623 807 47 con todas las liberalidades possibles à un Rey poderoso:

2 667 805 47 que restituiria todos los vasos sagrados que avia usurpa-

2 707 805 50 do al Templo; y añadia á esto, que haria profession de

8 751 798 48 a Religion Judaica, y se haria servidor del verdadero

12 795 794 46 Dios. Este mezquino abria la boca para los arrepentimien-

1 838 803 47 tos, y votos : mas Dios no tenia oìdos para èl, y en va-

1 875 799 49 no buscaba con los labios misericordia, despues de aver-

28 923 774 45 le menospreciado tantas veces con ellos, y con el corazon.

3 965 801 49 Porque debemos de estar, que este infeliz todas aquellas

2 1009 802 47 demostraciones, y promessas no las hacia por verdadera

0 1052 799 47 penitencia, y por dolor de sus culpas, como por aver he-

1 1095 800 46 cho tantas ofensas contra Dios, sino por verse libre de

12 1137 786 47 sus achaques, tormentos, y dolores, y ver si assí podia

63 1179 736 46 conseguir la salud de Dios para bolverle acaso á ofender

32 1221 768 50 mas. El, en fin, muriò despues de aver reynado doce

41 1266 752 51 años, para sufrir una eternidad de suplicios, y tormen-

32 1306 208 49 tos el Infierno.

697 1354 68 38 Hase
