1860 2629
433 1666 678 143 EL CAPEO

175 1812 441 76 Tal vez el toro adornado

132 1863 446 63 con mota, lazos y cintas,

131 1906 465 61 lleva colgantes del cuello

130 1951 485 57 por pendientes, banderillas

128 1993 510 64 que maldita gracia le hacen,

128 2031 478 63 pues le ponen la piel tinta

125 2066 433 66 del vivo color de grana

124 2114 434 59 de la sangre que destila

122 2149 428 56 por entre su negro pelo

121 2195 461 67 de sus punzantes heridas.

921 1834 417 73 Y así como por chacota

882 1889 441 57 y gran diversión taurina,

872 1926 463 58 juegan con él con la capa

873 1965 450 66 cual si fuera una gallina,

870 2006 415 60 incitándole con muecas

870 2044 450 59 hasta puestos de rodillas.

870 2085 480 64 Si quiere escurrir el bulto

869 2129 419 61 para conservar la vida,

867 2171 374 53 la multitud delirante

866 2203 470 76 le despide con gran silba.

45 2335 1435 114 BARCELONA.—Imps. de la Vda. de Antonio Lloréns, Palma de Santa Catalina, 6.
