1753 2480
589.0 777.0 479.0 95.0 SEGUNDA PARTE.

442.0 979.0 787.0 75.0 Cese el llorar, amante de amargura,

374.0 1037.0 703.0 52.0 cese el jemir querido trobador:

376.0 1078.0 796.0 69.0 tu amante fiel se rinde á tu ternura,

376.0 1124.0 711.0 66.0 y lauros mil coronarán tu amor:

378.0 1178.0 744.0 66.0 compensarán los goces y las glorias

378.0 1217.0 794.0 72.0 todo el rigor de mi anterior desden,

386.0 1275.0 798.0 66.0 y envidiaran los siglos y las historias

380.0 1314.0 728.0 74.0 al Trobador y a su querido bien.

450.0 1403.0 686.0 80.0 Tu dulce voz, tu citara sonora

382.0 1457.0 688.0 68.0 ensalzaran la pompa del festin,

386.0 1514.0 738.0 75.0 te brindara la dama encantadora,

388.0 1558.0 639.0 64.0 y brindaran todos el paladin;

384.0 1605.0 850.0 66.0 ay! Trobador, ven á mis tiernos brazos,

386.0 1651.0 732.0 72.0 tu amante fiel te los ofrece, ven;

390.0 1700.0 678.0 67.0 y estrecharan indisolubles lazos

386.0 1748.0 746.0 81.0 al Trobador y á su querido bien.

463.0 1826.0 771.0 91.0 Si el ronco son de belicos clarines,

388.0 1893.0 777.0 72.0 si el tambor llama tu pecho audaz,

390.0 1944.0 844.0 66.0 lleva mi amor del orbe á los confines,

392.0 2000.0 786.0 64.0 y entre el luchar halle tu alma paz:

388.0 2041.0 720.0 67.0 con tu valor aterra al enemigo,

390.0 2089.0 775.0 66.0 la patria en ti contemtple su sosten;

390.0 2134.0 742.0 79.0 y así despurs descansarás comigo

392.0 2184.0 784.0 105.0 tú Trobador! yo tu querido bien!
