1753 2480
217 1231 1236 116 DECIMAS DEL SOLTERO DESENGAÑADO.

223 1364 404 48 Te ofrezco lector amado ,

190 1397 384 51 El cuadro mas lisongero

188 1428 342 57 De la vida del soltero

188 1457 505 66 Que otro alguno ha presentado ,

191 1503 361 47 Mira si es privilegiado

201 1540 387 47 Y amado de las bellezas ,

192 1572 413 52 Que tiene todas las mesas

194 1602 423 51 Francas ,sin pagar escote ,

197 1631 471 59 Sin presentar mas que el dote

197 1672 354 57 Que le dió naturaleza.

228 1702 427 67 Si en mi lecho todas juntas

199 1751 397 41 Me sitian para casarme ,

202 1782 386 47 Tanto podran obligarme

201 1817 398 51 Como si fueran difuntas:

206 1847 425 55 Ya se ve porque varruntas

205 1891 404 47 Lo que puede sucederte ,

209 1919 396 56 Si tu te mantienes fuerte

217 1961 383 42 Y no caes en la trampa ,

208 1989 417 48 Daré tu vida á la estampa

206 2021 455 58 Principiando de esta suerte :

249 2055 343 54 Es la vida del soltero

208 2095 392 63 Tan buena, que deseára

975 1333 376 62 Que ninguno se casára.

979 1355 507 68 Y no es por mal que los quiero;

978 1399 456 61 ¿Quien si no es un majadero

981 1434 370 52 Querrá trocar una vida

985 1467 364 58 Tan alegre y divertida

985 1497 422 65 Por la cadena y los grillos

985 1536 452 55 De la esposa y los chiquillos

988 1572 443 62 Si no un perdido ó perdida?

1022 1607 412 57 Soy soltero independiente

997 1645 350 52 Y por eso no me caso,

995 1671 465 69 Aunque á todas doy el brazo,

996 1716 342 51 Estoy algo remitente

996 1749 423 51 En creerlas, porque siente

999 1784 388 53 Mi cabeza el grave peso

999 1818 398 53 De la cruz que con esceso

1000 1857 459 53 Es mas pesada que el plomo;

1001 1897 360 42 Casarme ni por asomo,

1004 1926 409 49 A otro cán con ese hueso.

1039 1960 366 50 Algnas para obligarme

1003 1993 409 53 Me acarícian con ternura

1011 2037 391 43 Y me tratan con dulzura,

1003 2066 433 76 Pero es á fin de atraparme
