1860 2629
1195.0 146.0 243.0 62.0 (Núm. 112.)

484.0 236.0 551.0 66.0 JUAN PORTELA

324.0 1213.0 970.0 132.0 NUEVO ROMANCE

144.0 1310.0 1299.0 144.0 en el que se declaran los robos y asesinatos que ha cometido el valeroso

414.0 1386.0 772.0 75.0 Portela en las inmediaciones de Córdoba.

598.0 1518.0 424.0 96.0 PRIMERA PARTE.

188.0 1632.0 480.0 70.0 Escuchen, señores mios,

142.0 1678.0 485.0 72.0 les diré de Juan Portela,

144.0 1724.0 463.0 63.0 el ladron más afamado

151.0 1763.0 526.0 79.0 de la gran Sierra-Morena.

149.0 1811.0 550.0 75.0 De mis padres fuí querido,

151.0 1870.0 528.0 73.0 todos los gustos me daban;

151.0 1912.0 533.0 83.0 mas de verme yo perdido,

155.0 1967.0 485.0 61.0 una mujer fué la causa;

155.0 2015.0 485.0 66.0 escuchen, señores mios.

162.0 2065.0 500.0 60.0 Nos dimos palabra cierta

162.0 2109.0 460.0 75.0 para casarnos los dos,

166.0 2153.0 483.0 77.0 puse mi aficion en ella,

162.0 2208.0 480.0 68.0 la que fué mi perdicion;

164.0 2249.0 504.0 71.0 les diré de Juan Portela.

166.0 2302.0 507.0 68.0 Fuí un labrador honrado

171.0 2355.0 511.0 65.0 que en Córdoba trabajaba

173.0 2392.0 509.0 81.0 á una hacienda retirado;

177.0 2453.0 511.0 77.0 y por querer á una dama,

824.0 1603.0 546.0 70.0 fuí el ladron mas afamado.

826.0 1656.0 527.0 70.0 Sin tener de mí una queja

826.0 1702.0 369.0 68.0 esta jóven se casó

826.0 1741.0 507.0 83.0 con otro, y á mí me deja;

831.0 1794.0 414.0 70.0 cuya causa me llevó

831.0 1833.0 506.0 83.0 á la gran Sierra-Morena.

835.0 1895.0 463.0 76.0 Lloraba de noche y dia

837.0 1945.0 465.0 79.0 siempre por una mujer

840.0 1998.0 414.0 59.0 mas al ver su tiranía

840.0 2035.0 410.0 76.0 venganza determiné.

842.0 2072.0 465.0 81.0 Con el sol de Mediodía

848.0 2133.0 503.0 81.0 un puñal fui disputando,

848.0 2175.0 483.0 79.0 mis amigos ¡qué dirian!

848.0 2225.0 511.0 70.0 cuando me ví despreciado

853.0 2280.0 463.0 72.0 lloraba de noche y dia.

855.0 2313.0 592.0 88.0 Sus quejas llegué á entender

862.0 2368.0 458.0 76.0 de una pícara traidora,

862.0 2416.0 502.0 90.0 que tan falsa vino á ser:
