1860 2629
125.0 1279.0 1467.0 285.0 BOVOS NUTOOS DE DESPIDIDAS

201.0 1520.0 1301.0 125.0 que cantan los Galanes a sus queridas Damas

324.0 1627.0 1046.0 121.0 aumentados con la americana a coro

195.0 1884.0 410.0 74.0 La despedida te doy

149.0 1930.0 425.0 65.0 al empesar a cantar,

146.0 1976.0 512.0 74.0 es muy bueno el despedir

144.0 2015.0 437.0 72.0 para más fiel adorar.

193.0 2061.0 486.0 75.0 Cuando de tí yo me voy

146.0 2107.0 536.0 72.0 mucho en el alma lo siento,

144.0 2157.0 562.0 68.0 porque pensando en tí, estoy

140.0 2203.0 561.0 75.0 con muy grande sentimiento,

138.0 2243.0 405.0 63.0 la despedida te dod.

182.0 2282.0 480.0 77.0 Es muy sensible el dejar

135.0 2331.0 474.0 76.0 tus encantos seductores,

133.0 2379.0 413.0 90.0 el despedir es matar,

892.0 1903.0 441.0 73.0 al decir dulces amores

892.0 1952.0 430.0 65.0 al empesar a cantar.

936.0 1991.0 494.0 79.0 Mucho me gusta el sufrir

894.0 2041.0 511.0 66.0 por las hermosas mujeres:

894.0 2090.0 404.0 63.0 pero bien debo decir

890.0 2133.0 557.0 68.0 que por más tiernos placeres

888.0 2177.0 515.0 72.0 es muy bueno el despedir.

927.0 2221.0 511.0 74.0 Si yo comienzo a explicar

886.0 2256.0 482.0 83.0 lo que es una despedida,

883.0 2313.0 461.0 59.0 es amor que hace llorar

881.0 2350.0 492.0 75.0 en dejando a una querida

879.0 2394.0 441.0 99.0 para más fiel adorar.
