1860 2629
458 262 1037 147 TROVOS NUEVOS,

447.0 398.0 1051.0 132.0 ALEGRES Y DIVERTIDOS PARA CANTAR LOS AFICIONADOS.

329.0 471.0 563.0 85.0 Si un homtre calla, es un tonto,

282.0 530.0 439.0 65.0 si habla, es un hablador,

282.0 573.0 437.0 71.0 si bele vino, un borracho,

276.0 622.0 489.0 65.0 y si vá á misa un santurron.

320.0 661.0 452.0 68.0 Si fuere de genio pronto,

276.0 696.0 467.0 72.0 ó calla por conveniencia,

267.0 744.0 469.0 70.0 lo tiene el vulgo por loco,

263.0 790.0 471.0 64.0 y dicen con imprudencia

252.0 839.0 574.0 63.0 si un hombre calla, es un tonto.

311.0 878.0 423.0 72.0 Bien puede ser orador,

263.0 911.0 320.0 81.0 ó famoso literato,

263.0 972.0 498.0 55.0 sus obras aprueba el censor

265.0 1012.0 393.0 72.0 y critica el insensato;

263.0 1069.0 421.0 50.0 si habla, es un hablador.

302.0 1093.0 575.0 87.0 Porque juega ya, es muchacho,

256.0 1137.0 522.0 92.0 si se está quieto, muy macho,

258.0 1194.0 389.0 54.0 y si rie, dicen que es

254.0 1231.0 498.0 61.0 tonto al derecho y al revés:

252.0 1277.0 421.0 59.0 si bebe vino un borracho.

287.0 1321.0 500.0 61.0 Los hombres demonios son,

245.0 1362.0 428.0 55.0 y sus genios diferentes;

243.0 1397.0 469.0 70.0 bien puede ser un Neron,

245.0 1443.0 520.0 66.0 que en el decin de las gentes,

239.0 1496.0 467.0 66.0 si vá á misa, un santurron.

287.0 1568.0 476.0 70.0 Las doncellas van rabiando

234.0 1616.0 494.0 64.0 porque no encuentran galan;

232.0 1667.0 445.0 70.0 las viaditas van diciendo,

234.0 1713.0 375.0 55.0 asperges nos dejarán.

276.0 1746.0 539.0 87.0 Muy compuestas y con garbo

228.0 1794.0 434.0 61.0 las presumidas mociras,

221.0 1840.0 505.0 74.0 á los novios van buscando,

228.0 1884.0 440.0 61.0 pues por verse casaditas

223.0 1923.0 467.0 66.0 las doncellas van rabiando.

271.0 1965.0 457.0 79.0 Unas tras los novios van,

223.0 2015.0 463.0 55.0 otras los andan buscando

219.0 2059.0 463.0 88.0 con tanto anhelo y afan,

971.0 492.0 529.0 86.0 que siempre viven penando

973.0 582.0 500.0 35.0 porque'no encuentran galan.

1019.0 602.0 496.0 68.0 Como todas van creciendo

976.0 637.0 526.0 81.0 y hay abundancia de mozas,

973.0 687.0 452.0 71.0 con el deseo y gimiendo

973.0 729.0 476.0 68.0 nos quedaremos nosotras;

967.0 775.0 454.0 61.0 las vinditas van diciendo.

1015.0 808.0 461.0 90.0 Las doncellas no hallarán

967.0 850.0 441.0 74.0 los galanes suficientes,

960.0 900.0 439.0 61.0 luego si algun sacristan

960.0 942.0 520.0 85.0 no pillamos por gran suerte,

954.0 992.0 381.0 85.0 asperges nos dejarán.

993.0 1053.0 489.0 101.0 En cierta ciudad de España

932.0 1121.0 495.0 68.0 pusieron preso á un gitano

940.0 1163.0 498.0 59.0 porque se encontró una capa

943.0 1209.0 441.0 66.0 antes de perderla el amo.

987.0 1242.0 324.0 68.0 Señorita resalada,

938.0 1288.0 503.0 79.0 tu amor me tiene postrado,

940.0 1329.0 367.0 70.0 hermosisima Diana,

940.0 1378.0 424.0 65.0 tus ojos me cautivaron,

936.0 1417.0 485.0 81.0 en cierta cindad de España.

980.0 1467.0 404.0 60.0 Salada, dame la mano

934.0 1511.0 430.0 59.0 que te daré el corazon,

934.0 1551.0 460.0 63.0 y despues diré cantando:

932.0 1597.0 443.0 52.0 con razon ó sin razon

925.0 1629.0 467.0 71.0 pusieron preso á an gitano.

971.0 1682.0 494.0 88.0 El gitano puesto en mareha

921.0 1726.0 364.0 55.0 seguia su caminillo:

921.0 1761.0 443.0 63.0 sin tencr ninguna causa

916.0 1807.0 397.0 66.0 lo llevaron á presidio

914.0 1855.0 491.0 59.0 porque se encontró una capa.

965.0 1890.0 443.0 92.0 Era capa de un serrano,

916.0 1934.0 382.0 64.0 la capa no se perdió,

914.0 1984.0 430.0 55.0 como era tuno el gitano

914.0 2024.0 415.0 68.0 la capa se la encontró,

912.0 2063.0 436.0 84.0 antes de perderla el amo.

829.0 2142.0 131.0 99.0 FIN.

750.0 2276.0 311.0 59.0 Madrid: 1850.

214.0 2293.0 1332.0 132.0 Imprenta de D. Jose Maria Marés, Calle de Relatores, núm. 17.
