1860 2629
829 243 177 83 — 8 —

254 289 575 96 que en pies, manos y costado

256 357 500 72 están las puertas abiertas.

254 403 561 78 Mira que es Pastor que sabe

254 451 482 81 recoger bien sus ovejas,

256 503 612 75 que las compró con su sangre

267 556 509 77 y siente mucho perderlas;

258 602 474 77 llégate contrito, y dile:

261 644 559 87 Sacro Rey del cielo y tierra,

261 696 480 81 de yo haberos ofendido

263 751 493 72 una y mil veces me pesa;

267 799 566 79 prometo de aquí en adelante

267 845 557 77 de mis pecados la enmienda

269 900 402 70 ayudado de la gracia

269 937 560 77 de vuestra bondad inmensa.

273 987 632 87 Muchas son, Señor, mis culpas,

276 1045 513 81 mas tengo por cosa cierta,

277 1088 627 84 que por muchas que ellas sean

276 1139 553 81 es mayor vuestra clemencia.

278 1189 507 86 Amparadme, gran Señor,

278 1233 511 83 de aquel lobo que desea

280 1288 520 76 comerme, puesto que sois

289 1342 500 66 Vos Pastor, y yo la oveja.

287 1388 489 82 No permitais, Jesus mio,

287 1432 474 86 que tal mi desdicha sea,

289 1476 564 92 pues por no ampararme Vos

291 1531 529 77 él me coja entre sus presas.

291 1575 507 92 Pongo por mi intercesora

291 1629 511 79 con Vos para mi defensa,

293 1678 479 83 á vuestra divina Madre,

298 1726 588 83 que es del cielo y tierra Reina;

304 1774 511 88 que yo tengo por sin duda

298 1822 513 92 que sumaré bien la cuenta

302 1879 474 81 que tengo de dar á Vos

304 1930 472 74 como ella me favorezca,

304 1978 472 77 Reina de las gerarquías,

304 2017 463 86 cuya magestad celebran

313 2070 485 96 las querúbicas escuadras,

919 273 429 81 divinas inteligencias:

936 343 485 66 que seais mi protectora,

936 387 542 70 humilde mi amor os ruega,

945 442 513 72 para que Dios me recoja,

945 486 535 77 y porque yo no me pierda,

938 541 562 68 que yo tambien os prometo,

943 589 498 63 en tanto que vida tenga,

943 639 484 66 de rezar vuestro rosario

949 690 478 57 con fervor y reverencia.

954 736 546 59 Aquesta es, lector discreto,

954 782 537 72 la suma de aquesta cuenta;

958 832 461 64 y ya que la suma sabes

956 878 496 72 te quiero decir la prueba.

958 928 513 75 ¿Cuántos bienaventurados

960 974 529 73 gozan de Dios la presencia

960 1025 507 74 porque dejaron las culpas

960 1075 467 72 buscando la penitencia?

965 1123 557 75 ¿Cuántos perdieron las vidas

967 1176 509 72 al rigor de la inclemencia

967 1229 480 57 de bárbaros que querian

967 1268 443 68 reducirlos á las sectas?

969 1318 522 77 ¡Qué dolores! ¡qué fatigas!

973 1373 527 66 ¡qué trabajos y que penas

971 1421 456 73 los mártires padecieron

973 1470 595 67 por no errar aquestas cuentas!

973 1518 470 61 La prueba saldrá cabal,

971 1566 428 70 si se mira y considera

976 1610 581 76 que el que la acierta, se salva,

980 1662 535 73 y se pierde el que la yerra.

978 1708 563 75 Ama á Dios, deja el pecado,

982 1757 518 72 que así la cuenta es cierta,

982 1814 513 65 que amar á Dios sin pecar

982 1860 459 65 es la verdadera prueba.

982 1914 434 64 Aquí, discreto lector,

984 1960 529 73 la suma de aquesta cuenta

987 2000 489 74 dá fin, pidiendo perdon

984 2061 498 61 las faltas de mis rudezas.

877 2122 224 121 MADRID.

337 2221 1305 169 Imp. de MARES y COMPAÑIA, plazuela de la Cebada, núm. 13.
