1860 2629
166.0 297.0 595.0 68.0 Se fué al cuarto de su esposa

129.0 350.0 395.0 59.0 y de repente la vió

127.0 392.0 500.0 61.0 en una soberana éxtasis

127.0 435.0 517.0 66.0 llena de su Divino Amor.

168.0 479.0 571.0 94.0 Dice postrado a sus plantas

127.0 527.0 467.0 62.0 «cómo he merecido yo,

122.0 571.0 441.0 64.0 el ser Padre Putativo

122.0 620.0 474.0 56.0 del mismo Divino Dios.

168.0 659.0 490.0 59.0 Por vuestro hijo Señora

122.0 707.0 437.0 55.0 os pido me perdonéis

127.0 749.0 445.0 61.0 y para poder serviros

125.0 797.0 550.0 59.0 su gracia espero alcancéis.

171.0 841.0 561.0 83.0 Pues que pude Virgen pura

122.0 878.0 503.0 68.0 de vuestra virtud dudar,

122.0 926.0 661.0 94.0 rendido aquí a vuestras plantas

122.0 977.0 509.0 98.0 alcance vuestra piedad.»

1024.0 306.0 610.0 92.0 Vos Señor, sois quien debiérais

980.0 359.0 511.0 63.0 vuestra esposa perdonar,

980.0 409.0 546.0 53.0 que este Santo sacramento

978.0 449.0 484.0 57.0 no se atrevió a revelar.

1022.0 495.0 443.0 57.0 Mas no tenía licencia

978.0 534.0 487.0 68.0 por decirlo, de mi Dios,

982.0 584.0 419.0 62.0 y os ofendí sin culpa

978.0 622.0 465.0 63.0 estimado esposo a vos.

1022.0 666.0 535.0 67.0 Muy contento y satisfecho

976.0 716.0 515.0 59.0 quedó entonces San José,

976.0 762.0 491.0 55.0 de ser el dichoso esposo

976.0 804.0 418.0 59.0 de tan divina mujer.

1026.0 847.0 419.0 64.0 De su gozo y alegría

976.0 896.0 443.0 63.0 lleguemos a disfrutar,

978.0 942.0 522.0 63.0 por los siglos de los siglos

973.0 983.0 428.0 101.0 en la Corte celestial.

804.0 1660.0 152.0 90.0 FIN

153.0 2302.0 1467.0 77.0 REUS.—Véndese en la librería «La Fleca» de Vda. Juan Grau Gené, calle Aleus, 1. En la misma casa

103.0 2344.0 1515.0 70.0 se halla un gran surtido de romances, sainetes, llbritos, historias, comedias, aleluyas de redolines,

109.0 2388.0 1514.0 76.0 hojas de santos y soldados. Depósito de libritos para fumar y cajas de cerillas. Papel para escribir,

111.0 2416.0 1080.0 114.0 sobres para cañas, plumas, palillos, etc., etc. Todo a precios muy baratos.
