1860 2629
829 148 179 82 — 4 —

135 186 757 96 QUICU. Yo 'l vull sinó... hi aurá guerra.

140 258 566 66 BEN. No báixo hi no baixaré.

140 304 561 68 BERT. Si no báixas patarré...

179 361 538 53 ten vas de nassus per terra.

131 389 687 73 QUICU. Yo 'l pendré hi fora rahóns.

140 446 625 68 BEN. Arri.... que prime soch yó.

506 495 393 63 (fen caminá 'l ruch)

133 512 582 81 BERT. Atúrat; xó burro xó....

182 578 493 63 báixa, ho vas de tambolls

135 606 764 81 QUICU. Te dich donchs que yó 'l pendré.

144 674 603 57 BEN. Arri... Yó no vull baixá..

142 707 759 70 BERT. ¿No? Donchs bueno, ha terra vá.

300 762 616 74 (Lo fa caure del ruch y li pega)

186 801 472 64 per poca vergonya te....

146 841 648 76 BEN. ¡Hoy mara meva!! Lladrót..

146 896 582 61 BERT. ¿En qui pegas? Allá và.

149 926 756 94 (Tots trés se pegan y tots volen puija al

188 985 123 68 ruch.)

140 1012 625 74 QUICU. Ya que no 'l voleu deixà

195 1075 473 62 vas ha carregá tú hi tot.

155 1104 759 65 Tots cridan, se pegan, volen pujá al ruch, y

177 1156 735 55 martxan de la escena, movent gran escándol.

346 1194 371 63 Cuadro segón

186 1224 719 68 Cámbia la decoració. Lo teatro representa

151 1275 754 54 un pis al pla terreno. Al foro hi aurá una es¬

151 1307 770 66 cala de pochs esgrahóns. Al replá del esgrahó

151 1349 776 66 de dal hi aura una porta que dona ha una

155 1388 388 57 sala que hi fan saráu.

186 1408 735 64 Se sen tocá música; de tan entan se veu

155 1454 755 62 passá alguna pareja de home y dona que ba¬

157 1491 764 57 llan. A la barana de la escala hi aurá un llum

160 1520 761 63 de ganxu penjàt hi ensés. Al pla de terre al

155 1564 766 57 peu de la escala hi aurá un cup ple de palla

153 1599 768 52 tapát ab tres ho cuatre pots. Una porta ha la

155 1634 757 59 dreta que 's la de la cuina hi cuarto del Jayu:

157 1665 764 74 y una ha la esquerra que 's va ha la estable.

155 1711 198 52 hi al carrè.

190 1726 729 66 En un costát hi aurá dos semalés; una se¬

155 1774 764 55 nalla plena de guix y una ferrada de aigüa

157 1809 757 64 y una portadora buida. Al altre costát una

160 1844 761 62 tauleta, hi ha sobre hi aurá un purró plé de

157 1879 770 64 ví; un tupí ab mel; una capsana ho dráp hi

160 1916 774 62 una flaúta que cuan la bufan, de dintre surt

162 1952 770 63 fum de estampa hi mascara la cara de 'l qui

157 1995 150 60 la bufa.

199 2017 728 64 Entre Benét ab las mans ha las gallas, hi

162 2065 739 64 picán de pens perque li fan mal los caixàls.

164 2101 557 70 BEN. ¡Yó no puch assosega..!

212 2133 623 75 Ya tinch un mál de 'ls mes mals!

212 2190 500 64 Batua 'l mal de caixáls....

201 2230 634 87 Oy mare... quin mal que 'm fá...

429 2282 248 62 Surt lo Jayu

160 2302 675 83 JAYU. Hola Benét. ¿Ya has tornat?

168 2372 641 94 BEN. Ni ey martxàt ni ey fet res.

914 210 750 74 JAYU. ¿Donchs hi ara 'l ruch ahont es?

914 260 579 64 BEN. Ha la estable lo ey ficát.

954 304 519 59 Encara aquét úll me plora.

921 337 649 70 JAYU. Y aixó, ¿Que t' as baralláti

914 376 717 88 BEN. Hi es clà; com que haven llogát

956 427 559 81 lo ruch ha tots trés alhora...!

951 486 419 55 Si, ya podeu riure ya

1164 503 507 81 (Lo Jayu se trenca de riere)

958 573 526 57 de avéns donát aquét micu.

956 617 520 66 Ara, lo Baltasá hi 'l Quicu

960 663 364 55 se son ha desafihá.

962 692 560 66 Tots tres em tingút barallas.

965 744 568 70 ¡No ni ha agut poca de farda!!

965 797 568 59 Se ha estrip t tota la aubarda

967 845 566 62 hi se han perdút las murallas.

927 874 777 79 JAYU. Be; Alabát siga Deu. (rién)

923 926 603 68 (BEN. Jayu; cureume 'ls caixàls,

967 974 539 62 perque tots los tinch malals;

976 1020 528 66 ¿veyám si vos m' els cureu?

973 1071 476 50 Yó se ey dat una pesseta

967 1108 493 70 hi no me ha servit per ré,

965 1152 390 59 ara vos, de podeu fé

969 1187 498 70 de aliviarme una miqueta.

934 1231 546 74 JAYU. Aixó ray assénte aquí.

1059 1266 625 92 (se asenta ha la senalla del guix)

958 1327 476 64 Totóm lo remey desitja:

973 1364 573 86 en menus de una hora y mitja

962 1426 457 61 tot lo mal te fay fuygí.

934 1445 752 101 En la mel del tupí, lo Jayu unta las

934 1505 403 65 galtas de 'l Benét.

934 1535 673 86 BEN. Sembla que 's tremola 'l pols?

934 1603 599 66 JAYU. No; es que vay en recél.

934 1640 467 68 BEN. ¿A que 's aixó?

936 1680 511 66 JAYU. Aixó es mel.

1017 1715 680 96 (Benét se ho toca ab los dits y llepa)

945 1778 555 64 BEN. Batua recót que 's dols.

932 1827 574 83 JAYU. No te ho toquis atrevít

1399 1840 292 109 (Se alsa Benét)

973 1892 474 81 Ara ves ha da un tumét;

976 1947 590 72 reurás com de aquí ha un ratét

973 2004 476 59 tot lo mal te aurá fuigit.

916 2030 674 86 BEN. Jayu, ¿Qui dech sembla ara?

934 2083 717 72 JAYU. Tú matéix; qui has de semblá.

938 2144 671 62 BEN. Lus morrus no puch fe aná...

984 2177 536 66 Uy... com me tiba la cara...

987 2217 585 81 ¿hi donchs si aixó no 'm va be?

949 2267 555 68 JAYU. Si home, no pot mentí.

945 2313 557 70 BEN. Doncas bueno; si es axí

980 2348 726 96 hasta un regalu us faré. (sen va)
