945 1320
49 24 361 41 "do gozosa de la victoria,

46 54 364 35 "mi bien y de vuestra liber-

46 85 364 39 "tad. A él es á quien habeis

47 117 367 37 "de dar toda la alabanza;

46 148 368 37 "porque sus bondades, y mi-

47 178 367 34 "sericordias son inagota-

46 206 120 35 "bles."

85 235 331 42 El Pueblo salió fuera de

48 269 368 38 si con el grande gozo que

46 300 370 31 concibió de sus demostra-

46 328 371 34 ciones, y palabras, y vien-

48 361 369 35 do la cabeza de Holofornes á

48 390 369 38 la luz de las antorchas, co-

46 419 374 39 mo era de noche, les pare-

49 451 371 33 cia era sueño, quanto veian,

52 480 368 37 oian, y palpaban : pero la

48 511 374 38 muchedumbre de los que la

52 542 370 33 veian real, y verdaderamente

48 573 374 32 hacia conocer que era ver-

47 599 375 39 dad. Postraronse todos en

48 630 374 38 tierra, y adoraron á Dios,

48 662 371 37 que obra tan grandes mara-

50 691 369 38 villas ; y despues volviendo-

49 721 370 38 se á Judith, la dieron, y lle-

50 753 370 33 naron de mil bendiciones con

49 782 371 40 triunfantes aplausos, y acla-

49 813 373 38 maciones, protestando, que

49 842 373 40 ella era su madre, y liberta-

51 871 371 36 dora, y diciendo á grandes

52 901 368 37 voces, Tu eres las gloria de

56 931 364 36 Jerusalén, tu la alegria de

52 960 368 38 Israél, y tu el honor de nuest-

53 992 161 33 tro Pueblo.

99 1018 320 40 Entonces el Sacerdote

55 1050 364 37 Ozias, Principe de Israél, la

56 1080 367 37 dixo : ,,Vos sois el dia de

57 1109 366 38 "hoy hija mia, bendita, y

57 1139 366 38 "gloriosa entre todas las

60 1169 363 58 "mugeres, que viven en la

435 34 363 27 "tierra habitable. Alabado

435 52 360 38 "sea el Criador del Cielo, y

435 84 361 39 "de la tierra, que ha guiado

434 117 364 37 "con tanta felicidad vuestra

434 148 364 37 "mano victoriosa, para la rui-

434 178 363 35 "na, y perdicion de nues-

429 207 370 40 "tro capital enemigo, y por

434 234 364 43 "el mismo medio ha glori-

434 268 362 38 "ficado vuestro nombre, y

434 300 366 32 "ha hecho vuestro nombre

437 327 364 36 "immortal en la boca de los

437 360 364 34 "hombres, que tuvieron al-

437 389 364 38 "gun conocimiento de las

435 418 367 38 "maravillas de Dios. To-

435 450 367 35 "do el mundo se acorda-

435 479 366 37 "rá como no hemos dejado

435 510 369 38 "de arriesgar nuestras vi-

435 541 367 34 "das, por sacar al Pueblo

438 572 367 32 "de las ruinas en que casi

438 599 368 38 "estaba sepulrado. " Llamó

438 629 366 38 despues á Achior, y mos-

438 661 366 37 trandole la cabeza de Holo-

438 691 367 37 fernes, le dixo, "No habeis

438 720 368 38 "malogrado el testimonio

438 753 369 33 "que disteis del poder de

438 781 369 38 "nuestro Dios. Veis aqui

438 811 369 38 "la cabeza del General de

438 841 367 39 "los incredulos cortada por

438 869 366 36 "la mano de esta Santa He-

438 900 366 37 "roina. Veis ahi quien o-

438 932 366 35 "amenazaba que os quitas

438 959 366 37 "ria la vida en ganando-

436 990 2 35 "Bethulia, y ahora os deá-

438 1018 366 40 "jará estar en grande repo-

438 1049 366 38 "so, y quietud. "Quedó

441 1078 364 38 este hombre tan asombrado

441 1110 365 38 con esta nueva que se desma-

441 1140 362 37 yó, y habiendo vuelto en sí,

441 1169 363 57 se echó á los pies de Judith,

751 1 28 28 I9.

602 1205 56 37 C2

778 1200 26 48 y
