2148 3034
1006 225 184 69 —— 7 ——

409 316 1347 98 alguna, viendo tambien el sauco donde se ahorco aquel pérfido

414 332 1342 134 discípulo. Despues nos volvimos á la antigua ciudad de Jerusa-

416 374 1344 140 len, en la que vimos las casas de Anás y silla donde se sentaba;

418 423 1345 139 la de Pilatos y su pretorio, con la columna en que fué azotado el

414 480 1347 135 Señor, donde dimos doce ducados por todos: las ruinas del tem-

416 525 1349 139 plo de Salomon; la casa de San Joaquin, la mas conocida en la

418 573 1348 133 ciudad por tener los umbrales, puertas y cerraduras todo de pie-

419 620 1358 138 dra: la cueva donde San Pedro lloró su pecado, pagando aquí

421 675 1357 130 cuatro dineros cada uno: luego pasamos á ver el sepulcro de

424 719 1354 133 Adan, que está en el valle de Ebron: de allí fuimos á ver el tron-

424 761 1358 142 co donde se cortó la Cruz en que murió Cristo: el huerto de Jeri-

429 819 1356 129 có, que está media legua de la ciudad: el monte Tabor, donde

434 864 1351 137 fué trasfigurado el Señor y donde fué enterrado Moisés, igno-

440 954 667 101 rándose el sitio de su sepulcro

512 997 1285 149 Pasamos tambien al desierto donde ayunó el Señor, en el cual

445 1060 1352 133 vimos los sepulcros de Daniel, el de Jeremías y el de Zacarías,

446 1114 1349 131 volviéndonos despues al convento á despedirnos del padre guar-

451 1183 960 119 dian, para emprender el camino de Armenia.

967 1301 332 49 CAPÍTULO III.

453 1328 1362 136 Como el infante D. Pedro llega á la Armenia, donde se presentó

682 1400 914 113 al rey, pasando despues á otras provincias.

536 1520 1279 93 Entramos por las sierras de Armenia, que son las Mas esca-

468 1530 1356 138 brosas y ásperas, pero fértiles al mismo tiempo, que hay en el

470 1584 1355 128 mundo; y aunque vulgarmente se dice estar los campos llenos de

473 1629 1352 130 leche y miel, es la causa de ello el estar plagados de muchedum-

475 1685 1356 125 bre de animales, como son elefantes, camellos y otra infinidad

475 1726 1361 133 de distintas especies, los que no pudiendo sus hijos consumir la

478 1774 1359 135 leche de que abundan, la vierten por donde pasan regando la

483 1825 1354 126 tierra. Son tambien tantos los enjambres de abejas de que abun-

485 1874 1357 130 dan los montes, que pueblan y llenan los árboles y peñascos con

487 1924 1360 127 sus panales, derramando tan copiosamente la miel, que corre por

494 1972 1352 134 varias partes; por lo que con alguna razon fundada se dice que

492 2047 968 105 aquellos campos están llenos de leche y miel.

569 2064 1280 128 Ninguno de los animales que pueblan aquellas ásperas mon-

497 2125 1347 116 tañas bebe agua hasta que viene el unicornio, que por lo regu-

499 2160 1355 134 lar suele ser al medio dia, hora que por su instinto saben todos:

500 2213 1361 134 al llegar mete el cuerno ó asta que lleva en la frente, y separa

502 2260 1361 130 el veneno que los muchos animales ponzoñosos que hay, como

505 2317 1354 123 son dragones, serpientes, áspides, es corpiones y vívoras de terri-

509 2359 1360 160 ble magnitud echan al agua; por cuya razon ningun caminante
