<?xml version="1.0" encoding="UTF-8"?>
<alto xmlns:xsi="http://www.w3.org/2001/XMLSchema-instance"
      xmlns="http://www.loc.gov/standards/alto/ns-v4#"
      xsi:schemaLocation="http://www.loc.gov/standards/alto/ns-v4# http://www.loc.gov/standards/alto/v4/alto-4-2.xsd">
  <Description>
    <MeasurementUnit>pixel</MeasurementUnit>
    <sourceImageInformation>
      <fileName>Varios_248_3.jpg</fileName>
      
    </sourceImageInformation>
  </Description>
  
  <Tags>
    <OtherTag ID="BT534" LABEL="CustomZone:impresorNum" DESCRIPTION="block type CustomZone:impresorNum"/><OtherTag ID="BT535" LABEL="CustomZone:numero_pliego" DESCRIPTION="block type CustomZone:numero_pliego"/><OtherTag ID="BT536" LABEL="CustomZone:title" DESCRIPTION="block type CustomZone:title"/><OtherTag ID="BT537" LABEL="GraphicZone:illustration" DESCRIPTION="block type GraphicZone:illustration"/><OtherTag ID="BT538" LABEL="GraphicZone:ornamentation" DESCRIPTION="block type GraphicZone:ornamentation"/><OtherTag ID="BT539" LABEL="MainZone" DESCRIPTION="block type MainZone"/><OtherTag ID="BT540" LABEL="MainZone:columns" DESCRIPTION="block type MainZone:columns"/><OtherTag ID="BT541" LABEL="MarginTextZone:colophon" DESCRIPTION="block type MarginTextZone:colophon"/><OtherTag ID="BT542" LABEL="MarginTextZone:note" DESCRIPTION="block type MarginTextZone:note"/><OtherTag ID="BT543" LABEL="MusicZone" DESCRIPTION="block type MusicZone"/><OtherTag ID="BT544" LABEL="NumberingZone:page" DESCRIPTION="block type NumberingZone:page"/><OtherTag ID="BT545" LABEL="QuireMarksZone:catchwords" DESCRIPTION="block type QuireMarksZone:catchwords"/><OtherTag ID="BT546" LABEL="QuireMarksZone:signature" DESCRIPTION="block type QuireMarksZone:signature"/><OtherTag ID="BT547" LABEL="RunningTitleZone" DESCRIPTION="block type RunningTitleZone"/>
    <OtherTag ID="LT186" LABEL="CustomLine:propriedad" DESCRIPTION="line type CustomLine:propriedad"/><OtherTag ID="LT187" LABEL="CustomLine:trailer" DESCRIPTION="line type CustomLine:trailer"/><OtherTag ID="LT188" LABEL="DefaultLine" DESCRIPTION="line type DefaultLine"/><OtherTag ID="LT189" LABEL="HeadingLine" DESCRIPTION="line type HeadingLine"/>
  </Tags>
  
  <Layout>
    <Page WIDTH="1860"
          HEIGHT="2629"
          PHYSICAL_IMG_NR="38"
          ID="eSc_dummypage_">
      <PrintSpace HPOS="0"
                  VPOS="0"
                  WIDTH="1860"
                  HEIGHT="2629">
        
        <TextBlock HPOS="87.0"
                   VPOS="201.0"
                   WIDTH="586.0"
                   HEIGHT="2180.0"
                   ID="eSc_textblock_bab68adb"
                   TAGREFS="BT540">
          <Shape><Polygon POINTS="620 236 655 341 629 514 664 611 629 751 673 909 611 990 611 1277 664 1382 611 1551 629 1671 585 2022 647 2129 673 2293 585 2381 87 2363 105 227 149 201 576 210 620 236"/></Shape>
          
          
          <TextLine ID="eSc_line_e1b7b05d"
                    TAGREFS="LT188"
                    BASELINE="125 236 561 245" 
                    HPOS="122.0"
                    VPOS="201.0"
                    WIDTH="439.0"
                    HEIGHT="66.0">
            <Shape><Polygon POINTS="541 208 519 208 497 208 475 208 454 205 432 205 410 205 388 205 366 205 344 203 322 203 300 203 278 203 256 203 234 201 212 201 190 201 168 201 146 201 125 212 125 236 122 258 557 267 561 245 559 208 541 208"/></Shape>
	    <String CONTENT="aunque mil vidas tuviera"
                    HPOS="122.0"
                    VPOS="201.0"
                    WIDTH="439.0"
                    HEIGHT="66.0"></String>
          </TextLine>

          
          
          <TextLine ID="eSc_line_1f8e7a9b"
                    TAGREFS="LT188"
                    BASELINE="125 280 543 284" 
                    HPOS="122.0"
                    VPOS="247.0"
                    WIDTH="421.0"
                    HEIGHT="57.0">
            <Shape><Polygon POINTS="125 280 122 291 539 304 543 284 541 251 125 247 125 280"/></Shape>
	    <String CONTENT="que rendir en sacrificio,"
                    HPOS="122.0"
                    VPOS="247.0"
                    WIDTH="421.0"
                    HEIGHT="57.0"></String>
          </TextLine>

          
          
          <TextLine ID="eSc_line_2584ead7"
                    TAGREFS="LT188"
                    BASELINE="127 317 614 328" 
                    HPOS="125.0"
                    VPOS="282.0"
                    WIDTH="489.0"
                    HEIGHT="66.0">
            <Shape><Polygon POINTS="127 317 125 328 609 348 614 328 614 295 127 282 127 317"/></Shape>
	    <String CONTENT="la ley de Dios resplandezca,"
                    HPOS="125.0"
                    VPOS="282.0"
                    WIDTH="489.0"
                    HEIGHT="66.0"></String>
          </TextLine>

          
          
          <TextLine ID="eSc_line_3993f1d2"
                    TAGREFS="LT188"
                    BASELINE="125 359 614 368" 
                    HPOS="122.0"
                    VPOS="326.0"
                    WIDTH="492.0"
                    HEIGHT="63.0">
            <Shape><Polygon POINTS="125 359 122 372 609 389 614 368 611 335 125 326 125 359"/></Shape>
	    <String CONTENT="que Mahoma es un maldito:"
                    HPOS="122.0"
                    VPOS="326.0"
                    WIDTH="492.0"
                    HEIGHT="63.0"></String>
          </TextLine>

          
          
          <TextLine ID="eSc_line_d226b014"
                    TAGREFS="LT188"
                    BASELINE="125 398 539 405" 
                    HPOS="122.0"
                    VPOS="365.0"
                    WIDTH="417.0"
                    HEIGHT="53.0">
            <Shape><Polygon POINTS="125 398 122 411 535 418 539 405 537 372 125 365 125 398"/></Shape>
	    <String CONTENT="síguele, que irá tu alma"
                    HPOS="122.0"
                    VPOS="365.0"
                    WIDTH="417.0"
                    HEIGHT="53.0"></String>
          </TextLine>

          
          
          <TextLine ID="eSc_line_c430b7e3"
                    TAGREFS="LT188"
                    BASELINE="125 442 552 442" 
                    HPOS="125.0"
                    VPOS="403.0"
                    WIDTH="427.0"
                    HEIGHT="61.0">
            <Shape><Polygon POINTS="125 442 125 455 550 464 552 442 552 414 125 403 125 442"/></Shape>
	    <String CONTENT="á los profundos abismos."
                    HPOS="125.0"
                    VPOS="403.0"
                    WIDTH="427.0"
                    HEIGHT="61.0"></String>
          </TextLine>

          
          
          <TextLine ID="eSc_line_6f61834c"
                    TAGREFS="LT188"
                    BASELINE="125 479 570 486" 
                    HPOS="122.0"
                    VPOS="446.0"
                    WIDTH="448.0"
                    HEIGHT="62.0">
            <Shape><Polygon POINTS="125 479 122 499 565 508 570 486 570 453 125 446 125 479"/></Shape>
	    <String CONTENT="Con esto Zaida indignada"
                    HPOS="122.0"
                    VPOS="446.0"
                    WIDTH="448.0"
                    HEIGHT="62.0"></String>
          </TextLine>

          
          
          <TextLine ID="eSc_line_d95628a3"
                    TAGREFS="LT188"
                    BASELINE="125 519 568 525" 
                    HPOS="122.0"
                    VPOS="488.0"
                    WIDTH="446.0"
                    HEIGHT="59.0">
            <Shape><Polygon POINTS="125 519 122 532 563 547 568 525 565 492 125 488 125 519"/></Shape>
	    <String CONTENT="salió afuera dando gritos:"
                    HPOS="122.0"
                    VPOS="488.0"
                    WIDTH="446.0"
                    HEIGHT="59.0"></String>
          </TextLine>

          
          
          <TextLine ID="eSc_line_774de5c4"
                    TAGREFS="LT188"
                    BASELINE="125 563 565 565" 
                    HPOS="122.0"
                    VPOS="523.0"
                    WIDTH="443.0"
                    HEIGHT="61.0">
            <Shape><Polygon POINTS="125 563 122 573 561 584 565 565 563 532 125 523 125 563"/></Shape>
	    <String CONTENT="ah de mis soldados, hola:"
                    HPOS="122.0"
                    VPOS="523.0"
                    WIDTH="443.0"
                    HEIGHT="61.0"></String>
          </TextLine>

          
          
          <TextLine ID="eSc_line_e6c0a0e5"
                    TAGREFS="LT188"
                    BASELINE="122 600 629 609" 
                    HPOS="120.0"
                    VPOS="569.0"
                    WIDTH="509.0"
                    HEIGHT="61.0">
            <Shape><Polygon POINTS="122 600 120 613 625 630 629 609 629 578 122 569 122 600"/></Shape>
	    <String CONTENT="ah de mi guardia y ministros"
                    HPOS="120.0"
                    VPOS="569.0"
                    WIDTH="509.0"
                    HEIGHT="61.0"></String>
          </TextLine>

          
          
          <TextLine ID="eSc_line_8f11537e"
                    TAGREFS="LT188"
                    BASELINE="125 641 583 650" 
                    HPOS="122.0"
                    VPOS="606.0"
                    WIDTH="461.0"
                    HEIGHT="64.0">
            <Shape><Polygon POINTS="125 641 122 652 579 670 583 650 581 615 125 606 125 641"/></Shape>
	    <String CONTENT="venid, prended al instante"
                    HPOS="122.0"
                    VPOS="606.0"
                    WIDTH="461.0"
                    HEIGHT="64.0"></String>
          </TextLine>

          
          
          <TextLine ID="eSc_line_d441eee0"
                    TAGREFS="LT188"
                    BASELINE="122 681 557 690" 
                    HPOS="120.0"
                    VPOS="648.0"
                    WIDTH="437.0"
                    HEIGHT="53.0">
            <Shape><Polygon POINTS="122 681 120 692 552 701 557 690 554 657 122 648 122 681"/></Shape>
	    <String CONTENT="á este cristiano atrevido,"
                    HPOS="120.0"
                    VPOS="648.0"
                    WIDTH="437.0"
                    HEIGHT="53.0"></String>
          </TextLine>

          
          
          <TextLine ID="eSc_line_cf8183f2"
                    TAGREFS="LT188"
                    BASELINE="122 722 579 727" 
                    HPOS="120.0"
                    VPOS="683.0"
                    WIDTH="459.0"
                    HEIGHT="68.0">
            <Shape><Polygon POINTS="539 690 517 690 495 690 473 690 451 690 429 687 407 687 386 687 364 687 342 687 331 685 122 687 122 722 120 740 135 749 138 749 140 749 142 749 280 742 324 740 574 751 579 727 574 683 541 683 539 690"/></Shape>
	    <String CONTENT="que quiso soberbio y loco"
                    HPOS="120.0"
                    VPOS="683.0"
                    WIDTH="459.0"
                    HEIGHT="68.0"></String>
          </TextLine>

          
          
          <TextLine ID="eSc_line_b3c9eb56"
                    TAGREFS="LT188"
                    BASELINE="125 764 526 768" 
                    HPOS="122.0"
                    VPOS="729.0"
                    WIDTH="404.0"
                    HEIGHT="57.0">
            <Shape><Polygon POINTS="125 764 122 775 522 786 526 768 524 733 125 729 125 764"/></Shape>
	    <String CONTENT="violentar el honor mio:"
                    HPOS="122.0"
                    VPOS="729.0"
                    WIDTH="404.0"
                    HEIGHT="57.0"></String>
          </TextLine>

          
          
          <TextLine ID="eSc_line_74c8cfd0"
                    TAGREFS="LT188"
                    BASELINE="122 801 605 810" 
                    HPOS="120.0"
                    VPOS="768.0"
                    WIDTH="485.0"
                    HEIGHT="64.0">
            <Shape><Polygon POINTS="122 801 120 814 600 832 605 810 603 775 122 768 122 801"/></Shape>
	    <String CONTENT="tome mi hermano venganza"
                    HPOS="120.0"
                    VPOS="768.0"
                    WIDTH="485.0"
                    HEIGHT="64.0"></String>
          </TextLine>

          
          
          <TextLine ID="eSc_line_ee9df5ec"
                    TAGREFS="LT188"
                    BASELINE="122 843 585 852" 
                    HPOS="120.0"
                    VPOS="810.0"
                    WIDTH="465.0"
                    HEIGHT="61.0">
            <Shape><Polygon POINTS="122 843 120 856 581 871 585 852 583 819 122 810 122 843"/></Shape>
	    <String CONTENT="de aqueste infame cautivo,"
                    HPOS="120.0"
                    VPOS="810.0"
                    WIDTH="465.0"
                    HEIGHT="61.0"></String>
          </TextLine>

          
          
          <TextLine ID="eSc_line_ea34e5d2"
                    TAGREFS="LT188"
                    BASELINE="122 885 647 893" 
                    HPOS="120.0"
                    VPOS="847.0"
                    WIDTH="527.0"
                    HEIGHT="70.0">
            <Shape><Polygon POINTS="517 852 495 852 473 852 451 850 438 850 425 856 122 852 122 885 120 896 151 909 153 909 155 909 232 900 252 900 642 917 647 893 644 847 579 858 522 852 517 852"/></Shape>
	    <String CONTENT="que no es razón que se quede"
                    HPOS="120.0"
                    VPOS="847.0"
                    WIDTH="527.0"
                    HEIGHT="70.0"></String>
          </TextLine>

          
          
          <TextLine ID="eSc_line_b4ebb562"
                    TAGREFS="LT188"
                    BASELINE="120 924 539 931" 
                    HPOS="118.0"
                    VPOS="891.0"
                    WIDTH="421.0"
                    HEIGHT="66.0">
            <Shape><Polygon POINTS="120 924 118 935 535 957 539 931 537 898 120 891 120 924"/></Shape>
	    <String CONTENT="esta maldad sin castigo."
                    HPOS="118.0"
                    VPOS="891.0"
                    WIDTH="421.0"
                    HEIGHT="66.0"></String>
          </TextLine>

          
          
          <TextLine ID="eSc_line_ea8da0a9"
                    TAGREFS="LT188"
                    BASELINE="122 970 517 974" 
                    HPOS="120.0"
                    VPOS="937.0"
                    WIDTH="397.0"
                    HEIGHT="57.0">
            <Shape><Polygon POINTS="122 970 120 983 513 994 517 974 515 942 122 937 122 970"/></Shape>
	    <String CONTENT="A las voces acudieron,"
                    HPOS="120.0"
                    VPOS="937.0"
                    WIDTH="397.0"
                    HEIGHT="57.0"></String>
          </TextLine>

          
          
          <TextLine ID="eSc_line_00934819"
                    TAGREFS="LT188"
                    BASELINE="120 1009 557 1016" 
                    HPOS="118.0"
                    VPOS="972.0"
                    WIDTH="439.0"
                    HEIGHT="68.0">
            <Shape><Polygon POINTS="120 1009 118 1031 552 1040 557 1016 557 983 120 972 120 1009"/></Shape>
	    <String CONTENT="y prenden á don Jacinto,"
                    HPOS="118.0"
                    VPOS="972.0"
                    WIDTH="439.0"
                    HEIGHT="68.0"></String>
          </TextLine>

          
          
          <TextLine ID="eSc_line_0b255fae"
                    TAGREFS="LT188"
                    BASELINE="122 1051 570 1058" 
                    HPOS="120.0"
                    VPOS="1020.0"
                    WIDTH="450.0"
                    HEIGHT="60.0">
            <Shape><Polygon POINTS="122 1051 120 1069 565 1080 570 1058 570 1027 122 1020 122 1051"/></Shape>
	    <String CONTENT="y sin hacer mas probanza"
                    HPOS="120.0"
                    VPOS="1020.0"
                    WIDTH="450.0"
                    HEIGHT="60.0"></String>
          </TextLine>

          
          
          <TextLine ID="eSc_line_65368237"
                    TAGREFS="LT188"
                    BASELINE="120 1088 530 1097" 
                    HPOS="118.0"
                    VPOS="1053.0"
                    WIDTH="412.0"
                    HEIGHT="68.0">
            <Shape><Polygon POINTS="120 1088 118 1104 526 1121 530 1097 528 1066 120 1053 120 1088"/></Shape>
	    <String CONTENT="que lo que la turca dijo"
                    HPOS="118.0"
                    VPOS="1053.0"
                    WIDTH="412.0"
                    HEIGHT="68.0"></String>
          </TextLine>

          
          
          <TextLine ID="eSc_line_a3d258da"
                    TAGREFS="LT188"
                    BASELINE="118 1132 526 1137" 
                    HPOS="116.0"
                    VPOS="1093.0"
                    WIDTH="410.0"
                    HEIGHT="59.0">
            <Shape><Polygon POINTS="118 1132 116 1145 522 1152 526 1137 524 1106 118 1093 118 1132"/></Shape>
	    <String CONTENT="lo sentencian á quemar"
                    HPOS="116.0"
                    VPOS="1093.0"
                    WIDTH="410.0"
                    HEIGHT="59.0"></String>
          </TextLine>

          
          
          <TextLine ID="eSc_line_8eefd37c"
                    TAGREFS="LT188"
                    BASELINE="120 1174 594 1180" 
                    HPOS="118.0"
                    VPOS="1134.0"
                    WIDTH="476.0"
                    HEIGHT="68.0">
            <Shape><Polygon POINTS="120 1174 118 1185 590 1202 594 1180 594 1143 120 1134 120 1174"/></Shape>
	    <String CONTENT="por blasfemo y por lascivo."
                    HPOS="118.0"
                    VPOS="1134.0"
                    WIDTH="476.0"
                    HEIGHT="68.0"></String>
          </TextLine>

          
          
          <TextLine ID="eSc_line_7ab835e4"
                    TAGREFS="LT188"
                    BASELINE="116 1211 500 1215" 
                    HPOS="114.0"
                    VPOS="1172.0"
                    WIDTH="386.0"
                    HEIGHT="65.0">
            <Shape><Polygon POINTS="489 1180 467 1180 445 1180 427 1178 401 1178 401 1178 379 1178 357 1178 335 1178 313 1178 291 1178 269 1176 247 1176 225 1176 203 1176 182 1176 160 1176 138 1176 135 1172 116 1172 116 1211 114 1226 495 1237 500 1215 497 1180 489 1180"/></Shape>
	    <String CONTENT="Dejemos en la prisión"
                    HPOS="114.0"
                    VPOS="1172.0"
                    WIDTH="386.0"
                    HEIGHT="65.0"></String>
          </TextLine>

          
          
          <TextLine ID="eSc_line_6fb7e175"
                    TAGREFS="LT188"
                    BASELINE="116 1253 522 1257" 
                    HPOS="114.0"
                    VPOS="1220.0"
                    WIDTH="408.0"
                    HEIGHT="59.0">
            <Shape><Polygon POINTS="116 1253 114 1266 517 1279 522 1257 519 1224 116 1220 116 1253"/></Shape>
	    <String CONTENT="entre cadenas y grillos"
                    HPOS="114.0"
                    VPOS="1220.0"
                    WIDTH="408.0"
                    HEIGHT="59.0"></String>
          </TextLine>

          
          
          <TextLine ID="eSc_line_13d8b299"
                    TAGREFS="LT188"
                    BASELINE="116 1292 559 1299" 
                    HPOS="114.0"
                    VPOS="1261.0"
                    WIDTH="445.0"
                    HEIGHT="60.0">
            <Shape><Polygon POINTS="116 1292 114 1307 554 1321 559 1299 559 1266 116 1261 116 1292"/></Shape>
	    <String CONTENT="á don Jacinto y pasemos,"
                    HPOS="114.0"
                    VPOS="1261.0"
                    WIDTH="445.0"
                    HEIGHT="60.0"></String>
          </TextLine>

          
          
          <TextLine ID="eSc_line_4214f1de"
                    TAGREFS="LT188"
                    BASELINE="116 1334 561 1340" 
                    HPOS="114.0"
                    VPOS="1301.0"
                    WIDTH="447.0"
                    HEIGHT="59.0">
            <Shape><Polygon POINTS="116 1334 114 1347 557 1360 561 1340 561 1305 116 1301 116 1334"/></Shape>
	    <String CONTENT="á la dama que es preciso,"
                    HPOS="114.0"
                    VPOS="1301.0"
                    WIDTH="447.0"
                    HEIGHT="59.0"></String>
          </TextLine>

          
          
          <TextLine ID="eSc_line_8c658e25"
                    TAGREFS="LT188"
                    BASELINE="116 1375 631 1382" 
                    HPOS="114.0"
                    VPOS="1345.0"
                    WIDTH="517.0"
                    HEIGHT="59.0">
            <Shape><Polygon POINTS="116 1375 114 1395 627 1404 631 1382 631 1351 116 1345 116 1375"/></Shape>
	    <String CONTENT="porque en este mismo tiempo"
                    HPOS="114.0"
                    VPOS="1345.0"
                    WIDTH="517.0"
                    HEIGHT="59.0"></String>
          </TextLine>

          
          
          <TextLine ID="eSc_line_e7271c86"
                    TAGREFS="LT188"
                    BASELINE="114 1413 576 1424" 
                    HPOS="111.0"
                    VPOS="1380.0"
                    WIDTH="465.0"
                    HEIGHT="63.0">
            <Shape><Polygon POINTS="114 1413 111 1432 572 1443 576 1424 574 1391 114 1380 114 1413"/></Shape>
	    <String CONTENT="estaba el moro encendido,"
                    HPOS="111.0"
                    VPOS="1380.0"
                    WIDTH="465.0"
                    HEIGHT="63.0"></String>
          </TextLine>

          
          
          <TextLine ID="eSc_line_749ece3b"
                    TAGREFS="LT188"
                    BASELINE="114 1456 495 1461" 
                    HPOS="111.0"
                    VPOS="1424.0"
                    WIDTH="384.0"
                    HEIGHT="54.0">
            <Shape><Polygon POINTS="114 1456 111 1467 491 1478 495 1461 493 1428 114 1424 114 1456"/></Shape>
	    <String CONTENT="en amores de Leonor,"
                    HPOS="111.0"
                    VPOS="1424.0"
                    WIDTH="384.0"
                    HEIGHT="54.0"></String>
          </TextLine>

          
          
          <TextLine ID="eSc_line_9179e273"
                    TAGREFS="LT188"
                    BASELINE="116 1494 561 1502" 
                    HPOS="114.0"
                    VPOS="1459.0"
                    WIDTH="447.0"
                    HEIGHT="65.0">
            <Shape><Polygon POINTS="225 1459 203 1459 182 1459 160 1459 138 1459 116 1459 116 1494 114 1516 557 1524 561 1502 561 1470 243 1459 225 1459"/></Shape>
	    <String CONTENT="y que estaba tan perdido,"
                    HPOS="114.0"
                    VPOS="1459.0"
                    WIDTH="447.0"
                    HEIGHT="65.0"></String>
          </TextLine>

          
          
          <TextLine ID="eSc_line_3f6c33da"
                    TAGREFS="LT188"
                    BASELINE="114 1533 570 1542" 
                    HPOS="111.0"
                    VPOS="1502.0"
                    WIDTH="459.0"
                    HEIGHT="64.0">
            <Shape><Polygon POINTS="114 1533 111 1548 565 1566 570 1542 570 1511 114 1502 114 1533"/></Shape>
	    <String CONTENT="trazando por mil maneras"
                    HPOS="111.0"
                    VPOS="1502.0"
                    WIDTH="459.0"
                    HEIGHT="64.0"></String>
          </TextLine>

          
          
          <TextLine ID="eSc_line_b4bf3eaf"
                    TAGREFS="LT188"
                    BASELINE="114 1573 515 1579" 
                    HPOS="111.0"
                    VPOS="1542.0"
                    WIDTH="404.0"
                    HEIGHT="61.0">
            <Shape><Polygon POINTS="114 1573 111 1588 511 1603 515 1579 513 1548 114 1542 114 1573"/></Shape>
	    <String CONTENT="el rendirle á su apetito."
                    HPOS="111.0"
                    VPOS="1542.0"
                    WIDTH="404.0"
                    HEIGHT="61.0"></String>
          </TextLine>

          
          
          <TextLine ID="eSc_line_bff09f49"
                    TAGREFS="LT188"
                    BASELINE="114 1614 576 1623" 
                    HPOS="111.0"
                    VPOS="1579.0"
                    WIDTH="465.0"
                    HEIGHT="61.0">
            <Shape><Polygon POINTS="114 1614 111 1627 572 1640 576 1623 576 1590 114 1579 114 1614"/></Shape>
	    <String CONTENT="Persuadióla muchas veces,"
                    HPOS="111.0"
                    VPOS="1579.0"
                    WIDTH="465.0"
                    HEIGHT="61.0"></String>
          </TextLine>

          
          
          <TextLine ID="eSc_line_e91d2c6e"
                    TAGREFS="LT188"
                    BASELINE="114 1658 587 1665" 
                    HPOS="111.0"
                    VPOS="1623.0"
                    WIDTH="476.0"
                    HEIGHT="61.0">
            <Shape><Polygon POINTS="114 1658 111 1669 583 1684 587 1665 587 1629 114 1623 114 1658"/></Shape>
	    <String CONTENT="mostrándosele amante fino:"
                    HPOS="111.0"
                    VPOS="1623.0"
                    WIDTH="476.0"
                    HEIGHT="61.0"></String>
          </TextLine>

          
          
          <TextLine ID="eSc_line_b5fa2dcc"
                    TAGREFS="LT188"
                    BASELINE="114 1693 500 1702" 
                    HPOS="111.0"
                    VPOS="1660.0"
                    WIDTH="389.0"
                    HEIGHT="66.0">
            <Shape><Polygon POINTS="114 1693 111 1708 495 1726 500 1702 497 1669 114 1660 114 1693"/></Shape>
	    <String CONTENT="pero la discreta dama"
                    HPOS="111.0"
                    VPOS="1660.0"
                    WIDTH="389.0"
                    HEIGHT="66.0"></String>
          </TextLine>

          
          
          <TextLine ID="eSc_line_5484e232"
                    TAGREFS="LT188"
                    BASELINE="114 1735 574 1741" 
                    HPOS="111.0"
                    VPOS="1691.0"
                    WIDTH="463.0"
                    HEIGHT="77.0">
            <Shape><Polygon POINTS="421 1702 405 1700 296 1708 271 1700 265 1697 245 1697 239 1697 234 1702 225 1706 219 1702 210 1695 201 1695 190 1695 184 1702 179 1706 114 1706 114 1735 111 1752 267 1768 269 1768 572 1763 574 1741 572 1691 511 1691 508 1691 506 1691 504 1691 504 1693 478 1711 429 1702 421 1702"/></Shape>
	    <String CONTENT="nunca dió á su amor oído."
                    HPOS="111.0"
                    VPOS="1691.0"
                    WIDTH="463.0"
                    HEIGHT="77.0"></String>
          </TextLine>

          
          
          <TextLine ID="eSc_line_9ca2fe4b"
                    TAGREFS="LT188"
                    BASELINE="114 1781 528 1789" 
                    HPOS="111.0"
                    VPOS="1739.0"
                    WIDTH="417.0"
                    HEIGHT="70.0">
            <Shape><Polygon POINTS="114 1781 111 1794 524 1809 528 1789 526 1754 114 1739 114 1781"/></Shape>
	    <String CONTENT="Un día la cogió á solas,"
                    HPOS="111.0"
                    VPOS="1739.0"
                    WIDTH="417.0"
                    HEIGHT="70.0"></String>
          </TextLine>

          
          
          <TextLine ID="eSc_line_a3823d6e"
                    TAGREFS="LT188"
                    BASELINE="111 1822 563 1831" 
                    HPOS="109.0"
                    VPOS="1789.0"
                    WIDTH="454.0"
                    HEIGHT="57.0">
            <Shape><Polygon POINTS="111 1822 109 1835 559 1846 563 1831 563 1798 111 1789 111 1822"/></Shape>
	    <String CONTENT="que la desgracia lo quiso;"
                    HPOS="109.0"
                    VPOS="1789.0"
                    WIDTH="454.0"
                    HEIGHT="57.0"></String>
          </TextLine>

          
          
          <TextLine ID="eSc_line_0c868847"
                    TAGREFS="LT188"
                    BASELINE="111 1862 515 1873" 
                    HPOS="109.0"
                    VPOS="1829.0"
                    WIDTH="406.0"
                    HEIGHT="59.0">
            <Shape><Polygon POINTS="111 1862 109 1879 511 1888 515 1873 513 1833 111 1829 111 1862"/></Shape>
	    <String CONTENT="encerróla en su retrete,"
                    HPOS="109.0"
                    VPOS="1829.0"
                    WIDTH="406.0"
                    HEIGHT="59.0"></String>
          </TextLine>

          
          
          <TextLine ID="eSc_line_3f96eb4b"
                    TAGREFS="LT188"
                    BASELINE="114 1903 526 1912" 
                    HPOS="111.0"
                    VPOS="1868.0"
                    WIDTH="415.0"
                    HEIGHT="62.0">
            <Shape><Polygon POINTS="114 1903 111 1914 522 1930 526 1912 526 1877 114 1868 114 1903"/></Shape>
	    <String CONTENT="y estas palabras le dijo:"
                    HPOS="111.0"
                    VPOS="1868.0"
                    WIDTH="415.0"
                    HEIGHT="62.0"></String>
          </TextLine>

          
          
          <TextLine ID="eSc_line_8fdaef73"
                    TAGREFS="LT188"
                    BASELINE="114 1941 493 1949" 
                    HPOS="111.0"
                    VPOS="1908.0"
                    WIDTH="382.0"
                    HEIGHT="61.0">
            <Shape><Polygon POINTS="114 1941 111 1958 489 1969 493 1949 491 1916 114 1908 114 1941"/></Shape>
	    <String CONTENT="Hermosísima Leonor,"
                    HPOS="111.0"
                    VPOS="1908.0"
                    WIDTH="382.0"
                    HEIGHT="61.0"></String>
          </TextLine>

          
          
          <TextLine ID="eSc_line_751bd88d"
                    TAGREFS="LT188"
                    BASELINE="109 1982 528 1991" 
                    HPOS="107.0"
                    VPOS="1947.0"
                    WIDTH="421.0"
                    HEIGHT="57.0">
            <Shape><Polygon POINTS="109 1982 107 1995 524 2004 528 1991 526 1956 109 1947 109 1982"/></Shape>
	    <String CONTENT="rémora de mis sentidos,"
                    HPOS="107.0"
                    VPOS="1947.0"
                    WIDTH="421.0"
                    HEIGHT="57.0"></String>
          </TextLine>

          
          
          <TextLine ID="eSc_line_41c360e3"
                    TAGREFS="LT188"
                    BASELINE="107 2024 519 2035" 
                    HPOS="105.0"
                    VPOS="1989.0"
                    WIDTH="414.0"
                    HEIGHT="57.0">
            <Shape><Polygon POINTS="107 2024 105 2035 515 2046 519 2035 517 1998 107 1989 107 2024"/></Shape>
	    <String CONTENT="asi desprecias á un rey,"
                    HPOS="105.0"
                    VPOS="1989.0"
                    WIDTH="414.0"
                    HEIGHT="57.0"></String>
          </TextLine>

          
          
          <TextLine ID="eSc_line_fb15fb8f"
                    TAGREFS="LT188"
                    BASELINE="107 2061 482 2070" 
                    HPOS="105.0"
                    VPOS="2026.0"
                    WIDTH="377.0"
                    HEIGHT="59.0">
            <Shape><Polygon POINTS="458 2035 449 2033 386 2033 370 2033 364 2030 293 2030 282 2030 278 2028 199 2028 195 2028 193 2026 107 2026 107 2061 105 2076 478 2085 482 2070 480 2035 458 2035"/></Shape>
	    <String CONTENT="señor de tal poderío?"
                    HPOS="105.0"
                    VPOS="2026.0"
                    WIDTH="377.0"
                    HEIGHT="59.0"></String>
          </TextLine>

          
          
          <TextLine ID="eSc_line_17bedbe4"
                    TAGREFS="LT188"
                    BASELINE="109 2105 565 2111" 
                    HPOS="107.0"
                    VPOS="2068.0"
                    WIDTH="458.0"
                    HEIGHT="59.0">
            <Shape><Polygon POINTS="109 2105 107 2118 561 2127 565 2111 563 2074 109 2068 109 2105"/></Shape>
	    <String CONTENT="Reniega de Dios, reniega,"
                    HPOS="107.0"
                    VPOS="2068.0"
                    WIDTH="458.0"
                    HEIGHT="59.0"></String>
          </TextLine>

          
          
          <TextLine ID="eSc_line_06b1829c"
                    TAGREFS="LT188"
                    BASELINE="109 2147 605 2153" 
                    HPOS="107.0"
                    VPOS="2111.0"
                    WIDTH="498.0"
                    HEIGHT="55.0">
            <Shape><Polygon POINTS="109 2147 107 2160 600 2166 605 2153 603 2114 109 2111 109 2147"/></Shape>
	    <String CONTENT="que haciendo lo que te digo"
                    HPOS="107.0"
                    VPOS="2111.0"
                    WIDTH="498.0"
                    HEIGHT="55.0"></String>
          </TextLine>

          
          
          <TextLine ID="eSc_line_bd01dc52"
                    TAGREFS="LT188"
                    BASELINE="109 2184 550 2193" 
                    HPOS="107.0"
                    VPOS="2151.0"
                    WIDTH="443.0"
                    HEIGHT="61.0">
            <Shape><Polygon POINTS="526 2153 504 2153 482 2153 460 2153 454 2151 109 2151 109 2184 107 2199 546 2212 550 2193 548 2153 526 2153"/></Shape>
	    <String CONTENT="tendrás reinos y vasallos,"
                    HPOS="107.0"
                    VPOS="2151.0"
                    WIDTH="443.0"
                    HEIGHT="61.0"></String>
          </TextLine>

          
          
          <TextLine ID="eSc_line_61ecb025"
                    TAGREFS="LT188"
                    BASELINE="107 2225 546 2230" 
                    HPOS="105.0"
                    VPOS="2190.0"
                    WIDTH="441.0"
                    HEIGHT="62.0">
            <Shape><Polygon POINTS="107 2225 105 2245 541 2252 546 2230 543 2199 107 2190 107 2225"/></Shape>
	    <String CONTENT="joyas, diamantes, zafiros,"
                    HPOS="105.0"
                    VPOS="2190.0"
                    WIDTH="441.0"
                    HEIGHT="62.0"></String>
          </TextLine>

          
          
          <TextLine ID="eSc_line_d9efb3a9"
                    TAGREFS="LT188"
                    BASELINE="107 2265 642 2274" 
                    HPOS="105.0"
                    VPOS="2232.0"
                    WIDTH="537.0"
                    HEIGHT="63.0">
            <Shape><Polygon POINTS="107 2265 105 2282 638 2295 642 2274 640 2236 107 2232 107 2265"/></Shape>
	    <String CONTENT="pues siendo tu amante un rey,"
                    HPOS="105.0"
                    VPOS="2232.0"
                    WIDTH="537.0"
                    HEIGHT="63.0"></String>
          </TextLine>

          
          
          <TextLine ID="eSc_line_ed548e4f"
                    TAGREFS="LT188"
                    BASELINE="107 2304 537 2315" 
                    HPOS="105.0"
                    VPOS="2271.0"
                    WIDTH="432.0"
                    HEIGHT="60.0">
            <Shape><Polygon POINTS="107 2304 105 2322 532 2331 537 2315 535 2282 107 2271 107 2304"/></Shape>
	    <String CONTENT="todo estará á tu servicio,"
                    HPOS="105.0"
                    VPOS="2271.0"
                    WIDTH="432.0"
                    HEIGHT="60.0"></String>
          </TextLine>

          
          
          <TextLine ID="eSc_line_6cea21e4"
                    TAGREFS="LT188"
                    BASELINE="107 2350 559 2355" 
                    HPOS="105.0"
                    VPOS="2315.0"
                    WIDTH="454.0"
                    HEIGHT="86.0">
            <Shape><Polygon POINTS="107 2350 105 2379 142 2396 144 2396 146 2396 149 2396 151 2396 171 2381 171 2379 269 2374 282 2385 287 2390 287 2392 289 2392 291 2392 293 2392 296 2392 313 2388 322 2385 324 2388 329 2394 331 2394 331 2396 333 2396 335 2396 337 2396 339 2396 364 2390 407 2379 434 2394 440 2396 443 2396 445 2396 447 2396 451 2394 480 2381 493 2396 495 2396 495 2398 497 2398 500 2398 502 2401 557 2401 559 2355 557 2320 107 2315 107 2350"/></Shape>
	    <String CONTENT="y pues te tengo en paraje,"
                    HPOS="105.0"
                    VPOS="2315.0"
                    WIDTH="454.0"
                    HEIGHT="86.0"></String>
          </TextLine>

          
        </TextBlock>
        
        <TextBlock HPOS="894.0"
                   VPOS="219.0"
                   WIDTH="621.0"
                   HEIGHT="2171.0"
                   ID="eSc_textblock_86540e20"
                   TAGREFS="BT540">
          <Shape><Polygon POINTS="1454 359 1445 532 1515 595 1427 797 1471 885 1436 1112 1454 1268 1410 1358 1445 1498 1419 1978 1462 2101 1410 2355 1366 2390 912 2390 894 2363 929 219 1366 227 1454 359"/></Shape>
          
          
          <TextLine ID="eSc_line_c67f81ba"
                    TAGREFS="LT188"
                    BASELINE="929 251 1344 256" 
                    HPOS="927.0"
                    VPOS="219.0"
                    WIDTH="417.0"
                    HEIGHT="54.0">
            <Shape><Polygon POINTS="1324 225 1302 225 1280 225 1259 225 1237 223 1215 223 1193 223 1171 223 1149 223 1127 221 1105 221 1083 221 1061 221 1039 221 1017 219 995 219 973 219 951 219 929 219 929 251 927 267 1340 273 1344 256 1342 225 1324 225"/></Shape>
	    <String CONTENT="que por imposible miro"
                    HPOS="927.0"
                    VPOS="219.0"
                    WIDTH="417.0"
                    HEIGHT="54.0"></String>
          </TextLine>

          
          
          <TextLine ID="eSc_line_c0059ebc"
                    TAGREFS="LT188"
                    BASELINE="932 291 1329 300" 
                    HPOS="929.0"
                    VPOS="256.0"
                    WIDTH="400.0"
                    HEIGHT="61.0">
            <Shape><Polygon POINTS="932 291 929 302 1324 317 1329 300 1327 265 932 256 932 291"/></Shape>
	    <String CONTENT="de mí te puedas librar,"
                    HPOS="929.0"
                    VPOS="256.0"
                    WIDTH="400.0"
                    HEIGHT="61.0"></String>
          </TextLine>

          
          
          <TextLine ID="eSc_line_3a2540f5"
                    TAGREFS="LT188"
                    BASELINE="932 335 1375 339" 
                    HPOS="929.0"
                    VPOS="293.0"
                    WIDTH="446.0"
                    HEIGHT="59.0">
            <Shape><Polygon POINTS="1151 297 1149 295 1079 295 1063 295 1041 295 1024 293 1004 293 997 293 976 293 954 293 932 293 932 335 929 348 1370 352 1375 339 1373 304 1151 297 1151 297"/></Shape>
	    <String CONTENT="he de hacer el gusto mío,"
                    HPOS="929.0"
                    VPOS="293.0"
                    WIDTH="446.0"
                    HEIGHT="59.0"></String>
          </TextLine>

          
          
          <TextLine ID="eSc_line_c119f421"
                    TAGREFS="LT188"
                    BASELINE="932 372 1421 383" 
                    HPOS="929.0"
                    VPOS="337.0"
                    WIDTH="492.0"
                    HEIGHT="66.0">
            <Shape><Polygon POINTS="1370 339 1348 339 1327 339 1305 339 1283 339 1261 339 1239 339 1217 339 1195 339 1173 339 1151 337 1129 337 1107 337 1085 337 1063 337 1041 337 1019 337 997 337 976 337 954 337 932 337 932 372 929 389 1416 403 1421 383 1421 339 1370 337 1370 339"/></Shape>
	    <String CONTENT="sin que las fuerzas te valgan"
                    HPOS="929.0"
                    VPOS="337.0"
                    WIDTH="492.0"
                    HEIGHT="66.0"></String>
          </TextLine>

          
          
          <TextLine ID="eSc_line_f63ccb4a"
                    TAGREFS="LT188"
                    BASELINE="932 414 1403 422" 
                    HPOS="929.0"
                    VPOS="379.0"
                    WIDTH="474.0"
                    HEIGHT="63.0">
            <Shape><Polygon POINTS="932 414 929 431 1399 442 1403 422 1401 387 932 379 932 414"/></Shape>
	    <String CONTENT="ni te aprovechen los gritos,"
                    HPOS="929.0"
                    VPOS="379.0"
                    WIDTH="474.0"
                    HEIGHT="63.0"></String>
          </TextLine>

          
          
          <TextLine ID="eSc_line_a2566eef"
                    TAGREFS="LT188"
                    BASELINE="929 453 1425 464" 
                    HPOS="927.0"
                    VPOS="418.0"
                    WIDTH="498.0"
                    HEIGHT="66.0">
            <Shape><Polygon POINTS="929 453 927 471 1421 484 1425 464 1423 429 929 418 929 453"/></Shape>
	    <String CONTENT="esto ha de ser de por fuerza,"
                    HPOS="927.0"
                    VPOS="418.0"
                    WIDTH="498.0"
                    HEIGHT="66.0"></String>
          </TextLine>

          
          
          <TextLine ID="eSc_line_0f55d7c1"
                    TAGREFS="LT188"
                    BASELINE="929 492 1357 503" 
                    HPOS="927.0"
                    VPOS="457.0"
                    WIDTH="430.0"
                    HEIGHT="68.0">
            <Shape><Polygon POINTS="929 492 927 512 1353 525 1357 503 1355 468 929 457 929 492"/></Shape>
	    <String CONTENT="si no quieres por cariño;"
                    HPOS="927.0"
                    VPOS="457.0"
                    WIDTH="430.0"
                    HEIGHT="68.0"></String>
          </TextLine>

          
          
          <TextLine ID="eSc_line_b4ff03ab"
                    TAGREFS="LT188"
                    BASELINE="929 534 1324 538" 
                    HPOS="927.0"
                    VPOS="497.0"
                    WIDTH="397.0"
                    HEIGHT="61.0">
            <Shape><Polygon POINTS="929 534 927 554 1320 558 1324 538 1322 506 929 497 929 534"/></Shape>
	    <String CONTENT="y advierte que soy rey,"
                    HPOS="927.0"
                    VPOS="497.0"
                    WIDTH="397.0"
                    HEIGHT="61.0"></String>
          </TextLine>

          
          
          <TextLine ID="eSc_line_1e744ec8"
                    TAGREFS="LT188"
                    BASELINE="929 571 1351 582" 
                    HPOS="927.0"
                    VPOS="538.0"
                    WIDTH="424.0"
                    HEIGHT="64.0">
            <Shape><Polygon POINTS="929 571 927 593 1346 602 1351 582 1351 543 929 538 929 571"/></Shape>
	    <String CONTENT="en mis gustos tan altivo,"
                    HPOS="927.0"
                    VPOS="538.0"
                    WIDTH="424.0"
                    HEIGHT="64.0"></String>
          </TextLine>

          
          
          <TextLine ID="eSc_line_dd944e3a"
                    TAGREFS="LT188"
                    BASELINE="929 615 1498 624" 
                    HPOS="927.0"
                    VPOS="584.0"
                    WIDTH="571.0"
                    HEIGHT="57.0">
            <Shape><Polygon POINTS="1484 587 929 584 929 615 927 628 1493 641 1498 624 1495 620 1484 587"/></Shape>
	    <String CONTENT="que á no hacer lo que te mando,"
                    HPOS="927.0"
                    VPOS="584.0"
                    WIDTH="571.0"
                    HEIGHT="57.0"></String>
          </TextLine>

          
          
          <TextLine ID="eSc_line_52c9e4d1"
                    TAGREFS="LT188"
                    BASELINE="929 652 1300 659" 
                    HPOS="927.0"
                    VPOS="620.0"
                    WIDTH="373.0"
                    HEIGHT="59.0">
            <Shape><Polygon POINTS="929 652 927 666 1296 679 1300 659 1298 624 929 620 929 652"/></Shape>
	    <String CONTENT="seré tu fiero enemigo."
                    HPOS="927.0"
                    VPOS="620.0"
                    WIDTH="373.0"
                    HEIGHT="59.0"></String>
          </TextLine>

          
          
          <TextLine ID="eSc_line_c87c7760"
                    TAGREFS="LT188"
                    BASELINE="929 694 1419 701" 
                    HPOS="927.0"
                    VPOS="655.0"
                    WIDTH="492.0"
                    HEIGHT="67.0">
            <Shape><Polygon POINTS="929 694 927 707 1131 722 1133 722 1416 716 1419 701 1416 666 929 655 929 694"/></Shape>
	    <String CONTENT="Qué me respondes, Leonor?"
                    HPOS="927.0"
                    VPOS="655.0"
                    WIDTH="492.0"
                    HEIGHT="67.0"></String>
          </TextLine>

          
          
          <TextLine ID="eSc_line_1eeee36b"
                    TAGREFS="LT188"
                    BASELINE="932 738 1329 740" 
                    HPOS="929.0"
                    VPOS="696.0"
                    WIDTH="400.0"
                    HEIGHT="62.0">
            <Shape><Polygon POINTS="932 738 929 751 1324 758 1329 740 1327 707 932 696 932 738"/></Shape>
	    <String CONTENT="Y ella suspirando dijo:"
                    HPOS="929.0"
                    VPOS="696.0"
                    WIDTH="400.0"
                    HEIGHT="62.0"></String>
          </TextLine>

          
          
          <TextLine ID="eSc_line_6d571062"
                    TAGREFS="LT188"
                    BASELINE="927 782 1366 788" 
                    HPOS="925.0"
                    VPOS="744.0"
                    WIDTH="441.0"
                    HEIGHT="62.0">
            <Shape><Polygon POINTS="927 782 925 797 1362 806 1366 788 1366 749 927 744 927 782"/></Shape>
	    <String CONTENT="Eso es cansaros en vano,"
                    HPOS="925.0"
                    VPOS="744.0"
                    WIDTH="441.0"
                    HEIGHT="62.0"></String>
          </TextLine>

          
          
          <TextLine ID="eSc_line_50a37ad8"
                    TAGREFS="LT188"
                    BASELINE="927 825 1300 825" 
                    HPOS="927.0"
                    VPOS="784.0"
                    WIDTH="373.0"
                    HEIGHT="61.0">
            <Shape><Polygon POINTS="927 825 927 845 1300 841 1300 825 1300 790 927 784 927 825"/></Shape>
	    <String CONTENT="y lo tengo á desvarío"
                    HPOS="927.0"
                    VPOS="784.0"
                    WIDTH="373.0"
                    HEIGHT="61.0"></String>
          </TextLine>

          
          
          <TextLine ID="eSc_line_f3127ab2"
                    TAGREFS="LT188"
                    BASELINE="925 860 1348 865" 
                    HPOS="923.0"
                    VPOS="828.0"
                    WIDTH="425.0"
                    HEIGHT="57.0">
            <Shape><Polygon POINTS="925 860 923 876 1344 885 1348 865 1346 830 925 828 925 860"/></Shape>
	    <String CONTENT="el pedirme que reniegue"
                    HPOS="923.0"
                    VPOS="828.0"
                    WIDTH="425.0"
                    HEIGHT="57.0"></String>
          </TextLine>

          
          
          <TextLine ID="eSc_line_59691728"
                    TAGREFS="LT188"
                    BASELINE="925 904 1445 909" 
                    HPOS="923.0"
                    VPOS="867.0"
                    WIDTH="522.0"
                    HEIGHT="57.0">
            <Shape><Polygon POINTS="925 904 923 920 1441 924 1445 909 1443 867 925 867 925 904"/></Shape>
	    <String CONTENT="del Señor que el mundo hizo:"
                    HPOS="923.0"
                    VPOS="867.0"
                    WIDTH="522.0"
                    HEIGHT="57.0"></String>
          </TextLine>

          
          
          <TextLine ID="eSc_line_cbb2af73"
                    TAGREFS="LT188"
                    BASELINE="925 942 1425 955" 
                    HPOS="923.0"
                    VPOS="907.0"
                    WIDTH="502.0"
                    HEIGHT="65.0">
            <Shape><Polygon POINTS="925 942 923 955 1421 972 1425 955 1423 915 925 907 925 942"/></Shape>
	    <String CONTENT="en cuanto á querer gozarme,"
                    HPOS="923.0"
                    VPOS="907.0"
                    WIDTH="502.0"
                    HEIGHT="65.0"></String>
          </TextLine>

          
          
          <TextLine ID="eSc_line_58a57596"
                    TAGREFS="LT188"
                    BASELINE="923 983 1384 988" 
                    HPOS="921.0"
                    VPOS="944.0"
                    WIDTH="463.0"
                    HEIGHT="63.0">
            <Shape><Polygon POINTS="1362 955 1355 953 1289 953 1274 953 1267 950 1197 950 1186 950 1182 948 1105 948 1098 948 1094 946 1013 946 1011 946 1008 944 923 944 923 983 921 999 1379 1007 1384 988 1381 955 1362 955"/></Shape>
	    <String CONTENT="esto señor, bien lo afirmo,"
                    HPOS="921.0"
                    VPOS="944.0"
                    WIDTH="463.0"
                    HEIGHT="63.0"></String>
          </TextLine>

          
          
          <TextLine ID="eSc_line_90f32df4"
                    TAGREFS="LT188"
                    BASELINE="923 1025 1427 1031" 
                    HPOS="921.0"
                    VPOS="988.0"
                    WIDTH="506.0"
                    HEIGHT="63.0">
            <Shape><Polygon POINTS="1362 988 1340 988 1318 988 1296 988 1274 988 1252 988 1230 988 1208 988 1186 988 1164 988 923 988 923 1025 921 1038 1423 1051 1427 1031 1427 988 1384 988 1362 988"/></Shape>
	    <String CONTENT="que ha de ser bien imposible"
                    HPOS="921.0"
                    VPOS="988.0"
                    WIDTH="506.0"
                    HEIGHT="63.0"></String>
          </TextLine>

          
          
          <TextLine ID="eSc_line_46773092"
                    TAGREFS="LT188"
                    BASELINE="923 1064 1305 1069" 
                    HPOS="921.0"
                    VPOS="1031.0"
                    WIDTH="384.0"
                    HEIGHT="53.0">
            <Shape><Polygon POINTS="923 1064 921 1080 1300 1084 1305 1069 1302 1036 923 1031 923 1064"/></Shape>
	    <String CONTENT="el recabarlo conmigo."
                    HPOS="921.0"
                    VPOS="1031.0"
                    WIDTH="384.0"
                    HEIGHT="53.0"></String>
          </TextLine>

          
          
          <TextLine ID="eSc_line_efa04594"
                    TAGREFS="LT188"
                    BASELINE="923 1104 1364 1112" 
                    HPOS="921.0"
                    VPOS="1069.0"
                    WIDTH="443.0"
                    HEIGHT="68.0">
            <Shape><Polygon POINTS="923 1104 921 1119 1359 1137 1364 1112 1364 1075 923 1069 923 1104"/></Shape>
	    <String CONTENT="Confieso de que eres rey,"
                    HPOS="921.0"
                    VPOS="1069.0"
                    WIDTH="443.0"
                    HEIGHT="68.0"></String>
          </TextLine>

          
          
          <TextLine ID="eSc_line_85daf1e9"
                    TAGREFS="LT188"
                    BASELINE="927 1145 1342 1150" 
                    HPOS="925.0"
                    VPOS="1108.0"
                    WIDTH="417.0"
                    HEIGHT="57.0">
            <Shape><Polygon POINTS="927 1145 925 1165 1340 1165 1342 1150 1340 1119 927 1108 927 1145"/></Shape>
	    <String CONTENT="y como rey y señor mío"
                    HPOS="925.0"
                    VPOS="1108.0"
                    WIDTH="417.0"
                    HEIGHT="57.0"></String>
          </TextLine>

          
          
          <TextLine ID="eSc_line_96eaab94"
                    TAGREFS="LT188"
                    BASELINE="923 1187 1346 1191" 
                    HPOS="921.0"
                    VPOS="1150.0"
                    WIDTH="425.0"
                    HEIGHT="59.0">
            <Shape><Polygon POINTS="923 1187 921 1200 1342 1209 1346 1191 1344 1152 923 1150 923 1187"/></Shape>
	    <String CONTENT="la vida podrás quitarme,"
                    HPOS="921.0"
                    VPOS="1150.0"
                    WIDTH="425.0"
                    HEIGHT="59.0"></String>
          </TextLine>

          
          
          <TextLine ID="eSc_line_81cf1ac2"
                    TAGREFS="LT188"
                    BASELINE="925 1229 1425 1231" 
                    HPOS="923.0"
                    VPOS="1189.0"
                    WIDTH="502.0"
                    HEIGHT="61.0">
            <Shape><Polygon POINTS="1166 1191 1144 1191 1138 1189 1048 1189 1035 1189 1013 1189 991 1189 969 1189 947 1189 925 1189 925 1229 923 1248 1421 1250 1425 1231 1423 1196 1173 1191 1166 1191"/></Shape>
	    <String CONTENT="pero no el honor que estimo."
                    HPOS="923.0"
                    VPOS="1189.0"
                    WIDTH="502.0"
                    HEIGHT="61.0"></String>
          </TextLine>

          
          
          <TextLine ID="eSc_line_e6f211d5"
                    TAGREFS="LT188"
                    BASELINE="927 1264 1392 1270" 
                    HPOS="925.0"
                    VPOS="1231.0"
                    WIDTH="467.0"
                    HEIGHT="65.0">
            <Shape><Polygon POINTS="927 1264 925 1277 1388 1296 1392 1270 1390 1235 927 1231 927 1264"/></Shape>
	    <String CONTENT="Viendo el moro de Leonor"
                    HPOS="925.0"
                    VPOS="1231.0"
                    WIDTH="467.0"
                    HEIGHT="65.0"></String>
          </TextLine>

          
          
          <TextLine ID="eSc_line_b3ceddb2"
                    TAGREFS="LT188"
                    BASELINE="921 1305 1316 1310" 
                    HPOS="919.0"
                    VPOS="1272.0"
                    WIDTH="397.0"
                    HEIGHT="53.0">
            <Shape><Polygon POINTS="921 1305 919 1321 1311 1325 1316 1310 1316 1277 921 1272 921 1305"/></Shape>
	    <String CONTENT="su dureza con esquivo,"
                    HPOS="919.0"
                    VPOS="1272.0"
                    WIDTH="397.0"
                    HEIGHT="53.0"></String>
          </TextLine>

          
          
          <TextLine ID="eSc_line_c4403952"
                    TAGREFS="LT188"
                    BASELINE="923 1345 1359 1353" 
                    HPOS="921.0"
                    VPOS="1310.0"
                    WIDTH="438.0"
                    HEIGHT="59.0">
            <Shape><Polygon POINTS="923 1345 921 1362 1355 1369 1359 1353 1359 1312 923 1310 923 1345"/></Shape>
	    <String CONTENT="fué á asirla para forzarla;"
                    HPOS="921.0"
                    VPOS="1310.0"
                    WIDTH="438.0"
                    HEIGHT="59.0"></String>
          </TextLine>

          
          
          <TextLine ID="eSc_line_45c8ed6d"
                    TAGREFS="LT188"
                    BASELINE="921 1388 1340 1393" 
                    HPOS="919.0"
                    VPOS="1353.0"
                    WIDTH="421.0"
                    HEIGHT="60.0">
            <Shape><Polygon POINTS="921 1388 919 1408 1335 1413 1340 1393 1337 1358 921 1353 921 1388"/></Shape>
	    <String CONTENT="y ella viendo su peligro,"
                    HPOS="919.0"
                    VPOS="1353.0"
                    WIDTH="421.0"
                    HEIGHT="60.0"></String>
          </TextLine>

          
          
          <TextLine ID="eSc_line_dbdea0a4"
                    TAGREFS="LT188"
                    BASELINE="921 1430 1346 1430" 
                    HPOS="921.0"
                    VPOS="1399.0"
                    WIDTH="425.0"
                    HEIGHT="49.0">
            <Shape><Polygon POINTS="921 1430 921 1448 1346 1445 1346 1430 1346 1399 921 1399 921 1430"/></Shape>
	    <String CONTENT="sacó al moro de la cinta"
                    HPOS="921.0"
                    VPOS="1399.0"
                    WIDTH="425.0"
                    HEIGHT="49.0"></String>
          </TextLine>

          
          
          <TextLine ID="eSc_line_f5ffce35"
                    TAGREFS="LT188"
                    BASELINE="921 1470 1320 1470" 
                    HPOS="921.0"
                    VPOS="1439.0"
                    WIDTH="399.0"
                    HEIGHT="52.0">
            <Shape><Polygon POINTS="921 1470 921 1483 1318 1491 1320 1470 1320 1439 921 1439 921 1470"/></Shape>
	    <String CONTENT="el alfanje damasquino;"
                    HPOS="921.0"
                    VPOS="1439.0"
                    WIDTH="399.0"
                    HEIGHT="52.0"></String>
          </TextLine>

          
          
          <TextLine ID="eSc_line_d934e35d"
                    TAGREFS="LT188"
                    BASELINE="921 1507 1410 1516" 
                    HPOS="919.0"
                    VPOS="1472.0"
                    WIDTH="491.0"
                    HEIGHT="57.0">
            <Shape><Polygon POINTS="1162 1472 1140 1472 1118 1472 1096 1472 1074 1472 1052 1472 1030 1472 1008 1472 987 1472 965 1472 943 1472 921 1472 921 1507 919 1529 1408 1529 1410 1516 1410 1474 1164 1472 1162 1472"/></Shape>
	    <String CONTENT="prosigue el moro su intento,"
                    HPOS="919.0"
                    VPOS="1472.0"
                    WIDTH="491.0"
                    HEIGHT="57.0"></String>
          </TextLine>

          
          
          <TextLine ID="eSc_line_82c595e2"
                    TAGREFS="LT188"
                    BASELINE="921 1548 1381 1555" 
                    HPOS="919.0"
                    VPOS="1513.0"
                    WIDTH="462.0"
                    HEIGHT="57.0">
            <Shape><Polygon POINTS="921 1548 919 1566 1377 1570 1381 1555 1379 1518 921 1513 921 1548"/></Shape>
	    <String CONTENT="y ella resuelta le ha dicho:"
                    HPOS="919.0"
                    VPOS="1513.0"
                    WIDTH="462.0"
                    HEIGHT="57.0"></String>
          </TextLine>

          
          
          <TextLine ID="eSc_line_5ead82fe"
                    TAGREFS="LT188"
                    BASELINE="921 1586 1300 1590" 
                    HPOS="919.0"
                    VPOS="1553.0"
                    WIDTH="381.0"
                    HEIGHT="55.0">
            <Shape><Polygon POINTS="921 1586 919 1608 1298 1608 1300 1590 1298 1557 921 1553 921 1586"/></Shape>
	    <String CONTENT="así defiendo mi honor"
                    HPOS="919.0"
                    VPOS="1553.0"
                    WIDTH="381.0"
                    HEIGHT="55.0"></String>
          </TextLine>

          
          
          <TextLine ID="eSc_line_2131649d"
                    TAGREFS="LT188"
                    BASELINE="919 1627 1362 1632" 
                    HPOS="916.0"
                    VPOS="1592.0"
                    WIDTH="446.0"
                    HEIGHT="59.0">
            <Shape><Polygon POINTS="919 1627 916 1640 1357 1651 1362 1632 1357 1592 919 1592 919 1627"/></Shape>
	    <String CONTENT="aun de los reyes lascivos;"
                    HPOS="916.0"
                    VPOS="1592.0"
                    WIDTH="446.0"
                    HEIGHT="59.0"></String>
          </TextLine>

          
          
          <TextLine ID="eSc_line_3e86cb8b"
                    TAGREFS="LT188"
                    BASELINE="921 1667 1269 1671" 
                    HPOS="919.0"
                    VPOS="1632.0"
                    WIDTH="350.0"
                    HEIGHT="57.0">
            <Shape><Polygon POINTS="921 1667 919 1686 1265 1689 1269 1671 1267 1634 921 1632 921 1667"/></Shape>
	    <String CONTENT="y con un fiero revés"
                    HPOS="919.0"
                    VPOS="1632.0"
                    WIDTH="350.0"
                    HEIGHT="57.0"></String>
          </TextLine>

          
          
          <TextLine ID="eSc_line_ec6c2206"
                    TAGREFS="LT188"
                    BASELINE="919 1708 1403 1715" 
                    HPOS="916.0"
                    VPOS="1673.0"
                    WIDTH="487.0"
                    HEIGHT="55.0">
            <Shape><Polygon POINTS="919 1708 916 1719 1399 1728 1403 1715 1401 1678 919 1673 919 1708"/></Shape>
	    <String CONTENT="le dejó un brazo en un hilo."
                    HPOS="916.0"
                    VPOS="1673.0"
                    WIDTH="487.0"
                    HEIGHT="55.0"></String>
          </TextLine>

          
          
          <TextLine ID="eSc_line_6c4230bc"
                    TAGREFS="LT188"
                    BASELINE="921 1754 1379 1761" 
                    HPOS="919.0"
                    VPOS="1711.0"
                    WIDTH="460.0"
                    HEIGHT="63.0">
            <Shape><Polygon POINTS="1359 1715 1337 1715 1316 1715 1294 1715 1272 1715 1250 1715 1234 1713 1149 1713 1140 1713 1118 1713 1096 1713 1090 1711 921 1711 921 1754 919 1768 1375 1774 1379 1761 1377 1715 1359 1715"/></Shape>
	    <String CONTENT="Viéndola el moro resuelta,"
                    HPOS="919.0"
                    VPOS="1711.0"
                    WIDTH="460.0"
                    HEIGHT="63.0"></String>
          </TextLine>

          
          
          <TextLine ID="eSc_line_213455ec"
                    TAGREFS="LT188"
                    BASELINE="919 1798 1313 1798" 
                    HPOS="919.0"
                    VPOS="1761.0"
                    WIDTH="394.0"
                    HEIGHT="57.0">
            <Shape><Polygon POINTS="919 1798 919 1816 1311 1818 1313 1798 1313 1763 919 1761 919 1798"/></Shape>
	    <String CONTENT="y viéndose mal herido,"
                    HPOS="919.0"
                    VPOS="1761.0"
                    WIDTH="394.0"
                    HEIGHT="57.0"></String>
          </TextLine>

          
          
          <TextLine ID="eSc_line_5e452a8e"
                    TAGREFS="LT188"
                    BASELINE="916 1838 1370 1838" 
                    HPOS="916.0"
                    VPOS="1800.0"
                    WIDTH="454.0"
                    HEIGHT="57.0">
            <Shape><Polygon POINTS="916 1838 916 1853 1368 1857 1370 1838 1368 1800 916 1805 916 1838"/></Shape>
	    <String CONTENT="comenzó á llamar á voces"
                    HPOS="916.0"
                    VPOS="1800.0"
                    WIDTH="454.0"
                    HEIGHT="57.0"></String>
          </TextLine>

          
          
          <TextLine ID="eSc_line_508cec6c"
                    TAGREFS="LT188"
                    BASELINE="916 1875 1386 1881" 
                    HPOS="914.0"
                    VPOS="1840.0"
                    WIDTH="472.0"
                    HEIGHT="57.0">
            <Shape><Polygon POINTS="1333 1840 1311 1840 1289 1840 1267 1840 1245 1840 1223 1840 1201 1840 1180 1840 1158 1840 1136 1840 1114 1840 1092 1840 1070 1840 1048 1840 1026 1840 1004 1840 982 1840 960 1840 938 1840 916 1840 916 1875 914 1895 1381 1897 1386 1881 1386 1840 1355 1840 1333 1840"/></Shape>
	    <String CONTENT="á su guardia, y luego vino:"
                    HPOS="914.0"
                    VPOS="1840.0"
                    WIDTH="472.0"
                    HEIGHT="57.0"></String>
          </TextLine>

          
          
          <TextLine ID="eSc_line_bea93d26"
                    TAGREFS="LT188"
                    BASELINE="919 1914 1359 1921" 
                    HPOS="916.0"
                    VPOS="1881.0"
                    WIDTH="443.0"
                    HEIGHT="53.0">
            <Shape><Polygon POINTS="919 1914 916 1927 1355 1934 1359 1921 1357 1888 919 1881 919 1914"/></Shape>
	    <String CONTENT="A esta homicida cristiana"
                    HPOS="916.0"
                    VPOS="1881.0"
                    WIDTH="443.0"
                    HEIGHT="53.0"></String>
          </TextLine>

          
          
          <TextLine ID="eSc_line_86e18324"
                    TAGREFS="LT188"
                    BASELINE="916 1956 1366 1962" 
                    HPOS="914.0"
                    VPOS="1919.0"
                    WIDTH="452.0"
                    HEIGHT="63.0">
            <Shape><Polygon POINTS="1355 1921 1333 1921 1311 1921 1289 1921 1267 1921 1245 1921 1223 1921 1201 1919 1180 1919 1158 1919 1136 1919 1114 1919 1092 1919 1070 1919 916 1919 916 1956 914 1976 1362 1982 1366 1962 1364 1919 1355 1919 1355 1921"/></Shape>
	    <String CONTENT="prendedla, soldados míos;"
                    HPOS="914.0"
                    VPOS="1919.0"
                    WIDTH="452.0"
                    HEIGHT="63.0"></String>
          </TextLine>

          
          
          <TextLine ID="eSc_line_01269ea7"
                    TAGREFS="LT188"
                    BASELINE="916 2000 1364 2002" 
                    HPOS="914.0"
                    VPOS="1960.0"
                    WIDTH="450.0"
                    HEIGHT="57.0">
            <Shape><Polygon POINTS="916 2000 914 2017 1362 2013 1364 2002 1362 1967 916 1960 916 2000"/></Shape>
	    <String CONTENT="y haced que rinda la vida"
                    HPOS="914.0"
                    VPOS="1960.0"
                    WIDTH="450.0"
                    HEIGHT="57.0"></String>
          </TextLine>

          
          
          <TextLine ID="eSc_line_419af39c"
                    TAGREFS="LT188"
                    BASELINE="914 2035 1322 2039" 
                    HPOS="912.0"
                    VPOS="2004.0"
                    WIDTH="410.0"
                    HEIGHT="55.0">
            <Shape><Polygon POINTS="914 2035 912 2050 1318 2059 1322 2039 1320 2004 914 2004 914 2035"/></Shape>
	    <String CONTENT="entre crueles martirios;"
                    HPOS="912.0"
                    VPOS="2004.0"
                    WIDTH="410.0"
                    HEIGHT="55.0"></String>
          </TextLine>

          
          
          <TextLine ID="eSc_line_7617ab4d"
                    TAGREFS="LT188"
                    BASELINE="914 2079 1436 2081" 
                    HPOS="912.0"
                    VPOS="2046.0"
                    WIDTH="524.0"
                    HEIGHT="50.0">
            <Shape><Polygon POINTS="914 2079 912 2096 1434 2094 1436 2081 1436 2046 914 2046 914 2079"/></Shape>
	    <String CONTENT="pues su intento es el matarme"
                    HPOS="912.0"
                    VPOS="2046.0"
                    WIDTH="524.0"
                    HEIGHT="50.0"></String>
          </TextLine>

          
          
          <TextLine ID="eSc_line_b5a46a4f"
                    TAGREFS="LT188"
                    BASELINE="914 2114 1366 2122" 
                    HPOS="912.0"
                    VPOS="2081.0"
                    WIDTH="454.0"
                    HEIGHT="59.0">
            <Shape><Polygon POINTS="914 2114 912 2133 1362 2140 1366 2122 1364 2085 914 2081 914 2114"/></Shape>
	    <String CONTENT="con el mismo alfanje mío,"
                    HPOS="912.0"
                    VPOS="2081.0"
                    WIDTH="454.0"
                    HEIGHT="59.0"></String>
          </TextLine>

          
          
          <TextLine ID="eSc_line_0a015941"
                    TAGREFS="LT188"
                    BASELINE="914 2155 1368 2164" 
                    HPOS="912.0"
                    VPOS="2122.0"
                    WIDTH="456.0"
                    HEIGHT="62.0">
            <Shape><Polygon POINTS="914 2155 912 2168 1364 2184 1368 2164 1368 2129 914 2122 914 2155"/></Shape>
	    <String CONTENT="como en la mano lo tiene,"
                    HPOS="912.0"
                    VPOS="2122.0"
                    WIDTH="456.0"
                    HEIGHT="62.0"></String>
          </TextLine>

          
          
          <TextLine ID="eSc_line_4d8be604"
                    TAGREFS="LT188"
                    BASELINE="914 2197 1340 2201" 
                    HPOS="912.0"
                    VPOS="2157.0"
                    WIDTH="428.0"
                    HEIGHT="57.0">
            <Shape><Polygon POINTS="914 2197 912 2210 1335 2214 1340 2201 1337 2166 914 2157 914 2197"/></Shape>
	    <String CONTENT="le comprueba del delito."
                    HPOS="912.0"
                    VPOS="2157.0"
                    WIDTH="428.0"
                    HEIGHT="57.0"></String>
          </TextLine>

          
          
          <TextLine ID="eSc_line_3c82eb52"
                    TAGREFS="LT188"
                    BASELINE="919 2236 1390 2245" 
                    HPOS="916.0"
                    VPOS="2199.0"
                    WIDTH="474.0"
                    HEIGHT="64.0">
            <Shape><Polygon POINTS="1182 2201 1160 2201 1138 2201 1118 2199 1105 2199 1094 2199 1072 2199 1050 2199 1028 2199 1006 2199 984 2199 962 2199 940 2199 919 2199 919 2236 916 2247 1386 2263 1390 2245 1388 2206 1199 2201 1182 2201"/></Shape>
	    <String CONTENT="Ven al rey que está mortal,"
                    HPOS="916.0"
                    VPOS="2199.0"
                    WIDTH="474.0"
                    HEIGHT="64.0"></String>
          </TextLine>

          
          
          <TextLine ID="eSc_line_6225eae4"
                    TAGREFS="LT188"
                    BASELINE="919 2278 1320 2280" 
                    HPOS="916.0"
                    VPOS="2239.0"
                    WIDTH="404.0"
                    HEIGHT="59.0">
            <Shape><Polygon POINTS="1313 2245 1291 2245 1269 2243 1248 2243 1226 2243 1204 2243 1182 2243 1160 2243 1140 2241 1118 2241 1116 2241 1094 2241 1072 2241 1050 2241 1041 2239 919 2239 919 2278 916 2298 1318 2295 1320 2280 1318 2245 1313 2245"/></Shape>
	    <String CONTENT="y con su sangre teñido:"
                    HPOS="916.0"
                    VPOS="2239.0"
                    WIDTH="404.0"
                    HEIGHT="59.0"></String>
          </TextLine>

          
          
          <TextLine ID="eSc_line_ca6db332"
                    TAGREFS="LT188"
                    BASELINE="912 2320 1375 2315" 
                    HPOS="910.0"
                    VPOS="2282.0"
                    WIDTH="465.0"
                    HEIGHT="62.0">
            <Shape><Polygon POINTS="912 2320 912 2344 1373 2339 1375 2315 1370 2285 910 2282 912 2320"/></Shape>
	    <String CONTENT="prendiéronla, y la llevaron"
                    HPOS="910.0"
                    VPOS="2282.0"
                    WIDTH="465.0"
                    HEIGHT="62.0"></String>
          </TextLine>

          
          
          <TextLine ID="eSc_line_9233b23d"
                    TAGREFS="LT188"
                    BASELINE="912 2363 1342 2359" 
                    HPOS="910.0"
                    VPOS="2328.0"
                    WIDTH="432.0"
                    HEIGHT="68.0">
            <Shape><Polygon POINTS="912 2363 912 2381 1127 2379 1160 2392 1169 2394 1171 2394 1337 2396 1342 2359 1335 2328 910 2328 912 2363"/></Shape>
	    <String CONTENT="adonde está don Jacinto."
                    HPOS="910.0"
                    VPOS="2328.0"
                    WIDTH="432.0"
                    HEIGHT="68.0"></String>
          </TextLine>

          
        </TextBlock>
        

        
      </PrintSpace>
    </Page>
  </Layout>
</alto>
