1842 2600
145 717 1523 96 TROVOS Y GLOSAS DISCRETAS, QUE PARA EXPLICAR

141 785 1526 84 sus penas cantaba un amante despreciado, cuando se divertia

303 830 1195 90 con sus amigos; compuestos por D. Zeferino Zepol,

680 895 449 75 natural de Andujar.

130 998 601 55 I. El corazon se me parte

170 1034 530 71 de dolor y sentimiento,

174 1086 661 75 viendo que estás en el mundo

170 1144 626 60 y para mí ya te has muerto.

222 1187 584 78 Todo mi intento fué amarte,

163 1243 490 70 nunca te pude vencer,

161 1295 617 77 por mas que quise adorarte,

157 1347 496 68 al verte en otro poder

154 1391 514 75 el corazon se me parte.

209 1447 581 76 Ya para mi no hay contento,

150 1502 542 71 yo no tendré ya alegria,

148 1554 588 69 con mucho dolor lo siento,

143 1604 523 65 penaré de noche y dia

141 1653 530 68 de dolor y sentimiento.

187 1710 567 71 Siempre me veo iracundo,

131 1759 503 69 metido en triste penar,

130 1809 583 73 con harta razon me fundo,

127 1860 452 72 de no poderte gozar

124 1911 644 73 viendo que estás en el mundo.

177 1965 585 73 Tengan el sepulcro abierto.

118 2020 623 71 por todo el orbe se escriba,

118 2069 639 65 al ver que la muerte acierto,

118 2121 600 68 viendo que tú te estás viva

112 2175 642 74 y para mí ya te has muerto.

62 2221 602 74 II. Quantas veces llorarás,

108 2275 594 72 quando no tendrá remedio,

105 2335 439 58 me verás y te veré,

104 2380 504 79 pero no nos hablaremos.

1009 1018 515 48 De otro te enamorarás,

956 1050 568 69 dandome á mi que sentir,

956 1100 487 67 gusto en todo le darás

956 1152 555 71 y viendome á mi afligir,

950 1204 514 70 cuantas veces llorarás.

1002 1252 558 71 Si mi amor te causa tedio

952 1304 521 66 prometo se ausentará

944 1360 513 68 pero tu buscarás medio,

941 1411 529 65 que yo te quiera y será

937 1466 545 65 cuando no tenga remedio.

988 1512 333 63 Afligido viviré

933 1561 536 74 si me desprecia tu amor,

933 1616 387 69 agena te juzgaré,

937 1669 496 62 y para mayor dolor

927 1718 517 67 me verás y te veré.

970 1765 611 75 Nuestros tratos perderemos

918 1825 609 65 cuando seas de otro esposa

924 1874 553 60 y algun dia nos veremos,

915 1926 591 61 yo sin dicha y tu dichosa,

910 1980 549 61 pero no nos hablaremos.

853 2025 754 79 III. ¡ O quién de amor no supiera !

905 2082 525 65 para no llegar á amarte,

904 2134 553 65 porque sino he de gozarte

901 2184 581 65 de que sirve que te quiera.

952 2236 511 62 Jamas fino me rindiera

894 2285 654 72 á tus prendas ¡ay de mi!

891 2344 588 62 te estimo en tanta manera

897 2393 621 88 como certifico aquí,
