908 1454
250 42 251 18 de Judas Macabeo

726 20 37 41 15

34 52 766 49 Judas, en fin, tuvo animo para salir de la Fortaleza

6 93 791 49 donde estaba à ir à reconocerlos, y oponerse á sus inten-

10 138 792 50 tos. Pero apenas fue visto, quando el Exercito enemigo

9 183 795 48 se puso en batalla delante de su Rey mozo, que madru-

12 226 792 47 go mucho este dia, comenzando á probar las cosas de

12 269 793 49 la guerra con alguna alegria. Comenzaron à tocar las

13 314 792 47 trompetas, y al punto las Legiones se estendieron por las

8 351 794 52 montañas, y valles al rededor de Jerusalèn, con tal tropel,

9 397 797 51 que temblaba la tierra con el peso de sus armas, maqui-

2 441 805 47 nas, y tantos aparatos de guerra. Irritaron luego al punto

9 484 791 50 à la pelea à los Elefantes, mostrandoles zumo de ubas, y

9 529 797 43 de moras. No se oìan sino voces de Soldados, relinchos

10 570 797 51 de cavallos, y sonidos de lanzas, y espadas, y junta-

8 613 798 50 mente al salir el Sol sobre el Orizonte los escudos dora-

12 659 793 48 dos echaban de sì gran resplandor, que parecia, que to-

12 700 795 45 das las montañas estaban llenas de antorchas encendidas.

32 744 775 47 Es cosa maravillofa, como el gran Macabeo marcha-

9 785 798 51 ba à la frente de su Exercito, y luego comenzò à cargar

10 831 799 47 á los enemigos, á quienes maltrataron mucho, matando

14 874 796 47 del primer choque quinientos hombres de la vanguardia

12 915 795 51 del Rey, sin perder ninguno de los suyos : pero lo que ad-

11 959 791 49 miró mas á todos, fue, que Eliazaro, Capitan Judio, y

12 1001 790 49 hermano de Judas, viendo un Elefante bien armado, y

12 1046 794 49 pomposamente adornado mas que los otros, imaginando,

15 1088 794 51 que el Rey Eupator peleaba en èl, se picó de una glo-

12 1134 797 46 riosa generosidad de atacarlo, y matarlo. Atravesò to-

13 1173 789 50 dos los batallones de los Infieles, que estaban delante, y

15 1215 792 50 legò hasta donde estaba esta formidable bestia, y arre-

13 1260 794 51 metiendo á ella, la atravesò con su espada; pero hallan-

15 1303 792 59 dose embarazado con la muchedumbre de gente que le

729 1355 48 40 ro-
