1860 2629
1282 189 224 62 (Núm. 79.)

475 1025 996 212 DECIMAS GLOSADAS

324 1226 1290 108 OBSEQUIANDO UN FINO AMANTE A SU QUERIDA DAMA.

728 1408 456 62 Te pusiera una corona,

676 1456 470 55 te trajera el sol cautivo,

662 1505 550 59 te hiciera reina del mundo,

675 1551 496 68 y aun es poco lo que digo.

353 1587 462 66 Te pusiera en un jardin

311 1627 461 70 como reina de las flores,

312 1686 462 49 te adornara de primores

309 1726 459 60 como á un bello serafin,

312 1768 552 64 y al son de un dulce clarin

318 1820 493 57 que suave música entona,

311 1862 467 52 subiera yo á tu persona

311 1899 412 66 al trono mas elevado,

318 1952 403 61 y para mayor agrado

315 1995 430 60 te pusiera una corona.

364 2039 408 59 Y luego con ligereza

322 2079 399 65 y con gusto singular

315 2129 432 57 te pusiera en un altar

313 2168 465 68 para adornar tu belleza,

319 2224 594 55 y si á estorbarme esta empresa,

315 2262 482 123 bajara el Feníx altivo,

990 1586 452 60 subiera con aire altivo,

995 1632 551 61 de estrella á estrella pasando,

987 1675 478 64 y poniéndolo á tu mando

993 1726 448 61 te trajera el sol cautivo.

1038 1771 428 56 Rendido te obedeciera

997 1816 461 59 de este polo al otro polo,

996 1859 444 63 y que á tu mando todo

995 1906 428 59 el orbe te obedeciera,

989 1943 456 61 toda la mar revolviera

995 1986 507 69 con una sonda el profundo

995 2033 466 64 y al bruto mas iracundo

999 2087 438 55 yo le hiciera obedecer,

1005 2125 400 59 con altivo proceder;

995 2163 526 73 te hiciera reina del mundo.

1044 2212 459 69 Por adorarte no hallara

997 2256 388 75 empresa dificultosa,
