956 1454
166 32 24 47 8

407 40 233 38 Historia verdadera

126 74 754 46 tres y gloriosos Santos y Martyres de Jesu-Christo,

125 116 760 48 Sixto Pontifice, y Lorenzo su Diacono. Serà bien que

124 162 760 46 digamos algo de San Sixto antes de entrar en el mar-

123 203 762 50 tyrio de nuestro San Lorenzo, como quien tiene tanta

121 249 439 45 conexion con fu gran triunfo.

164 287 716 51 Fue San Sixto muy apasionado de los Españoles,

120 336 764 46 à quienes queria y estimaba entrañablemente; y por

120 377 764 47 eso acaso se llevaria consigo á Roma à nueſtro Mar-

119 418 765 51 tyr San Lorenzo, quando antes de subir al Trono vi-

118 464 766 48 no á España. Lo cierto es, que bastantemente lo de-

119 508 765 44 muestra en una clausula de aquella Carta Decretal que

120 550 764 49 escriviò à los Obispos de España, en la qual dice

118 591 762 49 asi : Que era deudor de los Españoles, que los amaba mucho,

120 636 763 50 y se alegraba mucho quando oìa decir bien de ellos, y le pe-

118 680 766 49 saba quando oìa decir mal. Y que aunque estaba muy lejos

118 723 764 50 por la distancia de tierra, estaba muy cerca de ellos, te-

117 769 411 44 niendolos dentro de su corazon.

162 809 721 46 Llegò en fin este santo Pontifice à los terminos de

118 853 766 49 su vida, que la finalizò con la corona del martyrio en

117 898 766 47 los tiempos en que estaba en el mayor vigor la perse-

117 940 763 47 cucion de los malvados Emperadores Valeriano y

117 982 765 48 Galerio. Estos iniquos Principes expidieron un Edic-

117 1025 765 49 to, en que mandaba se castigafen los Obispos, Pres-

117 1068 765 50 byteros, y Diaconos. Los Senadores, Varones ilus-

117 1112 766 47 tres, y Cavalleros Romanos fuesen privados de sus

118 1155 766 47 Dignidades, y confiscados sus bienes. Y hecho todo

117 1199 766 49 esto, si todavia perseverasen en ser Christianos, les

117 1242 764 43 fuese quitada la vida con los tormentos mas crueles

119 1281 760 54 que se pudiesen imaginar. Y las Matronas, priva-

117 1327 751 53 das de sus bienes y hacienda, fuesen desterradas.

806 1368 48 50 En
