938 1321
244 1 14 18 9

219 16 341 34 contra los Sacerdores, que

217 41 346 38 por su temeridad se habian

215 71 348 40 puesto á resistir à un tan

215 100 343 44 grande y poderoso Ejercito

213 135 344 35 contra el ejemplar de tantos

212 162 345 37 Pueblos, que advertidos de

213 197 340 33 esto mismo, se habian some-

212 225 343 33 tido al formidable poder de

211 252 344 38 Holofernes ; y asi decian á

211 285 340 38 grandes voces, que era nece-

209 312 341 39 sario rendirse á los Asirios,

209 343 341 36 antes de ver á sus pobres

209 373 341 40 mugeres, é hijos, sepultados

209 407 340 37 á sus pies. Ozias, en Ausen-

208 440 341 31 cia de Eliachin, los apaci-

208 468 340 40 guó con sus lagrimas, y al-

206 499 341 31 canzo con ellos tuviesen pa-

205 528 343 37 ciencia, y espera no mas que

208 555 140 37 cinco dias

236 584 311 40 Esta Ciudad de Bethulia

203 615 343 42 tenia dentro de sus murallas

202 645 341 38 un gran tesoro de virtudes,

202 677 341 39 cuyos merirtos aun no te-

202 710 342 37 nia conocidos. Era pues,

202 737 341 36 la valerosa Judith, en quien

201 769 343 37 el Cielo habia puesto raras

202 798 342 39 qualidades, y la habia es-

199 832 339 34 cogido para libertar á su

200 857 342 37 Patria. O Benignisimo Dios,

202 892 339 34 y por qué medios tan estra-

197 918 343 37 ños procuras favorecer á los

199 951 341 35 que te aman, y sirven en sus

198 977 342 42 mayores tribulaciones, y fa-

198 1011 339 34 tigas ! Era Judirh nobilisi-

197 1038 339 37 ma Matrona, ilustre He-

198 1073 340 35 roina del Pueblo de Israel,

197 1098 338 42 hija de Merari, y descen-

197 1128 336 36 diente del antiguo Ruben: su

198 1159 335 39 nobilisima estirpe se mereció

583 6 325 45 los respetos en todas las doce

583 41 323 37 Tribus, y las graciosas per-

580 69 327 43 fecciones de que Dios la

576 102 331 38 adornó la hicieron muy ama-

576 132 330 40 ble; propusola su padre pa-

574 167 330 31 ra esposo á un bizarro man-

574 195 330 36 cebo llamado Manasés, que

572 221 332 39 vivia en Bethulia, adonde

572 256 330 37 tenia sus padres ; y prece-

571 288 331 34 diendo las debidas diligen-

570 314 331 37 cias, y el casto consenti-

572 343 329 42 miento de la hermosa Judith

570 375 331 36 se celebraron las bodas, y se

571 408 330 34 casó con Manasés. Era este

569 437 330 39 Señor de fertilisimas mieses,

565 466 335 39 de dilatadas dehesas, de nu-

566 497 333 38 merosas bacadas; y de mu-

566 527 334 38 chos rebaños de ovejas, con

568 561 333 36 cuyas riquezas servia á Dios

566 592 334 37 temeroso en compañia de su

565 617 333 36 amada Judith, cuya pacien-

564 652 334 34 cia se ejercitó mucho tres

562 677 335 37 años antes del sitio con el

562 706 337 39 mas irreparable golpe. Solia

563 737 334 39 salir Manasés á ver sus jorna-

563 770 334 38 leros en el rígor del Estió, y

559 801 340 33 en una ocasion de aquellas

561 827 335 42 en que el sol le molestaba,

559 861 337 33 se le impresionò de tal mo-

559 888 337 36 do que le causó la muerte,

555 922 340 36 dejando viuda á Judith, que

554 950 338 38 despues de mostrar su cons-

553 976 339 38 tancia, y conformidad quan-

554 1007 338 42 do recibió los pesames, aun-

553 1039 339 37 que no sin abundantes lagri-

553 1067 339 41 mas, y habiendo cumplido

554 1097 339 39 con la funeral memoria, dió

555 1128 337 39 modos su providencia para

555 1155 335 59 entablar nueva vida. Man-

853 1188 37 41 dó
