1860 2629
471.0 159.0 31.0 73.0 2

383.0 216.0 426.0 62.0 aqui yace Don Fulano,

386.0 256.0 541.0 72.0 murió de un dolor de cap,

379.0 302.0 555.0 79.0 y si no mes fora que estos;

386.0 357.0 511.0 63.0 atres se fan barca en alt,

381.0 403.0 597.0 76.0 de pedra, en gosos de guarda,

381.0 468.0 443.0 51.0 en banderes y timbals,

381.0 512.0 413.0 57.0 y les llibreríes plenes

379.0 560.0 404.0 60.0 de vides de capitans.

381.0 600.0 614.0 90.0 Pues cuant se vendrá la mehua,

383.0 663.0 518.0 51.0 sí que tindrá bon despach.

383.0 703.0 465.0 68.0 Vostés ya voldrán saber

381.0 753.0 513.0 64.0 qui soc, pues á diro vach:

372.0 801.0 509.0 68.0 soc el só Nélo el Tripero,

379.0 863.0 518.0 54.0 el que ha deixat asombrat

375.0 898.0 511.0 70.0 á tot lo mon y les Indies,

375.0 959.0 436.0 50.0 que per haberme criat

375.0 999.0 508.0 65.0 sense coneixer mon pare;

377.0 1058.0 436.0 50.0 he eixit ben aprofitat.

375.0 1104.0 508.0 59.0 Fill del carrer de Cañete,

372.0 1147.0 549.0 64.0 per lo que vullguen manar;

375.0 1198.0 502.0 61.0 y ma mare era la chata,

375.0 1259.0 443.0 48.0 la que pelaba pardals;

372.0 1296.0 459.0 60.0 ma agüela la castañera

375.0 1358.0 460.0 59.0 de la plasa de Serrans.

375.0 1404.0 456.0 57.0 Em pasáren á mamades

370.0 1443.0 492.0 64.0 entre Néla la dels crancs

370.0 1489.0 430.0 75.0 y Güisa la granotera,

370.0 1533.0 500.0 81.0 y la Moma em desmamá.

372.0 1603.0 503.0 55.0 Teniendo tan buenas amas,

368.0 1649.0 441.0 55.0 yo no podia exir mal;

364.0 1682.0 522.0 72.0 á la que tingui tres añs,

366.0 1743.0 546.0 77.0 ma mare em tirá el ramal,

375.0 1792.0 355.0 68.0 y em digué: fill,

368.0 1853.0 568.0 48.0 dos mans tens, valte de elles

368.0 1899.0 520.0 50.0 en lo que pugues del mar.

359.0 1938.0 435.0 60.0 Acsió que no la faría

366.0 1987.0 493.0 68.0 un nano per un chagant;

364.0 2035.0 419.0 63.0 corregui les escaletes,

366.0 2092.0 579.0 59.0 la creu nova, el forn cremat,

364.0 2131.0 511.0 72.0 y me tiri á fer mandados

359.0 2188.0 535.0 64.0 á les chiques del mercat.

368.0 2241.0 434.0 57.0 Asi escomensí carrera

364.0 2289.0 587.0 94.0 y ixqui un chóro tan probat.

1092.0 223.0 566.0 59.0 quem féren entre atres pillos

1092.0 280.0 454.0 55.0 primer falcó del ramat.

1090.0 326.0 533.0 59.0 Correches, agulles, pintetes,

1090.0 374.0 430.0 55.0 les evilles, els collars,

1087.0 411.0 441.0 62.0 les bolchaques en redó

1085.0 457.0 417.0 77.0 en monedes y didals,

1083.0 510.0 458.0 72.0 en decir, vente conmigo,

1083.0 560.0 432.0 70.0 no tenien que buscar,

1085.0 609.0 566.0 65.0 perque entre els saltechadors

1085.0 666.0 456.0 61.0 cada hu té sa habilitat.

1085.0 705.0 485.0 70.0 Alla ahón había donsaina,

1083.0 764.0 386.0 59.0 allí em tenien ficát,

1085.0 801.0 426.0 73.0 pera apurar els dinés,

1087.0 863.0 479.0 63.0 encara que me está mal

1083.0 911.0 454.0 55.0 alabarme, ixca un átre:

1083.0 961.0 564.0 64.0 desde el cul de un cósi gran

1087.0 1005.0 400.0 61.0 traía yo els lleonets.

1085.0 1051.0 445.0 66.0 La paella? otro que tal:

1085.0 1108.0 505.0 57.0 pera arrancarli els menuts

1081.0 1150.0 482.0 72.0 sense eixirmen mascarat,

1079.0 1202.0 539.0 70.0 sempre he segut el asombro.

1076.0 1259.0 472.0 51.0 Pera el barró ensabonat

1079.0 1296.0 598.0 71.0 sempre me enduya el pollastre

1079.0 1347.0 425.0 77.0 com repartixen el pa.

1079.0 1402.0 509.0 61.0 Al dabán de les donsaines

1076.0 1454.0 505.0 62.0 fént les bóltes á dos mans,

1076.0 1502.0 463.0 64.0 y despues á parar sera:

1076.0 1553.0 428.0 63.0 pera fer la guala? cap

1076.0 1608.0 454.0 48.0 se encontraria com yo.

1076.0 1647.0 573.0 59.0 Pera els pets de baix lo bras

1081.0 1697.0 524.0 57.0 sempre ma pintat á sóles,

1068.0 1746.0 469.0 70.0 com la lluna que fará

1072.0 1794.0 450.0 70.0 Pera parar formachets,

1076.0 1853.0 397.0 55.0 les figues, y repicar

1072.0 1895.0 465.0 63.0 les castañetes de pedra.

1072.0 1949.0 478.0 57.0 el mestre mes consumat.

1068.0 1989.0 454.0 66.0 Pera parar una unflada,

1072.0 2044.0 518.0 61.0 mes que fora de un soldat.

1070.0 2096.0 485.0 57.0 Entenc de tots los ofisis:

1072.0 2140.0 417.0 63.0 cuant habia sentenar

1068.0 2190.0 476.0 59.0 me buscaben els pellers

1070.0 2239.0 487.0 76.0 pera ferlt al gran Sultan

1065.0 2285.0 382.0 107.0 el grande salamelé,
