1146 1573
506 120 112 37 —27—

201 161 754 33 Entonces me presentaron un caballo magnífico, diciéndome que mon-

159 187 797 35 tase, cargaron con la balsa los mas robustos, llevándola con los fardos

156 214 799 40 que contenia, nos pusimos en camino, y llegando á la ciudad de Seren-

156 245 799 40 dib, me presentaron á su rey. Llegué á los pies del trono, y postrándo-

156 274 798 38 me ante el rey, besé la tierra, segun la costumbre de las Indias. El prín-

156 305 799 36 cipe con la mayor afabilidad me mandó levantar y me preguntó por qué

155 333 800 39 casualidad habia llegado á sus Estados. Yo le referí minuciosamente mi

154 366 801 38 aventura, y quedó tan admirado de ella, que dió inmediatamente órden

155 395 799 39 para que la escribieran en letras de oro, á fin de conservarla en los archi-

156 423 797 37 vos de su real palacio. Pidió que le presentasen la balsa, y á su presen-

154 452 799 42 cia fueron abiertos los fardos, causándole mucho asombro la gran canti-

154 485 636 36 dad de ámbar, y sobre todo las esmeraldas y los rubíes.

198 514 755 39 Conociendo yo lo prendado que se hallaba el monarca de tales pre-

153 545 800 38 ciosidades, postrándome á sus pies le dije: «Señor, os ruego dispongais

152 574 801 42 de mi persona y de cuanto me pertenece.» A estas palabras me contestó

154 605 798 39 sonriéndose. «Muy osado seria yo si tocase á nada de lo que Dios ha

152 634 799 39 querido daros; en vez de quitaros cosa alguna, quiero que al salir de mis

154 665 797 34 Estados lleveis pruebas de mi liberalidad, aumentando vuestras riquezas.»

152 693 798 42 El gozo embargó mi voz, y solo pude contestarle con muy cortas pala-

152 724 786 37 bras deseándole prosperidad para su reino y felicidades en su persona.

197 757 754 37 Era tan justo aquel monarca, tan exactos sus pueblos en el cumpli-

152 783 799 41 miento de sus deberes y la observancia de las leyes, que sin tribunales ni

152 813 798 40 magistrados vivian en una paz envidiable. Situada la isla bajo la linea

152 844 799 40 equinoccial, son allí los dias y las noches siempre de doce horas. La

152 874 799 40 campiña es fertilísima, coronada por un monte cuyas peñas son de

152 905 797 37 esmeril, en el valle se crian rarísimas plantas, abundantes frutos, y es-

152 933 797 42 pecialmente el cedro y el ébano. Por devocion hice un viage al monte

152 963 795 37 adonde Adan fué desterrado cuando salió del paraiso terrenal, y subí has-

152 992 796 38 ta la cumbre. Volví á la ciudad y al rey le manifesté mis deseos de vol-

154 1025 792 39 ver á mi pais, y el monarca bondadoso accedió prontamente á ello,

152 1057 795 35 disponiendo que me fuese entregado un rico presente. Llegó el dia de

152 1085 795 40 mi partida y fuí á despedirme del príncipe, quien puso en mis manos

152 1116 794 36 otro regalo de gran cuantía y una carta para nuestro soberano, encar-

152 1146 794 35 gándome mucho, que aquel presente y la carta lo entregase de parte suya

152 1174 794 39 al califa Harun, asegurándole su amistad: Yo le prometí cumplir fielmen-

152 1204 533 39 te sus órdenes y me despedí respetuosamente.

194 1233 751 36 La carta del rey de Serendib, escrita con preciosísimos caractéres

151 1261 793 42 de oro en finisima vitela, contenía en lengua india las siguientes palabras:

197 1293 749 38 «Yo el rey de las Indias, cuyos pasos preceden mil elefantes, sobre

152 1325 793 38 cuya cabeza chispean en dorados techos mas de cien mil rubíes, y cu-

153 1356 791 36 yas sienes ciñe la mas preciosa corona engastada con veinte mil diaman-

152 1383 581 37 tes, á mi muy caro hermano el califa Harun, salud.

197 1413 747 47 «Aunque no sea cual mereceis el presente que os enviamos, no rehu-
