2148 3034
1085 328 196 76 — 14 —

509 401 1343 62 donde los crian á la mano, de modo que los hacen tan domésticos

510 450 1342 62 como á unos mansos bueyes : con ellos labran sus tierras hacien-

502 497 1340 64 do en todo el mismo uso que en España se hace de los caballos,

507 546 1337 65 mulas y bueyes. En la falda de este monte Sinaí existe la piedra

507 596 1339 64 que hirió Moisés con la vara para que saliendo agua satisfacieran

509 652 1337 57 la sed que experimentaban los hijos de Israel, de la cual sale su-

507 696 1339 62 ficiente cantidad de agua para formar un corto arroyo que ferti-

507 751 1339 64 liza una porcion de terreno. A su inmediacion hay un gran pe-

507 793 1339 63 ñasco llamado Santa Catalina: tiene de altura ciento cincuenta

512 851 1335 54 varas; su planicie á la parte de arriba es de veinte y cuatro

510 895 1337 57 varas, donde hay una pequeña ermita que contiene el cuerpo de

507 942 1342 60 la santa, en la cual existen de contínuo dos religiosos Franciscos

507 986 1342 62 de ejemplar virtud. Pedimos licencia al padre guardian para

509 1038 1338 60 ver el cuerpo de la santa; y habiéndola concedido, fuimos al pié

505 1090 1342 56 del peñasco, donde habia dos fuertísimas maromas que forman

507 1137 1340 61 una escala, por la que subimos con bastante trabajo y exposi-

505 1184 1344 56 cion: visitamos aquella ermita con toda devocion, mostrándonos

505 1237 1342 54 aquellos religiosos el cuerpo de la santa, que se conserva entero

509 1284 1342 67 y natural como si estuviera viva, en una hermosísima urna cons-

507 1331 1344 66 truida con el mayor primor, de ébano y marfil, cuya guarnicion

504 1373 881 64 es de plata, así como la cerradura y llave.

578 1417 1269 69 Despues de habernos mostrado algunas preciosidades y reli-

504 1468 1343 65 quias que encerraba aquel pequeño santuario, nos despedimos de

505 1523 1342 69 los dos venerables religiosos, volviendo á bajar por la misma

504 1569 1342 67 escala que subimos, y nos dirigimos al convento, donde á pocos

502 1616 1345 67 dias nos despedimos de sus indivíduos para seguir nuestro ca-

505 1667 1341 77 mino, habiendo antes confesado todos y recibido el Divino

507 1710 180 88 Manjar.

1004 1798 341 64 CAPITULO VI.

505 1852 1341 77 Como el infante D. Pedro y su comitiva pasaron á las ciudades

546 1918 1298 76 del gran Roboan, la de Meca, Sonterra, y en Judea á la de

547 1967 221 75 Cananea.

564 2031 1282 72 Despues de haber salido del convento y tomado el camino de

500 2095 1336 57 Roboan, entramos en dicha ciudad, cuyo bajá mandó á los mo-

500 2144 1342 57 ros fuesen con nosotros y nos presentasen presos en la de Meca

500 2191 1342 57 al califa de Bagdad, señor de la Casa Santa de Jerusalen y de la

499 2231 1338 73 Meca, donde está depositado el cuerpo del profeta Mahoma, rey

499 2287 1337 69 de Fez y de los montes Claros, donde existen las minas de oro,

497 2336 1342 67 defensor de la ley mehometana y perseguidor de los cristianos:

497 2386 1344 68 llegado que hubimos á la Meca, y diciendo los mensajeros de

499 2430 1340 71 que el bajá de Roboan nos enviaba presos para que dispusiera de

499 2482 1335 105 nosotros lo que tuviera por conveniente, mandó que entrásemos,
