1135 1548
472 103 116 42 — 21 —

431 226 203 41 QUINTO VIAJE.

562 437 365 55 La memoria de mis pasados

556 482 371 40 peligros se borró con los goces de

550 513 378 39 mi vida alegre, y se disiparon los

549 541 378 42 propósitos que habia hecno de no

550 578 377 35 esponerme a otros nuevos. Ansiaba

547 605 378 37 el emprender mas viajes, y com-

550 633 376 39 prando mercancías en gran canti-

549 662 377 40 dad, fui con ellas á un puerto de

133 693 792 43 mar, y queriendo campear por mi sola voluntad sin depender de patro-

132 726 793 32 nes, hice construir un buque á mi gusto. Cuando le tuve concluido car-

134 752 790 41 gué mis mercancías y admití en él á otros mercaderes, haciéndolo á la

134 782 490 39 vela en cuanto se presentó viento favorable.

172 810 748 41 Fué muy larga la navegacion, y al fin tocamos en una isla desierta,

144 842 778 36 onde lo primero que se presentó á nuestra vista fué un enorme huevo

141 871 780 39 e roc, parecido al que yo habia encontrado en mi segundo viaje. Ya es-

133 905 787 34 taba el polluelo próximo á salir del huevo y asomaba su pico por el cas-

131 929 790 38 caron; los mercaderes que me acompañaban, rompieron con una hacha

133 958 786 41 el huevo, y haciendo pedazos al roc le asaron. Yo me opuse desde luego

132 989 787 34 á su atentado, diciéndoles que corrian graves riesgos en ello; pero no

131 1015 788 35 hicieron caso de mis palabras. Pusiéronse á comer el ave asada y no

128 1044 791 42 bien habian concluido, aparecieron á larga distancia de nosotros dos nu-

129 1075 790 38 barrones terribles. El capitan que yo llevaba en mi buque, sabia ya por

129 1105 790 37 esperiencia lo que aquello era, y prorumpió á grandes voces diciendo

129 1133 790 40 que venian los padres del roc y que sin pérdida de tiempo nos embar-

129 1163 790 37 cásemos, pues de otro modo corríamos un grande riesgo. Inmediatamente

129 1192 578 35 hicimos lo que nos aconsejaba, volviendo á la mar.

168 1221 751 38 Cuando la pareja del roc se acercó principió á dar espantosos alari-

127 1248 792 39 dos y creció de punto su furor al ver el huevo destrozado y que no estaba

126 1276 793 39 en él su hijuelo. Fácilmente se conoció que intentaban vengarse y volvie-

127 1307 792 34 ron á volar hácia la parte de donde venian. Desaparecieron de nuestra

127 1333 792 45 vista y nosotros rápidamente desplegamos las velas para huir del peligro

128 1367 229 39 que nos amenazaba.

169 1388 749 49 Poco tiempo tardamos en distinguirlos otra vez en lo alto, que venian
