1890 2607
202.0 269.0 493.0 63.0 la más cándida azucena,

204.0 317.0 531.0 63.0 llevándose en su compaña

202.0 360.0 539.0 63.0 los tres hermosos infantes,

208.0 401.0 474.0 70.0 y dejando á la cristiana

208.0 445.0 429.0 67.0 fortalecida, de suerte

206.0 497.0 529.0 70.0 que ya no le teme á nada;

204.0 534.0 341.0 59.0 sólo desea morir

210.0 586.0 514.0 63.0 por defender la ley santa.

206.0 627.0 513.0 70.0 Prevenido ya el martirio,

204.0 664.0 424.0 72.0 el vil renegado baja,

208.0 721.0 481.0 63.0 y como la ha visto sola ,

208.0 749.0 568.0 67.0 con descompuestas palabras

206.0 803.0 635.0 68.0 dice:—¿En dónde están tus hijos?

208.0 845.0 568.0 69.0 ¿dónde se han ido, malvada?

208.0 899.0 577.0 61.0 Infame, ¿no me respondes?—

210.0 940.0 472.0 55.0 Pero la noble cristiana

210.0 979.0 466.0 65.0 le dió relación de todo,

210.0 1031.0 464.0 53.0 diciéndole lo que pasa.

213.0 1062.0 624.0 72.0 —Señor, la Virgen del Carmen

204.0 1114.0 559.0 65.0 se los llevó en su compaña,

215.0 1153.0 498.0 67.0 y el niño que tú mataste

213.0 1203.0 532.0 65.0 otra vez con vida se halla.

210.0 1244.0 414.0 57.0 Al oir estas razones

206.0 1290.0 600.0 67.0 se enciende en cólera y saña ,

210.0 1329.0 492.0 67.0 y alzando cruel la mano

208.0 1373.0 420.0 69.0 le pegó tal bofetada ,

208.0 1412.0 514.0 67.0 que la derribó en el suelo

206.0 1464.0 516.0 63.0 sin sentido y desmayada;

208.0 1512.0 555.0 71.0 y después que volvió en sí,

208.0 1551.0 396.0 60.0 afligida se levanta ,

206.0 1596.0 463.0 61.0 diciéndole:—Di, señor,

208.0 1633.0 601.0 61.0 dime: ¿por qué me maltratas?

208.0 1683.0 570.0 68.0 ¿No preguntas por mis hijos

210.0 1729.0 488.0 61.0 y te digo lo que pasa?—

204.0 1764.0 470.0 73.0 Segunda vez la golpea,

204.0 1820.0 546.0 59.0 diciendo:—Calla, malvada,

208.0 1859.0 557.0 65.0 que pues no has hecho caso

208.0 1903.0 466.0 65.0 de mí, serás castigada.

206.0 1948.0 476.0 63.0 De la mazmorra se sale,

206.0 1992.0 496.0 63.0 y á recias voces gritaba:

217.0 2039.0 483.0 61.0 —¡Acudid, criados míos,

206.0 2072.0 592.0 80.0 pues ya tenéis puerta franca;

206.0 2126.0 446.0 61.0 esto no tiene remedio;

204.0 2170.0 454.0 74.0 sacadla ya de mi casa,

898.0 271.0 567.0 67.0 porque es cosa que me irrita

898.0 323.0 565.0 61.0 mujer que es tan obstinada;

900.0 360.0 618.0 81.0 pues que no teme á la muerte,

898.0 414.0 513.0 57.0 ea, al castigo llevadla !—

900.0 458.0 400.0 56.0 Al oir estas razones

896.0 493.0 463.0 67.0 á la mazmorra bajaban

896.0 543.0 495.0 63.0 como unos leones fieros,

893.0 580.0 516.0 71.0 sus ropas la desnudaban,

898.0 627.0 476.0 72.0 y dándola recios golpes

896.0 677.0 500.0 65.0 á la vergüenza la sacan;

898.0 721.0 435.0 61.0 pero ella, enardecida ,

896.0 760.0 487.0 67.0 la santa ley proclamaba

891.0 810.0 555.0 61.0 de nuestro Dios Jesucristo ,

898.0 847.0 580.0 76.0 Redentor de nuestras almas.

896.0 895.0 472.0 63.0 Llegaron al sitio donde

896.0 938.0 511.0 70.0 el incendio la aguardaba,

898.0 988.0 439.0 61.0 y crueles la arrojaron

898.0 1027.0 502.0 63.0 entre las voraces llamas.

896.0 1073.0 406.0 61.0 Apenas hubo caído ,

900.0 1112.0 507.0 69.0 el fuego activo se apaga ;

898.0 1162.0 533.0 56.0 perdió sus ardientes luces

896.0 1203.0 574.0 63.0 sin que el pelo la agraviara.

896.0 1244.0 569.0 74.0 Mas viendo que queda viva,

893.0 1288.0 429.0 65.0 aquel alevoso manda

896.0 1333.0 522.0 70.0 que de la trenza del pelo ,

893.0 1383.0 470.0 55.0 á una reja la colgaran ;

896.0 1420.0 504.0 70.0 y al instante lo ejecutan

896.0 1464.0 432.0 61.0 lleno de furor y saña.

893.0 1509.0 483.0 68.0 De una reja la colgaron

898.0 1555.0 465.0 65.0 y en ella se la dejaban,

891.0 1605.0 485.0 54.0 adonde estuvo tres días

898.0 1651.0 530.0 54.0 publicando en voces altas

891.0 1692.0 564.0 59.0 de Dios sus sacros misterios

896.0 1733.0 452.0 57.0 y de la Igesia romana.

893.0 1770.0 511.0 70.0 Mas viendo que no moría,

893.0 1818.0 485.0 65.0 anda ideando mil trazas

896.0 1870.0 465.0 57.0 por donde poder quitar

893.0 1911.0 557.0 52.0 la vida á aquesta cristiana.

893.0 1955.0 535.0 58.0 Mandó trajesen dos potros

893.0 1998.0 544.0 61.0 y á sus colas la amarraran,

900.0 2044.0 528.0 58.0 y que por las calles fueran

891.0 2076.0 581.0 74.0 hasta que pedazos la hagan ;

891.0 2126.0 494.0 66.0 y por si acaso no muere,

893.0 2176.0 511.0 74.0 que la maten á pedradas .

824.0 197.0 109.0 98.0 -7—
