1753 2480
190.0 161.0 438.0 60.0 Tindrán mols acreedors

142.0 206.0 391.0 66.0 lo meu hareu y mullé

148.0 250.0 482.0 74.0 ¡ pobrets ! mes valdria que

144.0 312.0 443.0 72.0 aguesin pasat per borts.

192.0 359.0 510.0 60.0 Feume una caixa no obstan

144.0 403.0 488.0 70.0 de fusta blanca ó pintada ,

146.0 450.0 490.0 72.0 que trobareu gent honrada

152.0 498.0 422.0 78.0 y tonta , que us fiarán.

198.0 545.0 492.0 72.0 No obstant que sense dinés

150.0 601.0 459.0 64.0 me hagi atrapat la mort ,

152.0 651.0 441.0 66.0 ja vos deixaré un recort

152.0 692.0 459.0 74.0 fen testament del demés.

200.0 746.0 430.0 62.0 Deixo 'l mon embolicat

152.0 789.0 474.0 68.0 mes que tela de tranyina,

157.0 845.0 463.0 62.0 y desde Europa á la Xina

157.0 890.0 366.0 71.0 un atrós viscalabat.

202.0 930.0 496.0 74.0 Deixo la Espanya contenta

157.0 992.0 533.0 62.0 com aquell que ha ben dinat,

161.0 1035.0 374.0 72.0 y tenin ja net lo plat

159.0 1087.0 463.0 70.0 se pasa la ma pel ventra.

212.0 1126.0 449.0 70.0 Y vos deixo á Barcelona

161.0 1188.0 475.0 56.0 ab ganas de sé mol gran ,

161.0 1233.0 446.0 60.0 mes los que aixó veurán

165.0 1279.0 519.0 72.0 tindrán de viure una estona.

212.0 1328.0 484.0 62.0 Deixo lo ensanche del port

167.0 1370.0 506.0 76.0 y al seu corresponent moll ,

169.0 1417.0 527.0 73.0 per cuan torni á parlá 'l poll,

167.0 1473.0 378.0 70.0 la pusa y al burinot.

214.0 1514.0 486.0 77.0 Deixo un plan per no pujá

169.0 1564.0 488.0 74.0 lo llogué 'ls amos de casa ,

169.0 1624.0 469.0 58.0 ancara y aurá algun assa

173.0 1659.0 517.0 87.0 que 's pensa que 's logrará.

221.0 1711.0 442.0 72.0 Deixo la cuestió del gás

173.0 1767.0 461.0 59.0 enredada ab tal manera ,

175.0 1814.0 451.0 66.0 que si no tens llumanera

177.0 1866.0 467.0 62.0 mol poch lector y veurás.

223.0 1905.0 430.0 70.0 Deixo vellas vanitosas ,

177.0 1955.0 488.0 72.0 que pensan amagá 'ls anys

177.0 2012.0 505.0 65.0 ab mil putingas y enganys ,

183.0 2062.0 478.0 66.0 y sempre son llaganyosas.

227.0 2105.0 438.0 65.0 Pues pensa la vella rara

181.0 2157.0 532.0 72.0 que ab los ungüens de Paris ,

183.0 2207.0 389.0 60.0 as tapará si es presis

183.0 2252.0 416.0 79.0 las arrugas de la cara.

955.0 148.0 427.0 58.0 Y la que no du parruca

903.0 183.0 517.0 81.0 se pinta los blanchs cabells ,

907.0 243.0 480.0 62.0 que luego tornan vermells

905.0 291.0 502.0 66.0 á copia del such ques súca.

952.0 338.0 441.0 71.0 Deixo jovas presumidas

907.0 390.0 430.0 68.0 ab molt luxo y vanitat ,

913.0 442.0 381.0 68.0 y desota 'l mirinyach

911.0 481.0 492.0 72.0 an semblan pollas farsidas.

961.0 529.0 467.0 72.0 Altras que per uns vestits

913.0 578.0 463.0 73.0 an fan deu mil disbarats ,

915.0 634.0 356.0 68.0 y fan aná carregats

917.0 677.0 354.0 75.0 als infelisos marits.

963.0 717.0 475.0 76.0 Deixo marits mol prudens

919.0 775.0 453.0 66.0 que sabén lo de la dona ,

919.0 814.0 521.0 78.0 an diuen poch se men dona ;

921.0 872.0 484.0 74.0 an al mon tots som parens.

969.0 913.0 459.0 83.0 Deixo á tots los potecaris

921.0 973.0 453.0 64.0 inventán á dret y á tort ,

921.0 1014.0 507.0 68.0 remeis per curarne un mort

926.0 1068.0 506.0 76.0 y als malals fen comentaris.

971.0 1120.0 318.0 58.0 Ab oli de bacallá

928.0 1169.0 372.0 62.0 y babas de caragol ,

928.0 1204.0 438.0 73.0 al que estigui bó si vol ,

928.0 1264.0 415.0 69.0 al deixan sens respirá.

977.0 1308.0 453.0 66.0 Unturas per mal de cap ,

932.0 1357.0 486.0 77.0 putingas per la migranya ,

932.0 1403.0 498.0 72.0 enganyan per tota Espanya

932.0 1452.0 484.0 77.0 aquell que dells se ha fiat.

977.0 1494.0 480.0 74.0 Deixo tot l' any dú careta

934.0 1552.0 482.0 72.0 als coneguts y als amichs ,

938.0 1591.0 542.0 85.0 pues que tothom fa embolichs

940.0 1653.0 428.0 72.0 per pillarte una peseta.

986.0 1688.0 477.0 81.0 Deixo 'l mon sens bona fé,

938.0 1742.0 469.0 72.0 deixo á la trampa oberta ,

940.0 1791.0 567.0 79.0 deixo als que han de está alerta

942.0 1845.0 405.0 64.0 dormin ó prenen café.

988.0 1888.0 432.0 69.0 Deixo mol poca virtud ,

944.0 1946.0 350.0 64.0 deixo poca caritat ,

944.0 1981.0 478.0 77.0 deixo á tothom trampejat ,

944.0 2035.0 436.0 68.0 deixo la lley del embut.

992.0 2079.0 362.0 72.0 Deixo la prostitució

948.0 2134.0 366.0 75.0 pasejanse descarada

950.0 2178.0 397.0 78.0 y una casa nomenada

948.0 2236.0 337.0 111.0 casa de correcció.
