1753 2480
859 33 142 53 — 3 —

230 112 402 24 y á medida que se juntan

230 125 475 54 todo en pos de sí lo arrastran,

226 161 445 52 hasta que por fin rompiendo

224 199 396 49 por do estuvo la muralla

223 227 453 62 sin hallar dique á su embate,

223 271 441 54 cuanto por do quier alcanza

224 304 397 50 lo destruye y lo aniquila

224 334 437 61 y se emboca por la Rambla

223 373 315 48 en un caudaloso rio

221 413 404 47 en un santiamen trocada.

221 443 411 51 Por todas sus boca-calles

217 484 359 49 seintroduce fiera agua

219 516 430 51 é inundando va las tiendas

216 548 456 60 que á su paso abiertas halla.

216 585 420 57 Do quiera salvar procuran

214 625 374 44 de su horripilante saña

214 655 392 58 las mujeres y los niños,

214 694 392 48 cuyos gritos desgarraran

212 734 412 55 los mas duros corazones;

210 770 367 41 pero su clamor inflama

212 806 381 39 el ardor de los valientes

214 834 424 57 y bien reputados guardias

213 874 368 46 y de infinitos paisanos

209 914 393 49 que á porfía se afanaban

209 943 441 58 en salvar con riesgo propio

208 986 402 47 todos cuantos peligraran.

209 1016 412 49 ¡ Loor eterno á los bravos

206 1058 399 46 que su vida despreciaban

205 1087 448 53 por salvar la de los que eran

206 1127 383 46 arrastrados por el agua!

237 1158 396 47 Con tal furia la corriente

201 1191 409 54 calle del Cármen avanza,

201 1228 419 47 que en la reja de la iglesia

199 1263 469 62 de Belen ¡ oh Dios ! se agarra

199 1307 434 43 un muchacho , por salvarse

199 1340 465 58 del peligro en que se hallara.

198 1372 407 55 Desfallecidas sus fuerzas,

197 1412 355 42 sin aliento casi estaba;

197 1445 403 48 iba ya á soltar las manos

195 1481 419 49 cuando al peligro se lanza

195 1519 401 48 con ayuda de una cuerda

197 1550 442 59 bravo y valeroso un guardia

198 1591 336 48 y con mucha bizarría

195 1623 343 48 á aquel infelice salva.

194 1656 441 53 De S. José el gran mercado

191 1701 442 50 cual un lago, lleno de agua

192 1727 424 58 se vió en un solo momento,

197 1770 359 47 y flotando las barracas

191 1795 387 55 á merced de la corriente,

190 1840 446 53 todo cuanto hay en la plaza

191 1872 389 51 se desprende de su sitio.

187 1905 393 56 Allí descargando estaba,

188 1942 461 64 frente á la Vireina, un carro

194 1977 388 56 y el empuje de las aguas

186 2011 401 58 Rambla abajo lo llevaron.

186 2047 374 56 Del Hospital en la calle

184 2087 376 49 la corriente se adelanta

184 2128 361 48 con una rapidez suma,

186 2163 391 51 con una furia que pasma.

184 2196 383 66 Entra por la de S. Pablo

1037 133 365 26 aquella corriente brava

1036 136 401 65 inundando, turbia y roja,

1034 173 371 54 los sótanos de las casas

1037 217 365 47 do muchos industriales

1033 249 429 59 sus productos conservaban.

1030 285 366 49 Una niña de doce años

1033 321 405 52 y una mujer algo anciana

1030 360 374 54 salen para una escalera

1028 396 420 58 del miedo y pavor en alas;

1028 427 376 56 el pié les falta y se caen

1028 461 424 55 sin sentido dentro el agua:

1025 496 402 63 se aperciben los vecinos,

1025 534 369 50 á la calle se abalanzan,

1025 566 404 60 y las libran con su arrojo,

1022 607 411 48 con conducta tan humana

1022 639 430 56 de aquel peligro inminente

1019 673 406 66 de una suerte malhadada.

1018 716 344 44 A su paso la corriente

1018 749 364 57 mil objetos arrastraba:

1017 781 474 64 panes, frutas, cestos, piedras,

1017 819 421 62 troncos, pitas y alpargatas.

1014 852 413 61 En las calles transversales

1012 891 390 58 penetró tambien el agua

1012 925 373 57 y la confusion aumenta

1011 965 385 49 puesto se llevaba trazas

1011 996 477 69 de hallarse á la fin del mundo

1010 1031 375 51 tantas veces anunciada.

1008 1069 390 56 En la calle de Fernando

1007 1106 376 51 entró la corriente ufana,

1008 1140 423 60 y en aquellas ricas tiendas

1004 1172 389 59 que son de Barcino gala

1003 1208 435 60 produciendo en los vecinos

1001 1245 417 59 sustos, ayes, y la alarma

1003 1285 413 51 y el temor y los destrozos

1001 1321 448 59 que en todas partes causara.

1003 1350 328 55 En la de la Boquería

1000 1387 368 56 no quedó una sola casa

999 1423 441 65 que no sufriera quebrantos,

999 1457 350 58 ni familia no amagada

997 1493 386 62 de mirarse en la miseria

996 1536 366 55 sumida por la borrasca

996 1567 466 60 que do quier llevara el duelo:

996 1607 351 47 que tondo lo devastara.

996 1635 445 66 Aqui el mostrador flotando:

995 1682 358 48 alli sedas, hilos, lanas:

995 1712 372 57 en fin son incalculables

995 1744 380 60 los daños que acarreaba

993 1786 327 51 en aquella rica calle

993 1820 345 52 al comercio dedicada.

990 1851 356 59 Mientras esto sucedia

989 1887 429 61 por la parte de la Rambla,

988 1924 335 50 del Bogatell la riera,

988 1956 403 62 imitando á sus hermanas,

985 1995 391 56 salvó su cáuce ordinario

986 2032 405 52 y entró fiera, desbandada,

985 2068 453 60 por junto á la Puerta Nueva

983 2105 388 59 invadiendo bruscamente

982 2142 354 50 calle de Tantarantana,

982 2172 459 61 Puerta Nueva y demás calles

979 2211 477 96 que lindan con las nombradas.
