1085 1584
547 72 111 46 — 20—

209 124 785 35 se habia escapado, se creia en la necesidad de volverse á bordo,

210 149 787 40 dejando en la choza al hijo de Pedro Lemoige, para saber á

210 179 785 36 qué atenerse acerca del destino de la hermosa española y de

211 206 786 38 lo one habia pasado en las embarcaciones. Pero cuando llegó-

212 236 786 42 se á ellas, la tripulacion estaba sublevada: se habia descubier-

211 267 786 41 to que el tesoro habia sido sustraido aquella noche, y los pi-

211 296 785 42 ratas engañados reclamaban su parte, dando grandes gritos y

212 328 784 38 profiriendo no pocas amenazas. No sin grave peligro subieron

211 355 784 42 Ojenkan y Lemoige á la cubierta del bergantin Milano, y

211 384 784 39 cuando el primero estuvo en la proa manifestó rudamente que

211 416 785 38 el tesoro estaba en su poder y lo tenia escondido; que el repar-

212 445 785 37 to no se podia hacer, por cuanto á él y á Pedro Lemoige cor-

211 477 781 37 respondia la primera presa; pero que si prometian acallarse,

212 502 784 41 él les daria una participacion de la misma, y que de las demás

212 532 784 42 que se hiciesen ellos alcanzarian á proporcion lo que les cor-

214 564 169 39 respondiera.

255 588 741 41 Pero se hallaban tan sobreexcitados los ánimos que era im-

214 621 782 40 posible entenderse, y pasóse el dia en disputas y conferen-

214 657 779 35 cias, hasta que, sobreviniendo la noche, todos se calmaron,

213 682 783 39 conviniendo por fin en que se les diera la sexta parte del te-

214 711 779 41 soro, y que tanto Ojenkan como Lemoige tomarian el resto,

221 740 310 41 pártiéndolo por mitad.

237 770 756 37 —Pues entonces mañana mismo haremos las partes,—dijo

214 799 780 39 el pirata principal,—yendo al sitio donde estaba escondido el

214 828 80 43 tesoro.

253 857 738 44 Acallada la gente con esta promesa, serenóse al punto,

213 890 781 40 mientras él principió á hacer averiguaciones sobre el paradero

211 920 782 40 de Rosaura, cuya ausencia lo tenia inquieto, y así pasó las

212 953 780 36 primeras horas de la nocbe, quedándose al fin dormido á causa

212 982 780 36 de las fatigas del dia. Pero serian las cinco de la mañana

211 1007 779 44 cuando vieron venir nadando al hijo de Pedro Lemoige, que,

210 1038 781 39 como dejamos dicho, habia quedado de centinela y de guardian

210 1072 781 34 en la choza donde estaba oculto el tesoro. Bastó la presencia de

210 1099 781 40 aquel jóven para comprender que ocurria algo de extraordina-

212 1129 778 40 rio, y tanto Juan Ojenkan como el tabernero y todos los la-

211 1159 781 42 drones de mar, se precipitaron sobre cubierta atraidos por la

210 1187 144 37 novedad.

216 1215 778 42 Cuando el hijo de Pedro se encontró sobre la cubierta del

210 1246 782 43 bergantin Milano refirió en breves y elocuentes razones que

209 1280 783 39 acababan de entrar en el bosque donde estaba oculto el tesoro

209 1307 781 51 unos cien soldados al mando de un jefe español, y que eviden-
