1860 2629
129.0 1382.0 1472.0 101.0 D. JACINTO DEL CASTILLO

454.0 1472.0 818.0 92.0 Y DONA LEONOR DE LA ROSA

125.0 1537.0 1469.0 64.0 Relación de la horrorosa muerte que sufrieron estos dos fieles amantes en

125.0 1583.0 1460.0 82.0 Argelia, por ser firmes en sus promesas de amor y en la fé de Jesucristo.

587.0 1636.0 544.0 90.0 SEGUNDA PARTE

164.0 1706.0 496.0 68.0 Ya dije en la primera parte,

120.0 1752.0 434.0 53.0 como van por el camino

118.0 1792.0 439.0 57.0 don Jacinto con Leonor,

118.0 1835.0 465.0 57.0 ambos del amor rendidos.

120.0 1873.0 353.0 57.0 Apenas el claro día,

118.0 1919.0 412.0 52.0 daba luz á los nacidos,

120.0 1960.0 434.0 53.0 del camino se apartaron,

120.0 2000.0 483.0 57.0 y entre unos ásperos riscos,

120.0 2041.0 412.0 51.0 en una espesa montaña

118.0 2081.0 430.0 50.0 se quedaron escondidos.

116.0 2111.0 531.0 66.0 Pidió Leonor, que en merced,

114.0 2155.0 388.0 59.0 le conceda D. Jacinto

109.0 2193.0 382.0 59.0 guardase la castidad,

114.0 2236.0 440.0 59.0 hasta que el cielo divino

109.0 2276.0 397.0 57.0 les eche su bendición,

109.0 2320.0 419.0 103.0 esto, Señor, os suplico;

929.0 1702.0 503.0 70.0 porque quiero que me goces

929.0 1757.0 387.0 50.0 no galán sino marido.

936.0 1789.0 454.0 60.0 Y como hombre discreto:

929.0 1840.0 406.0 50.0 accedió á tal demanda

927.0 1877.0 476.0 53.0 (que los generosos pechos

929.0 1914.0 498.0 57.0 saben vencerse á sí mismos).

929.0 1956.0 481.0 57.0 Llegó la noche, y caminan,

929.0 1998.0 411.0 50.0 y de la suerte que digo

927.0 2035.0 402.0 59.0 llegaron hasta Bayona

923.0 2081.0 559.0 52.0 que es puerto de mar muy rico,

929.0 2122.0 468.0 49.0 á tiempo que un mercader

925.0 2160.0 320.0 54.0 salía con su navío

921.0 2190.0 427.0 62.0 á la ciudad de Venecia,

927.0 2239.0 478.0 61.0 con que ajustó don Jacinto

929.0 2285.0 430.0 48.0 el viaje y se embarcaron

921.0 2320.0 430.0 100.0 con contento y regocijo
