2148 3034
856 168 497 100 HISTORIA

1020 281 210 66 DEL INFANTE

529 343 1151 164 DON PEDRO DE PORTUGAL.

849 544 504 84 CAPITULO PRIMERO.

424 625 1359 101 Cómo el infante D. Pedro de Portugal se partió de la villa de

477 701 1303 77 Barcelós á tomar la bendicion de su padre, con designio de ver

477 743 1303 98 todas las parte del mundo, y de cómo dió principio á su jornada.

475 856 1312 77 El infante D. Pedro fué hijo del rey D. Pedro de Portugal, pri-

429 900 1354 82 mero de este nombre. Deseaba con ánsia recorrer el mundo y ver

429 943 1359 86 cuanto en él habia. Dominado únicamente por tan irresistible de-

431 992 1354 86 seo, determinó, pues, emprender este viaje, pero no quiso hacerlo

433 1039 1347 90 sin recibir antes la bendicion paternal. Hizo prevenir lo necesario,

433 1088 1354 80 eligiendo doce de sus mejores criados que le acompañasen en tan

431 1137 1356 79 dilatada como arriesgada expedicion. Salió de la villa de Barce-

436 1183 1352 91 lós, donde residia, dirigiéndose á la córte, y habiéndose presen-

440 1235 1348 86 tado á su padre y manifestado el designio que le conducia, le

440 1282 1347 88 pidió su beneplácito y bendicion para emprender aquella jornada.

440 1334 1350 80 Mucho lo sintió el rey por ver se iba á exponer á un viaje tan

440 1378 1350 85 largo y peligroso; pero no pudo ménos de condescender á los rue-

441 1425 1354 97 gos é instancias que le hizo su hijo; y despues de haberle prodi-

441 1478 1349 86 gado los sábios y saludables consejos que le dictó su prudencia,

440 1530 1352 78 dispuso que le entregaran veinte mil doblas de oro y una porcion

441 1574 1300 77 de joyas de inestimable valor, despidiéndole con su bendicion.

514 1618 1274 84 Partió en seguida el infante para Valladolid á despedirse de

445 1677 1345 74 su primo el rey D. Juan I de Castilla, quien apenas supo de su

446 1717 1342 83 llegada salió á recibirle; y enterado de la intencion que llevaba,

448 1768 1347 81 mandó darle cien mil escudos de oro y un faraute ó intérprete

445 1820 1352 77 de lenguas que le acompañase en su jornada, llamado García

446 1869 1354 86 Ramirez, despues de lo cual se despidieron afectuosamente, y el

446 1923 929 89 infante dió principio á su deseada empresa.

595 1983 1055 91 Aquí principia la relacion de Gomes Santistéban.

520 2046 1277 92 Salimos de Valladolid todos juntos con direccion á Lisboa,

450 2110 1354 82 donde permanecimos cinco dias aguardando viento favorable para

453 2160 1349 88 dar á la vela con una fragata maltesa, donde debiamos embar-

453 2206 1351 82 carnos, cuyo viaje hacía á la ciudad de Venecia. En efecto, dimos

455 2255 1347 113 la vela para aquel puerto, al que arribamos con toda felicidad,
