1170 1580
526 68 87 42 —9—

170 115 800 33 No tuvo para sus Estados el mejor éxito haber nacido hembra;

146 136 826 42 pero sin embargo, como eran queridos los padres, fué apreciada la

145 165 832 41 hija. Dos años despues, el año de 1500, marcharon á Gante, donde

145 200 826 35 el dia 24 de Febrero tuvieron un hijo, al cual nominaron Cárlos, des

148 226 828 39 pues conocido en todo el universo por su fama y poderío. Grande

148 254 829 42 era el alborozo que se veia pintado en los semblantes de los habi-

148 284 831 40 tantes de aquellos Estados, esforzándose cada cual á expresar la alegría

148 314 830 37 que esperimentaba por el heredero príncipe. Innumerables tambien fue-

146 344 831 41 ron las fiestas que con tan solemne motivo se ejecutaron, y seria por lo

149 373 826 41 tanto causa de elevar el extracto de esta historia á nua inmensa altura.

180 402 794 40 Empezaba por esta época ya doña Juana á sumirse en desespe-

147 431 830 41 racion, porque desde que la fortuna parecia inclinar todo el favor al re-

147 461 829 46 cien nacido, empezaba á desvanecerse como por ensalmo la felicidad

153 492 427 39 de la madre del emperador Cárlos V.

180 516 798 43 La desgracia vino á arrebatar la vida en el mismo año de 1500, á fi-

148 553 831 37 nes de Julio, al infante don Miguel, hijo lel rey don Juan de Portugal

148 581 829 39 último vástago en línea masculina de los reyes Católicos don Fernando

151 610 828 36 y doña Isabel, recayendo por consecuencia la Corona de España en la

149 638 421 39 madre de doña Leonor y D. Cárlos.

181 660 798 48 Don Fernando y doña Isabel llamaron inmediatamente á don Juan

147 696 833 42 de Fonseca, obispo de Córdoba, y le intimaron la órden de pasar

148 726 830 41 cuanto antes á Flandes para hacer sabedores á los archiduques de

150 756 830 37 este suceso, para que los felicitase en sus reales nombres, y los hi-

147 786 830 39 ciese conocer la imperiosa necesidad que tenian de preparar su viaje

150 817 829 39 á España, pues ya los aguardaban con impaciencia para ser jurados

147 843 828 43 como príncipes de esta gran nacion, de que el Cielo se habia dig-

148 876 832 40 nado dejar por únicos herederos. Pocos dias trascurrieron sin que

151 903 830 40 don Juan de Fonseca cumpliera su cometido; pero el hallarse en cinta

148 935 832 38 doña Juana y las muchas y delicadas ocupaciones que en este tiem-

149 963 832 40 no llegó á tener Felipe el Hermoso en aquellos Estados, fueron causa

150 992 831 36 de que no se pudiera verificar el proyectado viaje hasta finalizado

150 1020 831 40 ya el año 1501, en el cual nació su tercer hijo, (doña Isabel.) Eran

149 1051 832 40 tan contínuas las instancias que dirigia don Fernando desde su cór-

149 1081 831 35 te, que se vieron obligados los archiduques á ponerse en camino, aun

147 1113 833 38 sin hallarse completamente restablecida doña Juana de la indisposicion

148 1141 831 44 de su parto; de modo que resolvieron hacerlo por tierra, atravesando

151 1170 271 34 os Estados franceses.

185 1193 794 45 Los soberanos de esta nacion los recibieron con la mayor afabilidad,

150 1228 832 43 prodigándoles incesantes muestras de cariño, y tratándolos con ell

149 1259 575 48 decoro y respeto debidos á tan poderosos señores.
