1158 1600
517 88 111 40 —25—

214 139 759 29 Preguntándole por qué haca tales demostraciones, nos contesto: «Se.

171 161 802 36 ñores, no puedo menos de anunciaros que nos hallamos en el sitio ma:

171 192 799 38 peligroso del mar; el buque arrebatado por una rapidísima corriente, nos

170 219 796 37 conduce sin remedio á perecer antes de un cuarto de hora.» Mandó in

171 250 797 34 mediatamente recojer velas y las cuerdas se rompieron en la maniobra

174 280 798 40 Vimos entonces con horror que se precipitaba el buque hácia un monte,

171 309 802 41 y prontamente se estrelló contra las peñas, salvando nuestras vidas antes

170 343 803 39 que se sumergiera completamente, y desembarcando con los viveres y las

169 372 295 32 mercancias de mas valor.

213 397 759 41 En cuanto estuvimos en tierra, nos dijo el capitan: La mano de Dios

168 431 801 33 nos ha conducido á donde ha sido su voluntad Ocupémonos sin tardanza

169 461 803 37 en darnos el último adios y dispongamos nuestras sepulturas; pues el sitio

168 490 803 35 en que nos hallamos es tal, que no hay ejemplar de haber salido de él nin-

168 519 804 39 guna persona que le ha pisado. Desgarrados nuestros corazones, todos nos

168 549 803 41 abrazamos y principiamos á lamentar nuestra desgracia. Volvimos la vista

168 581 802 39 por todas partes, y vimos todo el suelo cubierto de los despojos de mu-

168 610 803 38 chas embarcaciones que habian naufragado antes que la nuestra, y multi-

168 640 802 36 tud de huesos humanos, que indicaban haber perecido allí muchis mas

168 670 801 39 gentes. Sabido es, señores, que los rios corren siempre á desembocar al

167 703 802 36 mar; pues bien, allí sucedia lo contrario con un rio caudaloso que, salien-

168 731 802 39 de por entre unas peñas, corria con rapidez alejándose del mar, y se ocul-

167 760 802 39 taba en lo interior de una cueva. Todo el monte se formaba de cristal, ru-

168 790 800 40 bíes y piedras preciosas. Las orillas del rio en vez de arenas eran forma-

166 820 801 41 das por un preciosísimo ámbar gris, el cual era despedido allí por las

167 851 798 38 aguas de un manantial cuya corriente, siendo de una especie de resina,

166 879 800 41 los muchos peces que contiene, despues de tragarla volvian á echarla con-

168 909 237 38 vertida en el ámbar.

209 937 757 44 A la cumbre del monte no era posible subir, por lo resbaladizo y lo

165 971 801 40 erizado de sus puntas: el alejarnos de aquel sitio, tampoco podia ser por

166 1001 799 35 estar cercado de precipicios; conque no tuvimos mas remedio que per-

164 1032 801 38 manecer en la playa, esperando un dia y otro nuestra muerte desastrada.

165 1060 800 40 Repartimos en comun los viveres que teniamos, y así pudimos vivir mu-

165 1095 800 36 chos dias, pero ya los alimentos fueron faltando y principiaron á morirse

165 1121 800 36 los compañeros mas débiles. Fuímoslos dando sepultura, y yo sobre vi-

164 1149 801 41 ví á todos los demas; lo cual fué debido á que supe economizar mejor

164 1181 799 40 que otros las provisiones que me habian tocado y además tenia otras

163 1212 800 39 que habia podido ocultar. Llegó por fin el dia en que tambien yo veia el

163 1242 800 37 término de mis víveres, los cuales por mucho que los estirase, anuncia-

162 1271 800 37 ban ser corta mi existencia. Con ánimo de tenderme yo mismo en mi

163 1300 799 41 sepultura el dia que se me concluyese el alimento, abrí en la tierra una

162 1331 800 41 huesa; pero Dios que tenia piedad de mí, hizo que dirijiese mis pasos

163 1360 797 38 como maquinalmente hácia el rio que se ocultaba en la cueva. Largo rato

161 1390 797 49 estuve meditando allí á la orilla, y concluí por decir entre mí: precisa-

818 1423 21 38 4
