1753 2480
63 219 471 60 En que esta tierra fué patria

60 268 425 51 de aquellos que cultivaron

60 312 426 58 con su sangre los laureles

60 358 419 55 de Covadonga y Lepanto.

62 399 489 55 De las cumbres de la historia,

60 451 510 53 tiempo es ya que descendamos,

60 491 510 60 pues no hay varones que sigan

59 537 515 58 nuestro ejemplo y nuestro paso.

60 581 484 50 Cese el vigor, cese el númen,

60 631 358 52 y sentémonos un rato

60 669 407 58 para limpiar la trompeta

62 713 435 55 y dar al pulmon descanso.

60 756 434 51 Si entre col y col lechuga,

60 800 460 52 nos dice un antiguo adagio,

62 844 508 63 yo, que encuentro por antiguas

62 899 438 50 hasta en las canas agrado,

62 936 384 57 voy á probar si ciñendo

62 980 380 54 á la máxima mi canto,

62 1023 453 59 entre Granada y Cervantes

62 1070 476 55 hago un sitio para el Rastro.

68 1121 443 43 Volaré como sobre áscuas

64 1157 439 54 sobre estas cosas de fango,

64 1212 426 48 con una pluma que tengo

64 1252 432 54 que para volar ya es algo.

64 1295 440 53 La moral quedará intacta,

64 1347 390 45 pues yo juro respetaros

64 1381 414 56 hasta aquel sesto sentido

60 1428 459 55 que teneis, sin sospecharlo.

63 1472 442 53 Descubrimiento asombroso

62 1516 504 53 con que ahora salen los sábios,

62 1559 482 54 cuando de los cinco antiguos

59 1605 478 59 no quedaba mas que el tacto.

323 1694 49 28 II

92 1731 420 65 Famosa córte de España,

59 1784 453 58 reina que corona un charco

62 1828 427 58 y das tu suelo en tributo

59 1877 438 54 á hijos infieles y estraños.

57 1916 446 62 En busca de tus grandezas

59 1959 464 64 he perdido un tiempo largo;

57 2001 497 68 ó eres mezquina y las guardas,

56 2055 356 54 ó todas te las robaron.

56 2096 469 56 La luz que dicen que tienes

56 2147 357 46 es de rojos fogonazos,

59 2185 449 59 y lo que se oye es mentira,

59 2232 475 57 y lo que se ve es muy malo.

57 2273 472 63 ¡Oh: si aun Quevedo viviese

57 2320 412 52 ó el latino del Beatus.....

59 2354 528 69 que hallaban ruines los tiempos

59 2404 474 69 de Augusto y Felipe Cuarto!

799 210 408 54 En vez de sátiras vanas,

800 261 477 51 yo quiero ver si han logrado

799 308 514 51 su intencion los que pretenden

797 351 400 54 no dejar de tí ni rastro.

800 388 529 68 Mas no, que el Madrid moderno

797 440 491 46 conserva en un lugar clásico,

800 484 394 50 aquella lengua de tierra

799 526 482 59 que le une con el de antaño.

803 571 464 50 Y allí abandonan sus restos

797 615 401 57 convertidos en harapos,

799 662 401 54 para pasar á la historia,

799 706 393 57 los sucesos y los años,

800 749 386 48 así como á la otra vida

800 792 423 55 pasa el espíritu humano,

799 836 457 59 por las sendas del sepulcro

800 883 432 52 sus despojos derramando.

804 934 407 49 Venid á ese cementerio,

800 975 390 52 á ese químico milagro,

800 1018 445 48 mas trasformador de cosas

802 1054 512 56 que el Dios que las ha creado.

803 1103 513 59 ¿Cual fué su orígen? se ignora;

804 1151 430 46 la muerte debió fundarlo,

804 1190 528 62 y aun sigue viviendo á espensas

803 1238 393 57 de la vejez y el trabajo.

806 1285 470 50 De antiguo creyése infierno,

802 1325 519 61 gruta de hombres sin decálogo,

803 1375 426 45 agencia de obras torcidas,

804 1417 407 55 y tierra de picos pardos.

803 1461 356 58 Nadie por allí pasaba

803 1507 462 52 sin el credo entre los lábios,

803 1552 409 55 pues aun el credo corria

803 1596 407 55 riesgo de ser desnudado.

804 1640 440 58 Majas, chisperos, rufianes,

800 1682 558 65 eran, por el tiempo en que hablo,

802 1733 417 45 amen de alguna taberna,

803 1775 393 53 la sociedad del cotarro.

807 1817 448 60 Y los sabuesos de entónces

802 1862 344 51 traidos por el olfato,

802 1912 423 45 de allí dicen que sacaban

802 1950 449 54 caza abundante al juzgado.

804 1997 447 57 Unos sí y otros no, opinan

802 2037 456 64 que por rastrero fué rastro,

802 2084 479 55 estos son hondos problemas,

803 2128 543 65 y..... ¿para que estan los sábios?

803 2179 499 51 A él venid, á ver si encuentro

800 2220 390 58 las banderas de Pelayo,

800 2274 356 50 aquella que soberana

800 2310 509 55 sobre el mar saludó Byron (1).

764 2397 287 59 (1) Léase Bairon
