<?xml version="1.0" encoding="UTF-8"?>
<alto xmlns:xsi="http://www.w3.org/2001/XMLSchema-instance"
      xmlns="http://www.loc.gov/standards/alto/ns-v4#"
      xsi:schemaLocation="http://www.loc.gov/standards/alto/ns-v4# http://www.loc.gov/standards/alto/v4/alto-4-2.xsd">
  <Description>
    <MeasurementUnit>pixel</MeasurementUnit>
    <sourceImageInformation>
      <fileName>Varios_223_4.jpg</fileName>
      
    </sourceImageInformation>
  </Description>
  
  <Tags>
    <OtherTag ID="BT714" LABEL="CustomZone:impresorNum" DESCRIPTION="block type CustomZone:impresorNum"/><OtherTag ID="BT715" LABEL="CustomZone:numero_pliego" DESCRIPTION="block type CustomZone:numero_pliego"/><OtherTag ID="BT716" LABEL="CustomZone:title" DESCRIPTION="block type CustomZone:title"/><OtherTag ID="BT717" LABEL="GraphicZone:illustration" DESCRIPTION="block type GraphicZone:illustration"/><OtherTag ID="BT718" LABEL="GraphicZone:ornamentation" DESCRIPTION="block type GraphicZone:ornamentation"/><OtherTag ID="BT719" LABEL="MainZone" DESCRIPTION="block type MainZone"/><OtherTag ID="BT720" LABEL="MainZone:columns" DESCRIPTION="block type MainZone:columns"/><OtherTag ID="BT721" LABEL="MarginTextZone:colophon" DESCRIPTION="block type MarginTextZone:colophon"/><OtherTag ID="BT722" LABEL="MarginTextZone:note" DESCRIPTION="block type MarginTextZone:note"/><OtherTag ID="BT723" LABEL="MusicZone" DESCRIPTION="block type MusicZone"/><OtherTag ID="BT724" LABEL="NumberingZone:page" DESCRIPTION="block type NumberingZone:page"/><OtherTag ID="BT725" LABEL="QuireMarksZone:catchwords" DESCRIPTION="block type QuireMarksZone:catchwords"/><OtherTag ID="BT726" LABEL="QuireMarksZone:signature" DESCRIPTION="block type QuireMarksZone:signature"/><OtherTag ID="BT727" LABEL="RunningTitleZone" DESCRIPTION="block type RunningTitleZone"/>
    <OtherTag ID="LT242" LABEL="CustomLine:propriedad" DESCRIPTION="line type CustomLine:propriedad"/><OtherTag ID="LT243" LABEL="CustomLine:trailer" DESCRIPTION="line type CustomLine:trailer"/><OtherTag ID="LT244" LABEL="DefaultLine" DESCRIPTION="line type DefaultLine"/><OtherTag ID="LT245" LABEL="HeadingLine" DESCRIPTION="line type HeadingLine"/>
  </Tags>
  
  <Layout>
    <Page WIDTH="1860"
          HEIGHT="2629"
          PHYSICAL_IMG_NR="53"
          ID="eSc_dummypage_">
      <PrintSpace HPOS="0"
                  VPOS="0"
                  WIDTH="1860"
                  HEIGHT="2629">
        
        <TextBlock HPOS="253.0"
                   VPOS="283.0"
                   WIDTH="1206.0"
                   HEIGHT="200.0"
                   ID="block_0"
                   TAGREFS="BT716">
          <Shape><Polygon POINTS="1459 283 1459 483 253 483 253 283"/></Shape>
          
          
          <TextLine ID="eSc_line_e91ff17a"
                    TAGREFS="LT244"
                    BASELINE="276 436 1442 436" 
                    HPOS="274"
                    VPOS="293"
                    WIDTH="1167"
                    HEIGHT="169">
            <Shape><Polygon POINTS="274 435 274 460 372 444 410 460 412 460 414 460 416 460 418 460 421 460 440 444 554 455 557 455 559 455 576 446 598 457 603 460 605 460 607 462 671 462 671 460 673 460 675 460 677 457 699 444 857 444 866 455 870 457 870 460 872 460 875 460 877 460 905 455 954 444 967 455 971 457 971 460 973 460 976 460 978 460 1017 453 1074 444 1171 444 1182 453 1188 457 1188 460 1191 460 1193 460 1195 460 1197 460 1199 460 1208 451 1219 444 1254 451 1300 460 1302 460 1441 449 1441 435 1436 293 1366 322 1322 295 1320 293 1318 293 1316 293 1313 293 1252 297 1188 304 1186 304 1184 304 1184 306 1173 317 1140 304 1138 304 1136 304 1133 304 1092 324 1061 324 1035 304 1030 300 1028 300 1026 300 1024 300 1022 300 1008 304 967 317 943 306 932 300 930 300 927 300 925 300 908 306 868 322 783 311 780 311 664 322 640 313 583 293 581 293 372 293 370 293 368 293 366 293 324 322 322 324 274 324 274 435"/></Shape>
	    <String CONTENT="el niñó de las monjas"
                    HPOS="274"
                    VPOS="293"
                    WIDTH="1167"
                    HEIGHT="169"></String>
          </TextLine>

          
        </TextBlock>
        
        <TextBlock HPOS="496.0"
                   VPOS="505.0"
                   WIDTH="733.0"
                   HEIGHT="196.0"
                   ID="eSc_textblock_0617ab6f"
                   TAGREFS="BT716">
          <Shape><Polygon POINTS="496 505 496 701 1229 701 1229 505"/></Shape>
          
          
          <TextLine ID="eSc_line_1836f5e6"
                    TAGREFS="LT245"
                    BASELINE="539 593 1195 591" 
                    HPOS="535"
                    VPOS="510"
                    WIDTH="658"
                    HEIGHT="114">
            <Shape><Polygon POINTS="537 591 537 604 686 598 708 611 721 620 723 620 726 620 728 620 730 620 732 620 732 617 739 611 754 598 857 598 919 604 930 617 934 620 934 622 936 622 938 622 1188 624 1193 589 1182 512 1151 532 1107 514 1092 510 1090 510 1015 510 1013 510 1011 510 987 519 962 527 921 521 840 510 837 510 835 510 791 525 785 530 697 532 690 530 675 519 673 519 671 519 668 519 535 534 537 591"/></Shape>
	    <String CONTENT="Creación de Rosarillode Triana"
                    HPOS="535"
                    VPOS="510"
                    WIDTH="658"
                    HEIGHT="114"></String>
          </TextLine>

          
          
          <TextLine ID="eSc_line_f68bb560"
                    TAGREFS="LT245"
                    BASELINE="486 683 1215 673" 
                    HPOS="482"
                    VPOS="604"
                    WIDTH="730"
                    HEIGHT="97">
            <Shape><Polygon POINTS="484 681 484 687 526 696 528 696 530 696 546 690 554 685 561 690 576 701 579 701 581 701 583 701 585 701 587 701 587 698 598 690 603 685 611 690 627 698 629 698 631 698 671 692 701 685 732 692 769 701 772 701 774 701 789 694 802 685 815 694 826 701 829 701 831 701 833 701 835 701 848 694 875 681 1057 681 1116 698 1125 701 1127 701 1129 701 1212 698 1212 672 1204 604 1175 620 969 611 868 609 866 609 864 609 862 609 855 615 848 620 831 615 800 611 798 611 796 611 794 611 794 613 787 617 780 624 752 620 706 611 704 611 701 611 664 622 647 626 616 624 532 613 530 613 528 613 482 624 484 681"/></Shape>
	    <String CONTENT="Letra y mûsica de Villojos y Soriana"
                    HPOS="482"
                    VPOS="604"
                    WIDTH="730"
                    HEIGHT="97"></String>
          </TextLine>

          
        </TextBlock>
        
        <TextBlock HPOS="69.0"
                   VPOS="1672.0"
                   WIDTH="709.0"
                   HEIGHT="740.0"
                   ID="block_2"
                   TAGREFS="BT720">
          <Shape><Polygon POINTS="778 1672 778 2412 69 2412 69 1672"/></Shape>
          
          
          <TextLine ID="eSc_line_a850fa68"
                    TAGREFS="LT244"
                    BASELINE="103 1721 611 1721" 
                    HPOS="103.0"
                    VPOS="1682.0"
                    WIDTH="508.0"
                    HEIGHT="59.0">
            <Shape><Polygon POINTS="475 1684 454 1684 432 1684 410 1684 388 1684 366 1684 344 1686 322 1686 300 1686 278 1686 256 1686 234 1686 212 1689 190 1689 168 1689 146 1689 125 1689 103 1689 103 1721 103 1741 611 1741 611 1721 609 1682 486 1682 475 1684"/></Shape>
	    <String CONTENT="Se hizo mayor el chiquillo"
                    HPOS="103.0"
                    VPOS="1682.0"
                    WIDTH="508.0"
                    HEIGHT="59.0"></String>
          </TextLine>

          
          
          <TextLine ID="eSc_line_d6c04965"
                    TAGREFS="LT244"
                    BASELINE="103 1770 697 1765" 
                    HPOS="100.0"
                    VPOS="1726.0"
                    WIDTH="597.0"
                    HEIGHT="57.0">
            <Shape><Polygon POINTS="684 1726 100 1726 103 1770 103 1783 697 1781 697 1765 690 1728 684 1726"/></Shape>
	    <String CONTENT="y del Convento por fin se cansó"
                    HPOS="100.0"
                    VPOS="1726.0"
                    WIDTH="597.0"
                    HEIGHT="57.0"></String>
          </TextLine>

          
          
          <TextLine ID="eSc_line_d827fbdf"
                    TAGREFS="LT244"
                    BASELINE="100 1814 607 1809" 
                    HPOS="98.0"
                    VPOS="1772.0"
                    WIDTH="509.0"
                    HEIGHT="61.0">
            <Shape><Polygon POINTS="100 1814 100 1833 607 1822 607 1809 600 1772 98 1774 100 1814"/></Shape>
	    <String CONTENT="llorando dejó a las monjas"
                    HPOS="98.0"
                    VPOS="1772.0"
                    WIDTH="509.0"
                    HEIGHT="61.0"></String>
          </TextLine>

          
          
          <TextLine ID="eSc_line_914070eb"
                    TAGREFS="LT244"
                    BASELINE="103 1857 511 1857" 
                    HPOS="103.0"
                    VPOS="1818.0"
                    WIDTH="408.0"
                    HEIGHT="59.0">
            <Shape><Polygon POINTS="103 1857 103 1870 508 1877 511 1857 508 1818 103 1822 103 1857"/></Shape>
	    <String CONTENT="el día que se marchó"
                    HPOS="103.0"
                    VPOS="1818.0"
                    WIDTH="408.0"
                    HEIGHT="59.0"></String>
          </TextLine>

          
          
          <TextLine ID="eSc_line_8f1ef1d6"
                    TAGREFS="LT244"
                    BASELINE="103 1897 502 1901" 
                    HPOS="100.0"
                    VPOS="1860.0"
                    WIDTH="402.0"
                    HEIGHT="59.0">
            <Shape><Polygon POINTS="300 1860 278 1860 256 1860 234 1860 212 1860 190 1860 168 1860 146 1860 125 1860 103 1860 103 1897 100 1919 500 1916 502 1901 500 1866 300 1860 300 1860"/></Shape>
	    <String CONTENT="Fue torerillo famoso"
                    HPOS="100.0"
                    VPOS="1860.0"
                    WIDTH="402.0"
                    HEIGHT="59.0"></String>
          </TextLine>

          
          
          <TextLine ID="eSc_line_5b0f823d"
                    TAGREFS="LT244"
                    BASELINE="98 1947 765 1943" 
                    HPOS="96.0"
                    VPOS="1903.0"
                    WIDTH="669.0"
                    HEIGHT="64.0">
            <Shape><Polygon POINTS="754 1921 734 1910 122 1903 120 1903 118 1903 96 1912 98 1947 98 1967 765 1962 765 1943 761 1923 754 1921"/></Shape>
	    <String CONTENT="supo triunfar por valiente en la lid"
                    HPOS="96.0"
                    VPOS="1903.0"
                    WIDTH="669.0"
                    HEIGHT="64.0"></String>
          </TextLine>

          
          
          <TextLine ID="eSc_line_cdfbf245"
                    TAGREFS="LT244"
                    BASELINE="105 1993 638 1989" 
                    HPOS="103.0"
                    VPOS="1954.0"
                    WIDTH="535.0"
                    HEIGHT="59.0">
            <Shape><Polygon POINTS="105 1993 105 2008 636 2013 638 1989 633 1954 103 1954 105 1993"/></Shape>
	    <String CONTENT="y un día volvió al Convento"
                    HPOS="103.0"
                    VPOS="1954.0"
                    WIDTH="535.0"
                    HEIGHT="59.0"></String>
          </TextLine>

          
          
          <TextLine ID="eSc_line_3d681641"
                    TAGREFS="LT244"
                    BASELINE="107 2037 491 2033" 
                    HPOS="105.0"
                    VPOS="2002.0"
                    WIDTH="386.0"
                    HEIGHT="53.0">
            <Shape><Polygon POINTS="107 2037 107 2055 489 2052 491 2033 484 2002 105 2004 107 2037"/></Shape>
	    <String CONTENT="y se le oyô decir así:"
                    HPOS="105.0"
                    VPOS="2002.0"
                    WIDTH="386.0"
                    HEIGHT="53.0"></String>
          </TextLine>

          
          
          <TextLine ID="eSc_line_5714ec6e"
                    TAGREFS="LT244"
                    BASELINE="107 2081 515 2081" 
                    HPOS="107.0"
                    VPOS="2039.0"
                    WIDTH="408.0"
                    HEIGHT="72.0">
            <Shape><Polygon POINTS="107 2081 107 2092 219 2111 221 2111 223 2111 256 2101 269 2096 291 2103 320 2109 322 2109 324 2109 326 2109 339 2105 368 2094 513 2111 515 2081 515 2046 107 2039 107 2081"/></Shape>
	    <String CONTENT="Ya soy por fin torero"
                    HPOS="107.0"
                    VPOS="2039.0"
                    WIDTH="408.0"
                    HEIGHT="72.0"></String>
          </TextLine>

          
          
          <TextLine ID="eSc_line_422106ab"
                    TAGREFS="LT244"
                    BASELINE="103 2125 410 2122" 
                    HPOS="100.0"
                    VPOS="2081.0"
                    WIDTH="310.0"
                    HEIGHT="59.0">
            <Shape><Polygon POINTS="364 2083 346 2083 335 2087 331 2090 157 2083 144 2083 122 2083 120 2081 100 2081 103 2125 103 2140 407 2138 410 2122 407 2092 379 2083 364 2083"/></Shape>
	    <String CONTENT="torero de postin"
                    HPOS="100.0"
                    VPOS="2081.0"
                    WIDTH="310.0"
                    HEIGHT="59.0"></String>
          </TextLine>

          
          
          <TextLine ID="eSc_line_bd8fa62e"
                    TAGREFS="LT244"
                    BASELINE="105 2168 611 2168" 
                    HPOS="105.0"
                    VPOS="2118.0"
                    WIDTH="506.0"
                    HEIGHT="70.0">
            <Shape><Polygon POINTS="105 2125 105 2168 105 2188 611 2184 611 2168 611 2122 576 2118 574 2118 572 2118 565 2122 543 2133 447 2122 414 2118 412 2118 410 2118 401 2122 372 2136 146 2136 114 2125 105 2125"/></Shape>
	    <String CONTENT="y vengo a besar las manos"
                    HPOS="105.0"
                    VPOS="2118.0"
                    WIDTH="506.0"
                    HEIGHT="70.0"></String>
          </TextLine>

          
          
          <TextLine ID="eSc_line_9377e859"
                    TAGREFS="LT244"
                    BASELINE="103 2210 664 2214" 
                    HPOS="100.0"
                    VPOS="2173.0"
                    WIDTH="564.0"
                    HEIGHT="68.0">
            <Shape><Polygon POINTS="103 2210 100 2223 195 2239 197 2239 199 2239 239 2228 241 2228 357 2228 364 2230 394 2241 397 2241 399 2241 662 2234 664 2214 664 2175 103 2173 103 2210"/></Shape>
	    <String CONTENT="que me cuidaron de chiquitin."
                    HPOS="100.0"
                    VPOS="2173.0"
                    WIDTH="564.0"
                    HEIGHT="68.0"></String>
          </TextLine>

          
          
          <TextLine ID="eSc_line_994c0393"
                    TAGREFS="LT244"
                    BASELINE="105 2256 519 2260" 
                    HPOS="103.0"
                    VPOS="2212.0"
                    WIDTH="416.0"
                    HEIGHT="73.0">
            <Shape><Polygon POINTS="105 2256 103 2269 311 2285 313 2285 517 2274 519 2260 517 2225 105 2212 105 2256"/></Shape>
	    <String CONTENT="Ya soy por fin torero"
                    HPOS="103.0"
                    VPOS="2212.0"
                    WIDTH="416.0"
                    HEIGHT="73.0"></String>
          </TextLine>

          
          
          <TextLine ID="eSc_line_7e7a4bc7"
                    TAGREFS="LT244"
                    BASELINE="103 2304 451 2300" 
                    HPOS="100.0"
                    VPOS="2265.0"
                    WIDTH="351.0"
                    HEIGHT="61.0">
            <Shape><Polygon POINTS="103 2304 105 2326 127 2315 195 2322 234 2326 236 2326 239 2326 252 2320 261 2315 307 2317 421 2324 423 2324 425 2324 451 2311 451 2300 447 2269 100 2265 103 2304"/></Shape>
	    <String CONTENT="y vengo a regalar"
                    HPOS="100.0"
                    VPOS="2265.0"
                    WIDTH="351.0"
                    HEIGHT="61.0"></String>
          </TextLine>

          
          
          <TextLine ID="eSc_line_cdaa754e"
                    TAGREFS="LT244"
                    BASELINE="103 2346 622 2346" 
                    HPOS="103.0"
                    VPOS="2311.0"
                    WIDTH="519.0"
                    HEIGHT="63.0">
            <Shape><Polygon POINTS="103 2346 103 2366 322 2374 324 2374 346 2370 386 2363 414 2372 423 2374 425 2374 427 2374 447 2372 515 2363 620 2374 622 2346 622 2313 103 2311 103 2346"/></Shape>
	    <String CONTENT="un manto para esta Virgen"
                    HPOS="103.0"
                    VPOS="2311.0"
                    WIDTH="519.0"
                    HEIGHT="63.0"></String>
          </TextLine>

          
          
          <TextLine ID="eSc_line_a63e4ef0"
                    TAGREFS="LT244"
                    BASELINE="100 2390 565 2394" 
                    HPOS="98.0"
                    VPOS="2348.0"
                    WIDTH="467.0"
                    HEIGHT="83.0">
            <Shape><Polygon POINTS="528 2348 517 2348 495 2348 473 2348 451 2348 436 2348 434 2348 432 2348 429 2348 429 2350 421 2359 418 2359 390 2348 388 2348 386 2348 383 2348 381 2348 368 2357 364 2359 100 2355 100 2390 98 2425 186 2427 188 2427 190 2427 197 2425 219 2412 239 2423 247 2427 250 2427 252 2427 254 2427 265 2423 296 2412 346 2420 390 2429 392 2431 445 2431 445 2429 447 2429 449 2429 449 2427 460 2418 467 2414 561 2416 565 2394 565 2361 530 2348 528 2348"/></Shape>
	    <String CONTENT="que yo no puedo olvidar."
                    HPOS="98.0"
                    VPOS="2348.0"
                    WIDTH="467.0"
                    HEIGHT="83.0"></String>
          </TextLine>

          
        </TextBlock>
        
        <TextBlock HPOS="919.0"
                   VPOS="1658.0"
                   WIDTH="625.0"
                   HEIGHT="776.0"
                   ID="block_1"
                   TAGREFS="BT720">
          <Shape><Polygon POINTS="1544 1658 1544 2434 919 2434 919 1658"/></Shape>
          
          
          <TextLine ID="eSc_line_9c32814c"
                    TAGREFS="LT244"
                    BASELINE="962 1717 1399 1717" 
                    HPOS="962.0"
                    VPOS="1673.0"
                    WIDTH="437.0"
                    HEIGHT="64.0">
            <Shape><Polygon POINTS="1379 1673 1357 1673 1335 1673 1313 1673 1291 1673 1269 1673 1250 1673 962 1675 962 1717 962 1730 1397 1737 1399 1717 1397 1673 1379 1673"/></Shape>
	    <String CONTENT="Era una tarde de feria"
                    HPOS="962.0"
                    VPOS="1673.0"
                    WIDTH="437.0"
                    HEIGHT="64.0"></String>
          </TextLine>

          
          
          <TextLine ID="eSc_line_d8497ea8"
                    TAGREFS="LT244"
                    BASELINE="965 1763 1522 1759" 
                    HPOS="962.0"
                    VPOS="1721.0"
                    WIDTH="560.0"
                    HEIGHT="57.0">
            <Shape><Polygon POINTS="1513 1728 962 1721 965 1763 965 1776 1517 1778 1522 1759 1517 1730 1513 1728"/></Shape>
	    <String CONTENT="tarde española, de toros y sol"
                    HPOS="962.0"
                    VPOS="1721.0"
                    WIDTH="560.0"
                    HEIGHT="57.0"></String>
          </TextLine>

          
          
          <TextLine ID="eSc_line_5760e0e2"
                    TAGREFS="LT244"
                    BASELINE="965 1805 1423 1809" 
                    HPOS="962.0"
                    VPOS="1770.0"
                    WIDTH="461.0"
                    HEIGHT="52.0">
            <Shape><Polygon POINTS="965 1805 962 1816 1419 1822 1423 1809 1421 1774 965 1770 965 1805"/></Shape>
	    <String CONTENT="el niño cayò en la arena"
                    HPOS="962.0"
                    VPOS="1770.0"
                    WIDTH="461.0"
                    HEIGHT="52.0"></String>
          </TextLine>

          
          
          <TextLine ID="eSc_line_8e29b1dc"
                    TAGREFS="LT244"
                    BASELINE="967 1853 1327 1849" 
                    HPOS="965.0"
                    VPOS="1809.0"
                    WIDTH="362.0"
                    HEIGHT="66.0">
            <Shape><Polygon POINTS="967 1853 967 1875 1324 1873 1327 1849 1320 1809 965 1818 967 1853"/></Shape>
	    <String CONTENT="y el toro le corneò."
                    HPOS="965.0"
                    VPOS="1809.0"
                    WIDTH="362.0"
                    HEIGHT="66.0"></String>
          </TextLine>

          
          
          <TextLine ID="eSc_line_9254800e"
                    TAGREFS="LT244"
                    BASELINE="967 1899 1432 1895" 
                    HPOS="965.0"
                    VPOS="1857.0"
                    WIDTH="467.0"
                    HEIGHT="59.0">
            <Shape><Polygon POINTS="967 1899 967 1914 1427 1916 1432 1895 1427 1864 965 1857 967 1899"/></Shape>
	    <String CONTENT="Era la herida de muerte"
                    HPOS="965.0"
                    VPOS="1857.0"
                    WIDTH="467.0"
                    HEIGHT="59.0"></String>
          </TextLine>

          
          
          <TextLine ID="eSc_line_99954d61"
                    TAGREFS="LT244"
                    BASELINE="967 1938 1515 1943" 
                    HPOS="965.0"
                    VPOS="1895.0"
                    WIDTH="550.0"
                    HEIGHT="70.0">
            <Shape><Polygon POINTS="1309 1897 1193 1906 1177 1899 1164 1899 1144 1899 1136 1906 967 1906 967 1938 965 1960 1511 1965 1515 1943 1515 1906 1502 1895 1500 1895 1498 1895 1495 1895 1397 1908 1311 1897 1309 1897"/></Shape>
	    <String CONTENT="por eso no lo pudieron salvar"
                    HPOS="965.0"
                    VPOS="1895.0"
                    WIDTH="550.0"
                    HEIGHT="70.0"></String>
          </TextLine>

          
          
          <TextLine ID="eSc_line_88c3be94"
                    TAGREFS="LT244"
                    BASELINE="965 1989 1469 1989" 
                    HPOS="965.0"
                    VPOS="1952.0"
                    WIDTH="504.0"
                    HEIGHT="59.0">
            <Shape><Polygon POINTS="965 1989 965 2000 1467 2011 1469 1989 1469 1952 965 1952 965 1989"/></Shape>
	    <String CONTENT="llorando vió a su cuadrilla"
                    HPOS="965.0"
                    VPOS="1952.0"
                    WIDTH="504.0"
                    HEIGHT="59.0"></String>
          </TextLine>

          
          
          <TextLine ID="eSc_line_6612e114"
                    TAGREFS="LT244"
                    BASELINE="965 2030 1362 2035" 
                    HPOS="962.0"
                    VPOS="1991.0"
                    WIDTH="400.0"
                    HEIGHT="57.0">
            <Shape><Polygon POINTS="965 2030 962 2048 1359 2046 1362 2035 1357 1991 965 1993 965 2030"/></Shape>
	    <String CONTENT="y dijo asì, al expirar."
                    HPOS="962.0"
                    VPOS="1991.0"
                    WIDTH="400.0"
                    HEIGHT="57.0"></String>
          </TextLine>

          
          
          <TextLine ID="eSc_line_7800dd3c"
                    TAGREFS="LT244"
                    BASELINE="969 2079 1307 2079" 
                    HPOS="969.0"
                    VPOS="2039.0"
                    WIDTH="338.0"
                    HEIGHT="55.0">
            <Shape><Polygon POINTS="969 2079 969 2094 1307 2094 1307 2079 1305 2039 969 2041 969 2079"/></Shape>
	    <String CONTENT="Ya no seré torero"
                    HPOS="969.0"
                    VPOS="2039.0"
                    WIDTH="338.0"
                    HEIGHT="55.0"></String>
          </TextLine>

          
          
          <TextLine ID="eSc_line_37a0dedd"
                    TAGREFS="LT244"
                    BASELINE="962 2125 1241 2125" 
                    HPOS="962.0"
                    VPOS="2079.0"
                    WIDTH="279.0"
                    HEIGHT="70.0">
            <Shape><Polygon POINTS="1028 2081 1006 2081 984 2081 982 2079 962 2079 962 2125 962 2149 1241 2138 1241 2125 1241 2087 1030 2081 1028 2081"/></Shape>
	    <String CONTENT="torero no seré"
                    HPOS="962.0"
                    VPOS="2079.0"
                    WIDTH="279.0"
                    HEIGHT="70.0"></String>
          </TextLine>

          
          
          <TextLine ID="eSc_line_16807f0f"
                    TAGREFS="LT244"
                    BASELINE="960 2171 1454 2164" 
                    HPOS="958.0"
                    VPOS="2122.0"
                    WIDTH="496.0"
                    HEIGHT="73.0">
            <Shape><Polygon POINTS="1011 2127 958 2138 960 2171 960 2195 1454 2188 1454 2164 1443 2122 1425 2133 1346 2127 1307 2122 1305 2122 1302 2122 1289 2127 1267 2136 1248 2129 1232 2125 1230 2125 1228 2125 1226 2125 1223 2125 1223 2127 1219 2131 1212 2136 1142 2133 1013 2127 1011 2127"/></Shape>
	    <String CONTENT="que muero como Granero"
                    HPOS="958.0"
                    VPOS="2122.0"
                    WIDTH="496.0"
                    HEIGHT="73.0"></String>
          </TextLine>

          
          
          <TextLine ID="eSc_line_5957a971"
                    TAGREFS="LT244"
                    BASELINE="965 2212 1449 2217" 
                    HPOS="962.0"
                    VPOS="2179.0"
                    WIDTH="487.0"
                    HEIGHT="60.0">
            <Shape><Polygon POINTS="965 2212 962 2232 1445 2239 1449 2217 1447 2184 965 2179 965 2212"/></Shape>
	    <String CONTENT="y Varelito y el gran José."
                    HPOS="962.0"
                    VPOS="2179.0"
                    WIDTH="487.0"
                    HEIGHT="60.0"></String>
          </TextLine>

          
          
          <TextLine ID="eSc_line_d5726abc"
                    TAGREFS="LT244"
                    BASELINE="962 2260 1416 2260" 
                    HPOS="962.0"
                    VPOS="2228.0"
                    WIDTH="454.0"
                    HEIGHT="48.0">
            <Shape><Polygon POINTS="962 2260 962 2276 1416 2276 1416 2260 1416 2228 962 2228 962 2260"/></Shape>
	    <String CONTENT="Pobres monjitas buenas"
                    HPOS="962.0"
                    VPOS="2228.0"
                    WIDTH="454.0"
                    HEIGHT="48.0"></String>
          </TextLine>

          
          
          <TextLine ID="eSc_line_fc2d2597"
                    TAGREFS="LT244"
                    BASELINE="960 2304 1348 2304" 
                    HPOS="960.0"
                    VPOS="2269.0"
                    WIDTH="388.0"
                    HEIGHT="55.0">
            <Shape><Polygon POINTS="960 2304 960 2320 1346 2324 1348 2304 1348 2269 960 2269 960 2304"/></Shape>
	    <String CONTENT="que llorareis por mí"
                    HPOS="960.0"
                    VPOS="2269.0"
                    WIDTH="388.0"
                    HEIGHT="55.0"></String>
          </TextLine>

          
          
          <TextLine ID="eSc_line_f089b9f4"
                    TAGREFS="LT244"
                    BASELINE="962 2350 1473 2346" 
                    HPOS="960.0"
                    VPOS="2306.0"
                    WIDTH="513.0"
                    HEIGHT="73.0">
            <Shape><Polygon POINTS="962 2350 965 2379 989 2368 1469 2368 1473 2346 1469 2313 960 2306 962 2350"/></Shape>
	    <String CONTENT="rezar por el por pobre niño"
                    HPOS="960.0"
                    VPOS="2306.0"
                    WIDTH="513.0"
                    HEIGHT="73.0"></String>
          </TextLine>

          
          
          <TextLine ID="eSc_line_17b1c6cb"
                    TAGREFS="LT244"
                    BASELINE="958 2398 1316 2394" 
                    HPOS="956.0"
                    VPOS="2350.0"
                    WIDTH="360.0"
                    HEIGHT="66.0">
            <Shape><Polygon POINTS="958 2398 958 2416 1313 2412 1316 2394 1309 2350 956 2361 958 2398"/></Shape>
	    <String CONTENT="que recojisteis ahí."
                    HPOS="956.0"
                    VPOS="2350.0"
                    WIDTH="360.0"
                    HEIGHT="66.0"></String>
          </TextLine>

          
        </TextBlock>
        
        <TextBlock HPOS="423.0"
                   VPOS="2405.0"
                   WIDTH="866.0"
                   HEIGHT="83.0"
                   ID="block_4"
                   TAGREFS="BT721">
          <Shape><Polygon POINTS="1289 2405 1289 2488 423 2488 423 2405"/></Shape>
          
          
          <TextLine ID="eSc_line_16c7c7b3"
                    TAGREFS="LT244"
                    BASELINE="452 2448 1267 2451" 
                    HPOS="449.0"
                    VPOS="2405.0"
                    WIDTH="816.0"
                    HEIGHT="127.0">
            <Shape><Polygon POINTS="1197 2405 1175 2405 1153 2405 1131 2405 1129 2405 1114 2409 1109 2405 1087 2405 1068 2405 1050 2409 1037 2405 1022 2405 1000 2405 997 2405 987 2409 984 2409 954 2405 934 2405 912 2405 890 2405 870 2405 848 2409 842 2409 837 2409 807 2405 802 2405 780 2405 758 2405 736 2405 715 2405 693 2405 671 2405 649 2405 627 2405 605 2405 583 2405 572 2405 451 2407 451 2447 449 2530 651 2532 653 2532 655 2532 658 2532 658 2530 677 2515 715 2480 739 2493 741 2493 743 2493 745 2493 747 2493 747 2490 776 2464 813 2460 862 2475 864 2475 866 2475 956 2466 997 2488 1000 2490 1002 2490 1004 2490 1006 2490 1008 2490 1011 2488 1044 2460 1074 2473 1076 2473 1079 2473 1155 2473 1164 2477 1184 2490 1186 2490 1188 2490 1191 2490 1193 2490 1195 2490 1195 2488 1212 2475 1223 2484 1226 2484 1228 2484 1230 2484 1232 2484 1263 2469 1265 2449 1263 2412 1210 2405 1197 2405"/></Shape>
	    <String CONTENT="Gràficas &quot;OLIMPO&quot; Aldana, 12—Barcelona"
                    HPOS="449.0"
                    VPOS="2405.0"
                    WIDTH="816.0"
                    HEIGHT="127.0"></String>
          </TextLine>

          
        </TextBlock>
        
        <TextBlock HPOS="103.0"
                   VPOS="728.0"
                   WIDTH="1462.0"
                   HEIGHT="889.0"
                   ID="eSc_textblock_1374a091"
                   TAGREFS="BT717">
          <Shape><Polygon POINTS="103 734 103 1617 1562 1617 1565 728"/></Shape>
          
        </TextBlock>
        

        
      </PrintSpace>
    </Page>
  </Layout>
</alto>
