1753 2480
190.0 90.0 494.0 60.0 Dicen que los andaluces

142.0 134.0 533.0 64.0 tienen gracia en el bailar,

144.0 179.0 447.0 62.0 mas la jota aragonesa

146.0 229.0 418.0 47.0 no la pueden imitar.

188.0 268.0 456.0 52.0 El bailar la aragonesa

140.0 312.0 531.0 60.0 quiere salero y requiebro;

144.0 363.0 507.0 52.0 para esto se pintan solas

140.0 400.0 533.0 54.0 las mismas hijas del Ebro.

190.0 448.0 401.0 58.0 A Zaragoza me voy

142.0 481.0 552.0 72.0 y me marcho esta mañana,

142.0 535.0 465.0 62.0 tan solo para aprender

140.0 586.0 457.0 52.0 cantar la zaragozana.

186.0 615.0 607.0 71.0 Dicen que el puente de piedra

138.0 669.0 519.0 60.0 llama mucho la atención,

140.0 713.0 457.0 62.0 y si miras sus vecinas

142.0 764.0 434.0 48.0 te llaman el corazón.

183.0 793.0 557.0 72.0 Quien no ha visto la ribera

136.0 845.0 519.0 66.0 del Ebro y sus cercanías,

136.0 894.0 508.0 50.0 su corazón no ha sentido

136.0 938.0 477.0 56.0 ni placeres ni alegrías.

183.0 975.0 610.0 72.0 También me gustan zarzuelas

136.0 1027.0 622.0 55.0 como «Boccacho» y «Mascota»

138.0 1072.0 556.0 54.0 pero mucho más me gustan

136.0 1118.0 469.0 51.0 los cantares de la jota.

183.0 1155.0 546.0 64.0 Viva España viva España,

134.0 1196.0 577.0 64.0 pues esta es nuestra nación;

136.0 1250.0 426.0 56.0 pero viva sobre todo

134.0 1293.0 496.0 56.0 todo el reino de Aragón.

181.0 1333.0 542.0 59.0 Dicen que a fuerza y puño

132.0 1380.0 612.0 68.0 no hay nadie cual los ingleses

134.0 1426.0 413.0 53.0 pero no tienen valor

132.0 1473.0 430.0 54.0 como los aragoneses.

175.0 1512.0 434.0 58.0 El mundo se acabará

130.0 1564.0 432.0 58.0 pero esto mentira es,

134.0 1603.0 496.0 56.0 a no ser que lo concluya

134.0 1659.0 430.0 46.0 un bizarro aragonés.

173.0 1694.0 521.0 62.0 Hay muchas aragonesas

130.0 1744.0 496.0 56.0 que matan con su mirar

132.0 1783.0 510.0 60.0 porque toman los reflejos

128.0 1829.0 465.0 51.0 de la Vírgen del Pilar.

173.0 1870.0 449.0 60.0 Resalada prenda mía,

128.0 1917.0 481.0 60.0 al verte mi pecho goza;

132.0 1969.0 496.0 52.0 ya te conozco en la cara

128.0 2006.0 587.0 56.0 que has nacido en Zaragoza.

171.0 2050.0 436.0 62.0 Rubita de ojos azules

128.0 2085.0 477.0 66.0 encantadora hechicera,

130.0 2147.0 531.0 54.0 tus gracias y tus encantos

128.0 2184.0 498.0 99.0 han nacido en la ribera.

1048.0 90.0 560.0 71.0 Yo empiezo a sentir amores

1000.0 142.0 496.0 56.0 pues me late el corazón,

1000.0 188.0 544.0 57.0 voy a buscarme una novia

998.0 231.0 461.0 50.0 en el reino de Aragón.

1043.0 279.0 397.0 53.0 A Zaragoza me voy

998.0 316.0 614.0 68.0 para encontrar buenas mozas;

996.0 363.0 579.0 64.0 según me ha dicho un amigo

996.0 403.0 552.0 68.0 allí las hay muy hermosas.

1041.0 452.0 536.0 58.0 Por pan bueno a Zaragoza

994.0 496.0 556.0 57.0 con esto no hay que dudar,

996.0 543.0 558.0 58.0 y por muchachas rumbosas

996.0 589.0 500.0 51.0 allí encontrareis la mar.

1039.0 636.0 410.0 48.0 Mira niña, como va

994.0 669.0 550.0 70.0 marchando el agua del rio,

996.0 721.0 457.0 56.0 y si tu también te vas

992.0 766.0 515.0 58.0 se me va el corazón mío.

1037.0 810.0 552.0 60.0 Quiero que me des tu amor

996.0 847.0 562.0 70.0 y aquí me postro a tus pies,

996.0 899.0 448.0 53.0 no me digas testarudo

994.0 946.0 434.0 62.0 porque soy aragonés.

1035.0 987.0 503.0 54.0 Niña de las sayas cortas

994.0 1037.0 366.0 54.0 y florido delantal,

990.0 1078.0 535.0 54.0 cuando pasas por mi calle

990.0 1116.0 430.0 59.0 toda la llenas de sal.

1035.0 1163.0 507.0 60.0 Las rosas de tus mejillas

990.0 1202.0 477.0 62.0 bien las quisiera coger;

990.0 1250.0 510.0 58.0 pero temo en sus espinas

988.0 1302.0 485.0 49.0 que me harían padecer.

1031.0 1343.0 610.0 74.0 He dado una vuelta a España

988.0 1382.0 531.0 66.0 buscando una distracción,

990.0 1430.0 461.0 64.0 y no gustándome nada

990.0 1479.0 539.0 52.0 vuelvo otra vez a Aragón.

1031.0 1521.0 540.0 55.0 Una vez sentí un gran frío

986.0 1568.0 450.0 60.0 estando en Calatayud,

986.0 1609.0 583.0 62.0 pero en cambio es una tierra

986.0 1657.0 479.0 60.0 que me volvió la salud.

1025.0 1700.0 459.0 54.0 Si quieres tener mujer

986.0 1746.0 558.0 58.0 guapa, linda y buena moza,

983.0 1791.0 466.0 54.0 sin trabajo de escoger;

986.0 1837.0 496.0 49.0 vete pronto a Zaragoza.

1025.0 1878.0 403.0 52.0 Si te vas al Aragón

981.0 1911.0 561.0 70.0 con mucha atención repara

983.0 1971.0 466.0 60.0 que allí los aragoneses

981.0 2015.0 468.0 49.0 cantan la Zaragozana.

1027.0 2056.0 475.0 62.0 Mirando la torre nueva

981.0 2103.0 482.0 62.0 un día quedé extasiado,

983.0 2145.0 652.0 66.0 porque me encontré al volverme

981.0 2186.0 457.0 110.0 otra belleza a mi lado.
