1860 2629
1351.0 251.0 245.0 66.0 Núm. 100

98.0 1180.0 1562.0 162.0 Coplas novas, humorísticas y epigramáticas

355.0 1323.0 1026.0 85.0 Seguit de unas endevinallas modernas extretas de lletras del abecedari

493.0 1380.0 763.0 116.0 Escritas per J. F. (a) Queri

164.0 1498.0 491.0 61.0 Un pagés bastant tanoca

122.0 1553.0 459.0 48.0 va aná'l teatro una nit,

122.0 1586.0 549.0 68.0 y una entrada y una butaca

122.0 1632.0 542.0 68.0 va aná á comprá tot seguit.

120.0 1675.0 509.0 71.0 Li van dá 'l número cent,

122.0 1728.0 483.0 57.0 «y ahont era, preguntá»

122.0 1772.0 577.0 61.0 y un trempat de bona sombra

120.0 1807.0 410.0 63.0 á la comuna 'l portá.

78.0 1860.0 724.0 89.0 —Com que á las comunas hi ha 'l número cent.

162.0 1967.0 401.0 70.0 Una que venía figas

116.0 2028.0 537.0 57.0 tan gran escandol va armá,

118.0 2072.0 544.0 66.0 que hi va aná un municipal

125.0 2111.0 397.0 68.0 y'l pané li va abocá,

125.0 2160.0 467.0 65.0 Totas las figas per terra

118.0 2212.0 428.0 55.0 se li varen fer malbé;

118.0 2256.0 428.0 55.0 tan sols ne salvá una,

114.0 2291.0 533.0 68.0 de prop del cul... del pané,

67.0 2350.0 498.0 73.0 —No sé si era de coll de dama.

969.0 1507.0 406.0 72.0 A ca la meva xicota,

923.0 1551.0 430.0 70.0 jo no sé com ha sigut

925.0 1599.0 546.0 72.0 que tot fent brometa ab ella

925.0 1643.0 469.0 61.0 la petaca allí he perdut.

925.0 1691.0 496.0 57.0 Ella m'ha dit al moment:

927.0 1735.0 533.0 65.0 —Aixó ray, no'n fassis cas;

923.0 1781.0 529.0 63.0 que si tu sabs ben buscarla

923.0 1827.0 515.0 68.0 «be prou que la trobarás».

883.0 1873.0 417.0 74.0 —Palpan, palpan, pot ser.

965.0 1984.0 436.0 75.0 Un peixaté peix venía

919.0 2035.0 471.0 70.0 y anava cridant la gent

923.0 2087.0 471.0 55.0 y si'l peix li remenavan

919.0 2129.0 504.0 66.0 e'enfadava en el moment.

923.0 2166.0 500.0 75.0 Trieu pops, raps y varats,

919.0 2221.0 416.0 57.0 alsa noyas, remaneu:

919.0 2256.0 484.0 72.0 no'm remaneu la sardina

916.0 2304.0 586.0 73.0 que es lo qu'm sab més greu.

877.0 2357.0 583.0 83.0 —Com que luego's fa malvé del cap...
