1860 2629
397 175 503 82 Flandes, Polonia, Alemania,

397 223 479 72 Saboya, Italia y Armenia.

397 268 503 76 Soy la quietud de los reinos;

393 311 451 74 de los campos la cosecha,

391 359 416 68 abasto de los poblados,

388 401 427 66 el gusto de la grandeza,

387 446 447 71 el consuelo de los pobres

390 489 419 67 y el adorno de la mesa.

384 530 546 79 Soy quien alimenta al hombre,

382 573 463 75 multiplicando sus fuerzas.

382 614 542 78 Sin mí no hay gusto cumplido,

385 666 437 65 y todo sin mí es tristeza.

379 705 458 72 Yo le doy al hombre paz,

379 759 485 66 y en sus trabajos paciencia;

376 803 405 61 pero tú, ¿quieres saber

375 844 514 76 lo que al hombre le acarreas,

376 888 407 64 y lo que por tí padece?

371 928 466 76 Zozobras, congojas, penas,

371 978 416 69 inquietudes y alborotos,

366 1020 481 71 sustos, desvelos, quimeras,

365 1072 482 64 muertes, azares, deshonras,

366 1114 455 63 logros, usuras y afrentas.

365 1152 497 69 Tú eres causa de mil males,

362 1197 431 69 motivo de mil tragedias,

359 1247 416 64 raiz de todos los vicios,

359 1283 418 72 de las infamias escuela;

359 1334 403 66 eres padre del engaño,

359 1372 482 72 y seno donde se engendran

356 1418 446 73 la soberbia y la avaricia,

352 1466 391 66 la lujuria y la pereza,

352 1504 466 76 el rencor, ódio, venganza,

353 1556 418 59 vanidad y la impureza:

349 1596 532 69 ¿cuántos por buscarte pierden

350 1646 561 61 vida, honor, puesto y grandeza?

346 1684 461 67 ¿á cuántos les has quitado

344 1726 482 70 las vidas por las haciendas?

343 1773 432 64 ¿cuántos han idolatrado

341 1815 415 69 llevados de tu cautela?

340 1859 447 63 ¿á cuántos han castigado

340 1904 513 69 por hurtar la hacienda ajena?

337 1949 489 70 ¿y á cuántos has condenado

338 2000 429 60 para las llamas eternas?

1079 205 418 65 Y si no, dime tú ahora:

1078 246 497 72 ¿qué lauros ó qué grandezas

1078 293 462 67 consiguió el rico avariento

1073 338 486 69 con ser tu amigo de veras?

1072 381 406 60 el estar hecho un tizon

1070 427 480 66 en las profundas cavernas.

1069 468 519 73 Aquel gran traidor de Judas,

1066 512 441 70 solo por treinta monedas

1065 562 442 61 cometió el mayor pecado

1063 601 532 72 que se ha escrito ni se cuenta.

1060 645 480 72 Dices que edificas templos,

1062 692 489 71 y que haces obras excelsas;

1056 739 481 65 pues el pan se hace de mí,

1056 778 485 69 manjar que todos aprecian.

1054 820 426 69 De mí se hace la Hostia

1052 871 452 65 que en la misa se celebra,

1054 914 436 61 y en fé de cinco palabras

1049 958 434 58 baja del cielo á la tierra

1047 1004 417 59 el Redentor de la vida;

1041 1039 491 76 ¡mira qué mayor grandeza!

1043 1086 510 73 que en mí queda su morada,

1049 1131 404 60 y sacramentada queda.

1040 1177 444 65 No quiero pasar de aquí,

1037 1221 470 59 pues bastante dicho queda

1037 1264 467 66 con decir que soy palacio

1034 1299 555 81 donde el mismo Dios se ostenta,

1034 1352 373 63 trono donde se coloca

1034 1396 466 64 y sólio en donde se sienta,

1031 1437 400 68 medicina con que cura

1028 1479 437 64 al pecador sus dolencias.

1027 1523 502 74 Pan del Cielo, manjar dulce

1025 1571 494 69 con que el alma se alimenta.

1025 1612 433 72 Y ahora, infame, villano,

1021 1659 432 73 quítate de mi presencia,

1024 1705 340 65 y sírvate de castigo

1016 1742 445 67 el ultraje y la vergüenza.

1022 1790 436 66 Volviéndole las espaldas

1015 1837 443 66 se va el Dinero y le deja

1012 1878 424 68 al Trigo con la victoria,

1015 1925 456 64 y ufano con esta empresa.

1012 1967 438 69 Y ahora Sebastian Lopez

1008 2011 426 71 pide perdon de la letra.

940 2107 109 60 FIN.

539 2224 892 102 MADRID.—Despacho de Marés y Compañía, Juanelo, 19.
