1860 2629
495 335 73 50 2

252.0 365.0 610.0 81.0 Molts jo vas diu que no 's casan

210.0 422.0 537.0 75.0 per po de quedá enganyats

210.0 473.0 531.0 65.0 y may traginan un céntim

210.0 508.0 529.0 74.0 y sempre están empenyats

212.0 547.0 601.0 83.0 y dihent mal dels que 's casan

214.0 604.0 487.0 70.0 passant grans necessitats

214.0 652.0 422.0 68.0 y un duro necessitan

214.0 687.0 498.0 92.0 l' enmatllevan als casats.

532.0 736.0 25.0 54.0 3

263.0 758.0 517.0 83.0 Veuren joves que festejan

212.0 825.0 529.0 60.0 al menos deu anys seguits

221.0 863.0 546.0 76.0 y s' acontentan los trompas

219.0 920.0 500.0 61.0 no més á fe corre 'ls dits

228.0 959.0 537.0 70.0 y aixis es com se malmeten

223.0 1005.0 448.0 70.0 y la salud van perdent

221.0 1051.0 454.0 64.0 ros d' aixó los passaría

221.0 1091.0 487.0 87.0 si 's casavan al moment.

530.0 1137.0 27.0 65.0 4

269.0 1165.0 457.0 83.0 Lo solter que te xicota

225.0 1222.0 501.0 74.0 gasta 'l doble d' un casat

230.0 1257.0 592.0 90.0 pagant per tot alli hont vagin

230.0 1318.0 539.0 70.0 per pogué aná 'l seu costat

230.0 1364.0 410.0 68.0 y si fos que ella sola

225.0 1395.0 463.0 72.0 no hi hauria res que di

230.0 1452.0 520.0 64.0 lo pitxó si va ab los pares

228.0 1500.0 438.0 66.0 ab los oncles y 'l cosi.

543.0 1535.0 33.0 64.0 5

278.0 1579.0 498.0 68.0 Mols esperan per casarse

232.0 1627.0 524.0 62.0 cuant estant ya tips de tot

236.0 1675.0 511.0 68.0 y encare buscan per dona

239.0 1717.0 449.0 75.0 una que tinga bon dot

239.0 1761.0 478.0 66.0 més la noya que si casa

239.0 1798.0 519.0 77.0 cuant lo troba tan malmés

239.0 1851.0 519.0 63.0 al cap de dos ó tres mesos

241.0 1899.0 463.0 88.0 l' hi carrega los neulés.

541 1936 53 59 6

289.0 1967.0 522.0 94.0 L' home soité 's desespera

243.0 2028.0 423.0 70.0 lo dia que can malalt

243.0 2063.0 511.0 75.0 si no te mare 'l serveixen

245.0 2122.0 498.0 60.0 lo mateix que al hospital

247.0 2160.0 553.0 74.0 l' hi donan aygua per caldo

252.0 2208.0 559.0 70.0 y de tant que 'l cuidan molt

252.0 2254.0 509.0 63.0 ha de morí sobre un catre

250.0 2302.0 473.0 66.0 sense manta ni llansols.

1300 324 70 46 7

1052.0 350.0 549.0 75.0 Ni hant que fent lo tronera

1015.0 411.0 562.0 66.0 passan fins á cuaranta anys,

1017.0 455.0 494.0 68.0 y despues pensan casarse

1013.0 488.0 592.0 81.0 cuant tenen prou desenganys,

1013.0 543.0 430.0 57.0 anyora 'l teni familia

1017.0 587.0 443.0 63.0 l' home d'edat y calés

1022.0 624.0 471.0 79.0 y 's casa lo bestia bruta

1019.0 674.0 536.0 77.0 cuant ja no serveix per res.

1331.0 720.0 37.0 62.0 8

1061.0 738.0 595.0 96.0 Los solters los veureu sempre

1022.0 797.0 561.0 81.0 que 'n que vagin ben vestits

1019.0 845.0 588.0 72.0 sempre van farsits de llantías

1026.0 896.0 469.0 72.0 y tots plens de descosits

1024.0 944.0 456.0 61.0 la camisa ab filagarsas

1024.0 988.0 436.0 61.0 los mitjons despariats

1024.0 1036.0 428.0 61.0 al revés sa samarreta

1026.0 1075.0 463.0 79.0 y 'ls culsotets estripats.

1329.0 1117.0 41.0 63.0 9

1070.0 1163.0 480.0 61.0 Alguns retardan casarse

1028.0 1209.0 432.0 63.0 festejan ab vinticinch

1028.0 1242.0 566.0 79.0 mirant si al fi n' arreplegan

1030.0 1299.0 448.0 61.0 una que tinga pistring

1035.0 1338.0 603.0 79.0 y cuant prenen d' entre tantas

1033.0 1391.0 519.0 61.0 la que 'ls hi sembla milló,

1035.0 1434.0 436.0 62.0 arreplegan per esposa

1037.0 1476.0 467.0 66.0 un rabrech y morranxó.

1355.0 1520.0 57.0 61.0 10

1076.0 1533.0 582.0 94.0 Cuants solters per no casarse

1041.0 1608.0 507.0 65.0 van carregats de lluquets

1044.0 1656.0 500.0 70.0 perque van á sal de mata

1039.0 1695.0 522.0 66.0 buscant massa 'ls angelets

1044.0 1743.0 552.0 73.0 per xó á dintre las butxacas

1041.0 1787.0 465.0 64.0 sempre portan provisió

1039.0 1822.0 577.0 75.0 dex ringas, draps, ampollas,

1046.0 1881.0 381.0 73.0 y pastillas de sabó.

1359.0 1919.0 46.0 65.0 11

1092.0 1947.0 517.0 83.0 Per lo tant joves caseuvos

1050.0 2011.0 445.0 72.0 y á níngú vos escolteu

1050.0 2057.0 445.0 68.0 y disfrután de la dona

1050.0 2096.0 459.0 66.0 creixeu y multipliqueu

1055.0 2142.0 528.0 72.0 que á més de la companyia

1057.0 2188.0 511.0 66.0 que tindreu continuament

1057.0 2223.0 531.0 75.0 al hivern per fret que fassi

1059.0 2282.0 441.0 66.0 trobareu lo llit calent.

653.0 2357.0 636.0 103.0 Imp. S. Rafael, 27.—Barcelona.
