1860 2629
1362.0 192.0 182.0 119.0 Núm. 55.

522.0 1362.0 552.0 68.0 GARTA AMOROSA

223.0 1406.0 1130.0 123.0 QUE ESCRIBE UN SOLDADO A SU AMANTE

462.0 1496.0 656.0 66.0 Y CONTESTACION DE ELLA À EL

493.0 1548.0 594.0 75.0 escritas ambas en trovos nuevos.

111.0 1573.0 450.0 81.0 Apreciada prenda mia:

65.0 1627.0 503.0 66.0 hoy que no hay ejercicio,

65.0 1667.0 485.0 59.0 meto la pluma al tintero

61.0 1706.0 555.0 72.0 y estos rengiones te escribo.

100.0 1746.0 487.0 76.0 De salud sigo muy bien,

54.0 1792.0 500.0 72.0 de amores cual cada día;

57.0 1833.0 410.0 62.0 por lo tanto desearía

59.0 1873.0 557.0 72.0 que así te hallases tambien,

57.0 1914.0 425.0 55.0 apreciada prenda mia.

103.0 1947.0 410.0 61.0 Las fatigas del oficio

57.0 1989.0 565.0 76.0 ya no me cansan cualantes;

59.0 2035.0 487.0 61.0 y así, cual cosa de vicio,

59.0 2072.0 502.0 66.0 aprovecho estos instantes

54.0 2114.0 465.0 61.0 hoy que no hay ejercicio.

96.0 2155.0 434.0 59.0 En tu corazón sincero

52.0 2188.0 452.0 66.0 vivo siempre confiado;

52.0 2228.0 472.0 65.0 pero como saber quiero

52.0 2265.0 625.0 87.0 si alguna vez me has engañado,

52.0 2315.0 476.0 88.0 meto la pluma al tintero.

851.0 1597.0 465.0 68.0 Sin saber de tí no vivo,

809.0 1634.0 711.0 87.0 que el que está ansente está muerto

809.0 1686.0 500.0 62.0 ó cuando menos cautivo;

809.0 1724.0 579.0 70.0 quiero piobarte que es cierto

809.0 1770.0 515.0 61.0 y estos renglones te escribo.

851.0 1803.0 546.0 78.0 Tengo el corazón más negro

807.0 1840.0 524.0 74.0 que el hollín de chimenea;

804.0 1879.0 461.0 75.0 hage Dios por mi salud

807.0 1932.0 460.0 55.0 que dentro poco te vea.

846.0 1962.0 518.0 75.0 Ya sabes cuánto me alegro

804.0 2008.0 503.0 62.0 cuando tus cartas recibo,

804.0 2046.0 558.0 72.0 con memorias de mi suegro;

802.0 2083.0 505.0 70.0 pero ahora que te escribo

802.0 2131.0 518.0 68.0 tengo el corazón más negro.

840.0 2171.0 333.0 57.0 La fatigosa tarea

796.0 2195.0 449.0 76.0 de la vida del soldado,

800.0 2249.0 548.0 71.0 sin mentir, que es cosa fea,

800.0 2285.0 527.0 76.0 me tiene mas chamuscado

796.0 2333.0 493.0 87.0 que el hollin de chimenea.
