1753 2480
214.0 157.0 416.0 60.0 El cielo les dió un infante,

217.0 204.0 415.0 44.0 á quien sus padres criaron

212.0 235.0 381.0 48.0 con santo temor de Dios

217.0 268.0 392.0 48.0 y documentos cristianos.

214.0 299.0 408.0 52.0 Apenas cumplio este niño

214.0 336.0 420.0 58.0 la tierna edad de seis años

210.0 374.0 406.0 53.0 puesto en oracion un dia

208.0 411.0 337.0 45.0 en su cuarto retirado

208.0 444.0 418.0 56.0 pidió á Dios le demostrara

210.0 481.0 370.0 50.0 una imágen del pecado

208.0 510.0 441.0 60.0 mortal, para que al mirarla

212.0 547.0 395.0 52.0 pudiera mejor temblarlo.

210.0 589.0 329.0 47.0 Oyó Dios su peticion

210.0 620.0 327.0 53.0 y en éxtasis elevado,

214.0 642.0 426.0 60.0 vió junto á sí una serpiente

206.0 684.0 463.0 62.0 tan horrible, que de espanto,

204.0 723.0 412.0 56.0 envuelto en un parasismo,

208.0 760.0 428.0 54.0 cayó en tierra desmayado:

212.0 799.0 399.0 48.0 volvió en si del accidente

208.0 822.0 453.0 64.0 el niño, y deshecho en llanto

204.0 865.0 393.0 50.0 esclamó: ¡Dios de Israel!

208.0 901.0 350.0 55.0 si tan feo es el retrato,

206.0 938.0 333.0 54.0 ¿qué será el original?

210.0 977.0 468.0 48.0 ¡y es posible que haya tantos

208.0 1008.0 362.0 48.0 que pasen toda su vida

208.0 1041.0 364.0 50.0 en el deplorable estado

204.0 1068.0 507.0 62.0 de la culpa, ¡oh mundo, mundo!

206.0 1107.0 374.0 52.0 ¿cómo tienes engañados

200.0 1140.0 447.0 56.0 á los que siguen tus sendas!

202.0 1178.0 509.0 51.0 Mas ya que Dios me ha ilustrado

200.0 1213.0 418.0 58.0 con las luces de su gracia,

206.0 1250.0 389.0 54.0 y prometo dar de mano

198.0 1281.0 358.0 56.0 a todas tus vanidades,

198.0 1314.0 451.0 58.0 pues ya estoy desengañado,

200.0 1359.0 416.0 46.0 que todas son apariencias

202.0 1395.0 391.0 53.0 y deleites momentáneos.

198.0 1421.0 370.0 54.0 No dijo mas, y con esto

196.0 1457.0 432.0 55.0 salió de casa el muchacho;

198.0 1492.0 366.0 55.0 en un cercano desierto

192.0 1531.0 411.0 54.0 ansioso andaba buscando

198.0 1568.0 331.0 46.0 una cueva para estar

198.0 1593.0 378.0 54.0 libre en ella del pecado.

196.0 1628.0 467.0 60.0 Mas Dios que siempre se vale

194.0 1667.0 409.0 52.0 de medios estraordinarios

196.0 1707.0 384.0 51.0 para hacer de pecadores

196.0 1738.0 434.0 55.0 los mas memorables santos,

196.0 1771.0 382.0 55.0 permitió que un capitan

194.0 1808.0 362.0 52.0 de foragidos malvados,

194.0 1829.0 492.0 72.0 que andan por aquellos montes

190.0 1880.0 399.0 50.0 cometiendo mil estragos,

192.0 1909.0 413.0 58.0 se encontrase con el niño;

194.0 1948.0 378.0 52.0 y apenas le vió llorando,

196.0 1981.0 395.0 52.0 le dijo: niño, ¿quién eres?

192.0 2010.0 442.0 64.0 ?cómo tu pueblo has dejado?

190.0 2054.0 434.0 60.0 Señor, le respondió el niño,

192.0 2091.0 362.0 83.0 yo la ciudad he dejado

893.0 165.0 492.0 52.0 huyendo de un fiero mónstruo

893.0 204.0 396.0 52.0 que causa tales estragos,

895.0 241.0 492.0 46.0 que estoy temblando de miedo

895.0 274.0 334.0 48.0 solo de considerarlos.

901.0 303.0 467.0 54.0 —Dime, niño, y ese mónstruo

893.0 341.0 485.0 53.0 que tanto á tí te ha asombrado,

895.0 380.0 430.0 54.0 ¿sabes de dónde ha venido?

901.0 417.0 438.0 48.0 —Estoy muy bien enterado

893.0 444.0 425.0 58.0 que su patria es el infierno

895.0 483.0 411.0 54.0 y segun me han espiicado

893.0 522.0 417.0 48.0 tiene por padre al demonio,

890.0 551.0 567.0 54.0 él mismo es quien le ha enjendrado.

897.0 589.0 407.0 55.0 —¿Y sabes cómo se llama?

899.0 626.0 448.0 53.0 —Tiene por nombre, pecado,

895.0 653.0 401.0 57.0 y el sobrenombre mortal.

895.0 692.0 417.0 58.0 Quedó el capitan pasmado

893.0 729.0 312.0 54.0 al oir estas razones;

895.0 760.0 361.0 52.0 y asiéndole de la mano

888.0 791.0 393.0 54.0 le dijo: vendrás conmigo

890.0 834.0 410.0 56.0 adonde están mis criados,

886.0 863.0 437.0 52.0 pues tendremos sumo gusto

886.0 905.0 426.0 53.0 que nos espliques despacio

888.0 942.0 391.0 45.0 segun alcance tu ingenio

888.0 973.0 432.0 56.0 lo que es el mortal pecado.

888.0 1008.0 449.0 56.0 Lo haré de muy buena gana

886.0 1045.0 447.0 62.0 si el cielo me da su amparo.

886.0 1078.0 356.0 50.0 Con este razonamiento

890.0 1107.0 422.0 58.0 pronto á la cueva llegaron,

886.0 1149.0 434.0 49.0 donde estaban los bandidos,

884.0 1180.0 480.0 60.0 que eran unos veinte y cuatro;

886.0 1217.0 323.0 56.0 juntos con el capitan

886.0 1250.0 337.0 56.0 alrededor se sentaron

884.0 1285.0 424.0 52.0 del niño, y de esta manera

886.0 1326.0 375.0 52.0 empezó á catequizarlos.

893.0 1359.0 361.0 54.0 Ya que desean ustedes

886.0 1399.0 354.0 49.0 oir hablar del pecado;

886.0 1411.0 451.0 70.0 voy á principiar, si el miedo

884.0 1465.0 403.0 47.0 me deja mover los labios.

886.0 1500.0 319.0 52.0 Es el pecado mortal,

884.0 1533.0 379.0 50.0 si bien lo consideramos,

882.0 1564.0 422.0 60.0 el mayor mal de los males,

888.0 1603.0 422.0 56.0 y segun sentir de un sabio.

880.0 1640.0 387.0 54.0 es el conjunto de todos;

878.0 1669.0 360.0 56.0 pues todos depositados

878.0 1707.0 411.0 55.0 sin mezcla de bien alguno

878.0 1742.0 358.0 47.0 se miran en el pecado.

878.0 1777.0 374.0 56.0 Las sagradas Escrituras

878.0 1804.0 416.0 64.0 nos dicen que es el pecado

876.0 1845.0 341.0 56.0 mas feo y abominable

874.0 1872.0 409.0 66.0 que todos los condenados

876.0 1917.0 387.0 56.0 y demonios del infierno:

878.0 1957.0 362.0 47.0 y para que conozcamos

874.0 1979.0 420.0 69.0 su fealdad de algun modo,

874.0 2019.0 360.0 60.0 oid este ejemplo claro.

876.0 2060.0 331.0 48.0 Si todas las criaturas

876.0 2083.0 409.0 140.0 juntase Dios en un campo.
