1860 2629
517 1080 836 157 VALS ALEGRE Y DIVERTIDO

390.0 1218.0 1099.0 120.0 TITULADO LA BARQUILLERA

221.0 1472.0 507.0 63.0 1. En un delicioso puerto

164.0 1516.0 553.0 89.0 de hermosa y fresca la orilla,

166.0 1562.0 432.0 59.0 en una frágil barquilla

164.0 1601.0 456.0 70.0 una tarde me embarqué.

214.0 1649.0 481.0 66.0 Y la hermosa barquillera

162.0 1691.0 715.0 96.0 no paraba, no paraba, no paraba de

739.0 1759.0 138.0 87.0 [remar

160.0 1741.0 436.0 66.0 y mientras ella remaba,

162.0 1787.0 467.0 62.0 y mientras ella remaba

162.0 1835.0 710.0 68.0 suspiraba, suspiraba, suspiraba con afán

203.0 1919.0 544.0 87.0 2 Cuando vió la barquillera

153.0 1978.0 472.0 72.0 que le amaba con pasión,

155.0 2024.0 397.0 66.0 con caricia me decía

153.0 2070.0 430.0 66.0 te entrego mi corazón.

199.0 2109.0 430.0 77.0 Era su faz tan divina,

153.0 2149.0 713.0 83.0 y su modo, y su modo, y su modo de

728.0 2214.0 131.0 71.0 [bogar,

155.0 2203.0 472.0 68.0 que parecía que el barco,

155.0 2249.0 470.0 66.0 que parecía que el barco

151.0 2287.0 513.0 94.0 no estuviese dentro el mar.

1022.0 1483.0 462.0 81.0 3 Al otro día siguiente,

973.0 1535.0 426.0 66.0 me dijo la barquillera

971.0 1581.0 478.0 62.0 cual flor de la primavera,

971.0 1627.0 465.0 62.0 qué lindo es usted galán.

1015.0 1673.0 489.0 64.0 Suelta el remo barquillera

971.0 1713.0 713.0 79.0 que me gusta, que me gusta su modo

1502 1768 173 96 [de remar,

969 1757 507 81 suelta el remo porque temo,

973.0 1805.0 518.0 70.0 suelta el remo porque temo,

969.0 1855.0 487.0 72.0 porque temo el naufragar.

1011.0 1954.0 509.0 72.0 4 Atravesando los mares,

965 1984 427 90 la barquillera preciosa

967 2044 390 70 que parecía una rosa,

965 2081 471 81 su semblante y perfección.

1011.0 2131.0 353.0 70.0 Ella su remo flotaba,

954.0 2179.0 517.0 75.0 sobre el agua, sobre el agua,

958 2221 437 72 sobre el agua con tesón,

954.0 2252.0 717.0 144.0 pero al fin los dos salimos á puerto de

1471.0 2328.0 193.0 92.0 [salvación.
