1753 2480
214.0 124.0 511.0 68.0 Dulce esposa de mi alma

169.0 173.0 531.0 64.0 demos mil gracias a Dios,

169.0 210.0 480.0 71.0 pues yo hice igual voto

169.0 258.0 467.0 66.0 y es el voto de los dos.

210.0 307.0 621.0 67.0 Entre ambos quedan contentos

169.0 349.0 449.0 62.0 llenos de satisfacción;

169.0 394.0 500.0 60.0 José volvió a su trabajo,

167.0 440.0 465.0 53.0 la virgen a su oración.

208.0 477.0 480.0 64.0 Estaba la santa Virgen

165.0 529.0 432.0 64.0 en su retiro rezando

169.0 576.0 465.0 52.0 y las santas escrituras

163.0 617.0 430.0 60.0 de Isaías meditando.

214.0 655.0 540.0 72.0 Y al leer que una doncella

165.0 708.0 434.0 52.0 será el Verbo Divino

167.0 746.0 539.0 74.0 tierna y candorosa Madre,

167.0 801.0 436.0 50.0 la Virgen Maria dijo:

206.0 841.0 490.0 55.0 Si esta dichosa doncella

163.0 884.0 434.0 60.0 yo llegara a conocer,

161.0 934.0 535.0 49.0 con que placer y contento

163.0 977.0 498.0 54.0 me mostraría a sus piés.

210.0 1012.0 513.0 68.0 Y al decir estas palabras

161.0 1054.0 436.0 68.0 un angel se apareció,

161.0 1103.0 533.0 58.0 y postrado ante la Virgen

161.0 1153.0 506.0 60.0 de esta manera le habló:

206.0 1196.0 571.0 58.0 «Dios te salve Virgen santa

161.0 1242.0 490.0 64.0 entre todas las mujeres,

161.0 1287.0 432.0 60.0 el Señor está contigo

163.0 1337.0 463.0 51.0 y llena de gracia eres.

204.0 1376.0 453.0 60.0 Sabed que concebiréis

161.0 1413.0 442.0 64.0 a Jesús fruto bendito,

161.0 1463.0 500.0 66.0 y en la estirpe de Jacob,

159.0 1510.0 510.0 62.0 gobernará eternos siglos.

206.0 1556.0 565.0 66.0 —Como tengo de ser madre

157.0 1591.0 471.0 62.0 la Virgen le respondió,

159.0 1649.0 502.0 53.0 el angel contesta y dice:

173.0 1688.0 556.0 54.0 —Nada es imposible a Dios.

208.0 1727.0 579.0 66.0 —Aquí está señor tu esclava

157.0 1777.0 481.0 54.0 rendida a tanta bondad

155.0 1822.0 564.0 66.0 cúmplase en mí tu palabra,

155.0 1868.0 407.0 51.0 hágase tu voluntad.

198.0 1905.0 376.0 60.0 El espirítu Divino

155.0 1950.0 502.0 71.0 en pura sangre encarnó,

155.0 2000.0 448.0 52.0 y en el seno de María

152.0 2046.0 426.0 49.0 figura humana tomó.

200.0 2087.0 486.0 58.0 Bajó del seno del Padre

155.0 2128.0 500.0 60.0 el Verbo; y con él unido

155.0 2170.0 535.0 62.0 quedó el Vientre de María

155.0 2225.0 580.0 89.0 más rico que el cielo mismo.

1070.0 132.0 496.0 74.0 San José repara un dia

1035.0 177.0 445.0 64.0 el estado de su mujer,

1033.0 217.0 531.0 76.0 ¡Dios de Israel exclama...

1031.0 270.0 459.0 58.0 ¿Esto cómo puede ser?

1072.0 297.0 556.0 79.0 Mi esposa está embarazada

1037.0 355.0 573.0 58.0 ¡Oh, Dios, la eterna bondad!

1033.0 403.0 585.0 66.0 ¿Cómo es posible cumpliendo

1029.0 446.0 420.0 66.0 de voto de castidad?

1072.0 491.0 534.0 64.0 ¡Más, sospechar de María!

1031.0 537.0 502.0 62.0 ¿Cómo es posible, Señor?

1029.0 576.0 599.0 72.0 siendo tan pura y más límpia

1029.0 620.0 498.0 70.0 que con sus rayos el sol.

1070.0 671.0 561.0 56.0 Aquí sin duda hay misterio

1027.0 704.0 554.0 81.0 más yo no lo entiendo a fé,

1029.0 762.0 488.0 60.0 mi esposa no me lo dice

1029.0 808.0 542.0 51.0 pues de ella me ausentaré.

1068.0 845.0 563.0 60.0 Si me ausento de mi esposa

1029.0 892.0 432.0 54.0 ¿cómo se alimentará?

1029.0 940.0 496.0 56.0 Pues si yo la desamparo

1027.0 977.0 583.0 60.0 ¿quién mi Dios le amparará?

1068.0 1027.0 585.0 51.0 Pues a su Dios y a su esposo

1025.0 1058.0 469.0 68.0 ha faltado ¡cruel dolor!

1025.0 1109.0 508.0 66.0 no puedo estar a su lado,

1023.0 1161.0 504.0 56.0 antes que todo mi honor.

1070.0 1198.0 468.0 60.0 Tomó San José su ropa

1025.0 1250.0 486.0 60.0 y se dispuso a marchar,

1023.0 1295.0 508.0 56.0 y antes de tomar camino

1023.0 1341.0 550.0 56.0 se fué un rato a descansar.

1064.0 1378.0 564.0 60.0 La Virgen que de su esposo

1023.0 1413.0 515.0 81.0 los designios comprendió,

1023.0 1471.0 442.0 62.0 se retiró a su oratorio

1021.0 1516.0 517.0 58.0 y al Señor se encomendó.

1077.0 1558.0 535.0 66.0 —«Dice: ¡Hijo de mi alma!

1023.0 1603.0 521.0 62.0 ¡Y cómo quedará mi Dios,

1023.0 1645.0 517.0 57.0 vuestra madre sin esposo

1019.0 1698.0 521.0 52.0 y también sin padre Vos!

1060.0 1738.0 519.0 55.0 Donde San José descansa

1017.0 1781.0 554.0 66.0 entró entonces San Gabriel

1017.0 1829.0 483.0 66.0 y dice: «José, despierta

1017.0 1876.0 531.0 54.0 que gozarás gran placer.»

1060.0 1919.0 475.0 56.0 «El estado de tu esposa

1021.0 1969.0 442.0 48.0 es por misterio divino

1019.0 2004.0 452.0 56.0 que a salvar el pueblo

1017.0 2048.0 423.0 55.0 el Mesias prometido.

1043.0 2095.0 623.0 54.0 Llévale al temploy por nombre

1019.0 2132.0 444.0 64.0 le has de poner Jesús,

1015.0 2182.0 456.0 60.0 que salvador significa

1012.0 2223.0 509.0 89.0 y aspirará en una cruz.»
