1860 2629
175 210 1463 120 RELACION DE UN GANZO DE UN COR-

160 308 1482 132 tijo, manifestando el chasco que le sucedió la no-

350 400 1102 132 che de S. Juan, en este presente año.

175 552 627 116 Dios gracias, aca estamos toos

162 644 605 63 carambita que me entrampau,

177 687 432 68 ¿es Sivilla esta Zuidad?

171 736 522 59 por que segun por la mapa

164 771 507 65 de muchachas y mancebos

171 823 447 53 no es otra cosa, mal ayá

168 865 294 59 tal tierra amen

171 911 405 59 y tengo razon sobraa

173 946 386 72 para jablar isparates

168 992 465 61 de Sivilla y su comarca.

173 1038 454 61 Sobre que estoy escamao

179 1084 463 61 por poquito dejo el alma

173 1132 417 53 en tan pustifera tierra

175 1172 474 54 á manos de mi desgracia:

186 1209 384 59 vaya solo un berrion

177 1250 516 68 de mi historia bien formaa.

179 1296 408 62 Yo sali de mi Cortijo,

175 1338 480 66 en hora buena ó en mala,

177 1388 461 60 noche de S. Juan Batista

177 1432 494 62 macuerdo que se llamaba,

179 1483 450 54 y bine aparar al puente.

182 1520 432 61 cre cho alla por Triana.

182 1566 429 63 Ojala que en el camino

179 1612 454 57 se me quebrara una pata

177 1645 522 66 y hubiera guelto al Cortijo

184 1697 425 60 entre dos jaldas de paja

188 1741 496 62 por no pasar tal virguenza.

184 1776 397 70 Apenas puse las patas

184 1827 401 59 en las calles de Sivilla

186 1870 344 64 repare que siceaba

186 1916 401 62 una mosuela, y desde

188 1958 336 55 una ventanita alta

188 1998 402 59 me jiso señas, mas yo

193 2046 429 57 que no me merezco naa

186 2076 561 75 me arrime aya ¡que muchacha!

193 2127 298 63 ¡que cachigorda!

190 2168 496 71 ¡que patas que me enseñaba!

190 2223 511 86 y que bueu troncho de pelo

182 2267 370 61 que tenia la malvaa;

184 2309 456 76 al ver tan grande proigio

186 2361 386 59 yo me jise una batata

184 2396 377 110 sin saber que le iria,

967 538 438 110 con los ojos me jablaba

976 628 414 62 y soltando de su boca

971 668 465 72 la sal que se le erramaba

980 720 408 70 ¿que me traes? me ijo

976 768 364 66 yo naa, le respondi,

973 817 294 48 mas si te agraa

973 845 514 75 aqui traigo algunos cuartos,

978 898 480 65 y me respondió pues baya

976 942 471 59 si algo traes yo te espero

982 988 391 54 y pelaremos la paba.

971 1018 450 66 Sali como un torbellino

978 1073 460 61 y compre piñones, pasas,

980 1112 586 73 y un panal de aquellos grandes

982 1167 485 55 que dan para beber agoa.

982 1200 579 70 Tambien le compre un muñeco

978 1244 452 63 de una manera tan rara

982 1303 445 48 que tirandole de un jilo

982 1338 426 64 jasia dos mil muanzas.

976 1380 473 57 Cuando golvi la encontré

976 1421 478 64 risueña como una pascua:

978 1467 511 60 me mandó que suba arriba

989 1518 368 61 y por una reja falsa

984 1562 452 54 me encaramé muy lijero

989 1601 410 66 y le hi lo que llevava:

991 1640 333 71 ¿pero que jembra?

984 1697 478 55 si se me ablandó la panza

987 1730 379 66 y toditito mi cuerpo

980 1765 487 70 se me hizo una zarandaja,

989 1827 430 65 y yo como no soy lerdo

982 1864 487 63 cuando vi que se arrimaba

991 1914 507 64 por entre los mismos jierros

987 1960 394 53 arrempijé con pijanza

989 2002 395 66 la cabeza por pegalle

984 2048 410 57 tan solo una tarascaa.

987 2085 379 68 Ella juyó y yo quee

984 2140 419 59 sin poer sacar la gaita;

989 2179 410 60 paso entre paso se fué

991 2214 463 77 y yo mientras mas tiraba

989 2271 449 53 el mismo Demonio amigo

991 2306 430 68 parece que me apretaba

984 2359 432 53 cual quearia mi cuerpo

976 2394 495 96 cuando vi entrar en la sala
