1753 2480
142.0 138.0 1548.0 227.0 Doña Francisquita

762.0 365.0 310.0 104.0 Mtro. Vives

456.0 586.0 827.0 77.0 Por el humo se sabe, donde está el fuego

452.0 644.0 746.0 79.0 del humo del cariño nacen los celos.

456.0 702.0 918.0 97.0 Son mosquitos que vuelan junto al que duerme

463.0 766.0 820.0 95.0 y... zumbando le obligan a que despierte.

458.0 830.0 883.0 100.0 ¡Ay! Si yo lograra, de verdad para siempre

456.0 901.0 408.0 84.0 dormir el alma (bis)

463.0 958.0 651.0 83.0 y en la celdilla del amor aquel...

458.0 1023.0 724.0 72.0 borrar el vértigo de aquella mujer...

454.0 1082.0 759.0 83.0 Por una puerta, del alma va saliendo

463.0 1161.0 399.0 58.0 la inmagen muerta.

475.0 1211.0 754.0 82.0 Por otra puerta llama, la inmagen que

465.0 1273.0 508.0 78.0 podría, curarme el alma.

465.0 1345.0 738.0 70.0 Se entra por los ojos, a veces sueño

465.0 1405.0 355.0 64.0 que yo la adoro.

465.0 1446.0 700.0 93.0 ¡Cariño de mi alma, recién nacido

465.0 1514.0 467.0 91.0 la llama extingue. ¡Ay!

469.0 1581.0 632.0 76.0 De aquel cariño... vana ilusión.

473.0 1647.0 694.0 84.0 En amores no vale matar la llama

469.0 1719.0 823.0 72.0 en las cenizas muertas queda una brasa.

475.0 1769.0 757.0 78.0 El amor se aletarga con los desdenes

481.0 1824.0 722.0 98.0 y parece dormida, pero no duerme.

479.0 1903.0 533.0 78.0 ¡Ay! Si yo lograra: etc. etc.
