1043 1411
417 1 143 33 –17–

83 31 796 39 años errante por el mundo en busca del que creia puriador de su

84 62 796 42 hermana. Llega Circon y anuncia á Rojer que el campo catalan se

83 94 791 45 ha sublevado y dice aparte á su hijo que se prepare para la vengan¬

83 126 794 50 za, á lo que contesta Alejo diciendo que contra el matador de su

85 163 404 45 hermana no tiene fuerza su brazo.

112 362 768 41 Parte Rojer á apaciguar el motin y entretanto lrene revela á Alejo

84 397 797 42 el secreto que ha descubierto y le dice que es preciso detener á un

85 428 793 45 emisario que Miguel ha enviado al Turco. Alejo se sosprende del in¬

88 469 725 49 terés que se toma lrene por Rojer, á lo que contesta la jóven:

268 535 198 43 No has conocido

237 563 388 51 Que estoy amando á ese hombre?

266 638 218 41 Seis años de lucha

238 666 308 46 Sufridos llevo hasta ahora

238 711 285 35 De dolores que él ignora

238 734 333 45 De suspiros que no escucha.

246 770 273 43 Yo en la pendiente fatal

241 803 322 45 De esta inclinacion maldita,

239 837 263 43 Rival fui de Margarita

246 868 202 43 Y de María rival.

117 935 759 46 Parte Alejo en busca del emisario griego en tanto que Roger re¬

88 972 800 47 gresa á palacio. Irene le sale al encuentro y le revela el peligro de

88 1006 799 44 muerte que le amenaza. Rojer no fia en sus palabras y pide una

90 1041 796 45 prueba. Irene le replica diciendo que esta prueba no faltará y que ya

89 1073 799 42 un soldado valiente ha salido á buscarla. Preguntando Roger porque

89 1112 799 36 razon se interesa tanto por él, contesta la jóven que porque fué amiga

90 1142 798 46 ó mejor hermana de aquella Margarita que él amó tanto y porqué

90 1178 798 38 siente en su corazon la voz de aquella que le grita que salve al que

89 1211 799 40 fué su esposo: le dice además que desconfie de todos y aun hasta, si

91 1246 781 56 bien con gran rodeos, le hace sospechar de María. Pero la sola pre-
