1860 2629
255 419 1339 115 Que la mar es muy traidora

432 536 615 35 Mucho cuidado joven nunca te fies

575 557 200 41 de la mujer

433 581 741 61 aunque te diga te adoro en cuerpo y alma

578 628 219 51 te de querer

432 660 748 55 yo tenia una novia que me decia tuya sere

578 701 202 42 me propuse

431 734 502 51 a observarla valiente chasco

577 772 230 40 que me lleve

429 784 941 70 la encontre una mañana con un soldado que hiba del

427 832 998 70 brazo y luego por la noche la vi con un cabo en el

1230 878 118 99 (teatro

575 880 355 45 cuando su cabo dejó

429 907 748 59 muy deprisa se marchó al muelle se dirijió

575 949 382 47 un sargento la esperó

429 978 694 57 a la orillita del mar y se fueron a bañar

609 1018 444 55 Mas despues me dijo ami

574 1057 459 44 sola seré para ti yo le dije

574 1092 511 51 sín tardar vete a la orilla del

577 1134 499 46 mar muy grandisimo pendon

575 1166 462 65 que te espera un batallón.

432 1229 606 67 El amor se parece a muchas flores

578 1285 294 45 aunque son finas

432 1310 706 49 ay que tratarla siempre con cierto tacto

577 1351 270 49 por sus espinas

432 1374 877 73 rico perfume brinda la flor saliente por primavera

574 1428 369 51 y el amor nos deleita

432 1457 587 53 cuando se siente por vez primera

574 1494 273 46 la linda víoleta

428 1524 640 63 al marchitarse polvo retorna cuando

575 1565 298 44 al amor se siente

428 1596 564 64 la dicha huye cual triste sombra

607 1635 366 49 A la orillita del mar

572 1681 423 39 me tengo que ir a llorar

572 1717 417 37 suspirando por mi amor

572 1743 431 54 que perdí cual pobre flor

572 1778 385 54 en el jardin del amor.

572 1812 377 64 se marchita de dolor.

527 1910 472 50 Era un lorito rico y bonito

572 1958 436 44 que nació en Nuevayork

498 1987 463 51 que lo tenia Doña Matilde

568 2033 353 36 para su distracción.

534 2053 563 60 Un día el señorito con la criada

571 2097 291 48 bailando estaba,

496 2126 567 57 y el pícaro lorito desde su jaula

569 2167 233 44 se lo miraba.

433 2183 908 79 Venga dña. Matilde venga enseguida haga el favor,

431 2243 770 57 y verá la criada y el señorito juntos los dos.

575 2275 497 58 Vaya usted al cuarto de allí

574 2317 402 41 y no me descubra a mi

569 2344 412 54 con silencio y cuidadito,

575 2379 393 54 Y a los dos juntos verá

569 2420 333 52 pero no les diga ná

565 2461 465 77 que me quemarian el pico.
