1860 2629
236.0 173.0 1411.0 170.0 La nit de Sant Joan

561.0 468.0 33.0 70.0 I

254.0 525.0 469.0 92.0 Vuit dias avans de s. Joan

212.0 600.0 441.0 61.0 van pels pisos la canalla,

208.0 646.0 423.0 66.0 recullint trastos podrits,

212.0 690.0 419.0 74.0 cañas y brasats de palla

212.0 738.0 353.0 74.0 y aprofitán la diada

214.0 788.0 404.0 70.0 trobareu á mols vehins

214.0 834.0 547.0 88.0 que aburrits de tantas chinchas

217.0 896.0 456.0 57.0 fan cremar los traspontins.

559.0 977.0 39.0 74.0 2

258.0 1042.0 402.0 77.0 Arriban fins al ters pis

225.0 1086.0 505.0 99.0 los fochs que fan al ensanche

219.0 1156.0 471.0 68.0 y el que vol surtir al balcó

230.0 1211.0 417.0 57.0 li sucarriman la pancha;

219.0 1237.0 500.0 88.0 quedan rostits tots los arbres

219.0 1301.0 436.0 63.0 omplint tot lo firmament

219.0 1353.0 480.0 66.0 de perfums, olors y aromas

219.0 1393.0 474.0 90.0 a' escarbats ab aiguardent.

568.0 1472.0 19.0 107.0 3

265.0 1568.0 388.0 51.0 Los xicots de un á un

219.0 1603.0 520.0 72.0 los fochs saltan com granotas

223.0 1665.0 428.0 70.0 y veuréu de tant en tant.

223.0 1717.0 509.0 59.0 com al mitj cauhen de potas;

219.0 1757.0 476.0 74.0 luego ab cuhets y petardos

223.0 1816.0 437.0 59.0 si algún ne va de perdut,

221.0 1855.0 447.0 75.0 al pobre que l'arreplega

225.0 1916.0 362.0 79.0 li fa un ull de vellut.

561.0 1984.0 42.0 73.0 4

269.0 2059.0 481.0 79.0 Quan los fochs son apagats

239.0 2120.0 451.0 64.0 las doncellas més mesuras

225.0 2168.0 393.0 86.0 al punt de la mitja nit

960.0 433.0 456.0 77.0 fan trenta mil probaturas;

967.0 497.0 458.0 52.0 trencan dos ous de gallina

962.0 543.0 406.0 59.0 ó als remenan ab el dit

967.0 591.0 480.0 57.0 y veuhen l' home en camisa

967.0 646.0 463.0 52.0 que ha de ser lo seu marit.

1300.0 733.0 42.0 62.0 5

993.0 764.0 553.0 114.0 Els pares qu' entre 'ls seus fills

967.0 856.0 399.0 53.0 un ne tenen de trencat

971.0 896.0 393.0 72.0 per curarlo desseguida

971.0 953.0 441.0 63.0 buscan un roure esbarlat,

973.0 990.0 439.0 79.0 y mentres tocan las dotse

965.0 1055.0 419.0 57.0 ab lo nen ben despullat

969.0 1101.0 469.0 71.0 lo passan per dins lo roure

971.0 1152.0 408.0 81.0 y mort d' un encostipat

1316.0 1215.0 21.0 77.0 6

1006.0 1307.0 476.0 71.0 Ni han que tiran tres fabas

973.0 1360.0 389.0 66.0 á las foscas sota 'l llit

971.0 1408.0 388.0 68.0 y luego en cullan una

973.0 1465.0 369.0 55.0 á las dotse de la nit;:

976.0 1507.0 438.0 66.0 si la faba es molt pelada,

976.0 1557.0 434.0 68.0 no tindreu may cap calé,

973.0 1608.0 435.0 54.0 més si per cás es peluda,

967.0 1654.0 504.0 63.0 seréu més rich que 'n Xifré.

1313.0 1711.0 40.0 109.0 7

1015.0 1811.0 441.0 64.0 Sol portar mals resultats,

973.0 1855.0 400.0 66.0 la desdichada verbena

976.0 1908.0 429.0 61.0 si una dona per mal cap

976.0 1956.0 456.0 70.0 l' home li toca l' esquena;

978.0 2013.0 480.0 52.0 quantas donzellas gemegan

980.0 2061.0 408.0 64.0 per la nit de Sant Joan;

980.0 2111.0 496.0 55.0 nit que 'ls porta la memoria

987.0 2155.0 469.0 84.0 las hortas de Sant Bertrán.

660.0 2320.0 599.0 96.0 Imps. Hospital, 19 «El Abanico».
