1888 2582
403 844 1016 134 ROMANCE NUEVO,

223 978 1380 103 EN EL QUAL SE DA CUENTA DE LO QUE

299 1052 1215 109 sucedió à una Dama con un Leon, con todo lo

453 1128 917 89 demás que verá el curioso Letor.

340 1336 521 71 de la Trinidad Suprema

223 1284 642 101 LAs Tres Divinas Personas

222 1382 620 72 alumbre mi entendimiento,

222 1435 578 72 y memoria, porque pueda

225 1491 542 59 mover mi rustico estilo,

222 1531 578 74 y dar principio mi lengua.

218 1582 480 69 Salí pues una mañana

220 1629 471 72 à divertir las tristesas

208 1679 553 68 de la tempestad passada,

216 1735 581 62 y el antubion de mi pena,

210 1775 514 62 por las orillas del Betis,

206 1826 558 63 y en esta hermosa ribera,

205 1874 586 65 buscando entre los ramos,

206 1920 501 69 la braveza de las fieras.

189 1964 626 77 En lo aspero de los Sáuces

213 2021 646 97 vi una muger (que belleza!)

905 1296 627 79 una Venus, poco he dicho;

909 1348 567 76 una Palas con dos flechas,

918 1398 428 63 y con la una tiraba

916 1444 501 73 à mi amor finas saetas,

912 1496 459 68 y con la otra ofrecia

912 1543 498 73 al corazon sus ofertas.

912 1590 597 76 Lleguéme à ella, y le dixe:

906 1636 660 85 Dios te guarda hermosa prenda

909 1688 626 76 dime: que ha sido el motivo

906 1737 535 74 de venir à esta aspereza?

905 1787 611 83 Respondióme con donayre;

902 1837 522 77 si te acompaña nobleza,

900 1886 609 80 gallardo, y piadoso Joven,

898 1942 561 67 oye, y sabrás la entereza

899 1983 582 81 de esta mi tragica historia

895 2036 609 82 que mi boca te comfiessa:

1365 2102 142 76 Na-
