1936 2608
417 175 566 85 el amor que me professas;

415 227 658 91 y assi, aunque passe las aguas

411 278 659 95 del mar muerto, y aunque vea

408 326 470 81 los peligros à los ojos

410 370 626 97 seré tuyo, hermosa prenda,

407 423 450 75 y sacandote de aqui,

407 473 472 76 haré segura mi oferta.

410 517 604 92 Vamos siguiendo el camino

404 576 464 68 por esta fresca ribera,

401 618 564 87 pues llegando à la Ciudad

401 670 542 81 al Vicario le doy cuenta,

399 722 563 79 quien informado del caso,

398 765 567 90 luego de su punto ordena

397 814 526 87 el desposarnos, y luego

391 862 529 88 hechas estas diligencias,

392 912 516 99 fuimos á su casa donde

1112 208 648 99 con sentimiento, y con pena,

1110 260 508 86 está el Padre sin saber

1104 305 625 94 donde estava esta Minerva:

1111 354 578 97 Pero al punto que la vido,

1114 411 551 84 y supo aquesta tragedia,

1114 453 504 87 quedó muy agradecido,

1110 511 584 81 y en su casa me aposenta;

1104 550 560 91 dandole infinitas gracias,

1083 599 509 85 à la Trinidad Suprema.

1110 647 508 83 Y ahora noble auditorio

1102 705 493 71 aqui el humilde Poeta

1102 749 507 79 de rodillas por el suelo

1094 801 489 72 suplica con reverencia

1094 847 553 81 que le perdones las faltas

1091 905 658 90 que en este pliego se encierran

937 1156 278 158 FIN.

414 1732 1277 132 Barcelona: En la Imprenta de los Herederos de Juan Jolis,

689 1800 705 106 en la calle de los Algodoneros.
