1892 2580
361 196 553 72 Nací yo de nobles Padres

361 249 543 79 en Cordova la opulenta,

358 303 514 75 me criaron con regalos

358 355 543 67 entre primores, y sedas;

354 405 551 63 y apenas tuve tres lustros

356 452 654 78 (aqui empiezan mis tragedias)

352 505 546 66 trataron pues de casarme

351 556 656 70 (que sentimiento, y que pena!)

349 603 539 67 con un noble Cavallero;

346 653 671 69 y aunque es mucha su nobleza

345 700 506 68 no me llevó la aficion,

345 751 502 67 ni me obligó su fineza.

344 794 602 80 Mi Padre con grande enojo,

344 848 569 70 quando vió mi resistencia,

341 894 559 82 me castiga con rigor,

342 960 496 51 y amenaza con fiereza.

342 991 505 76 Tenia yo dada palabra,

339 1053 662 60 con mucho agrado, y firmeza

338 1095 610 68 à un criado de mi hermano,

339 1148 639 68 quien con gala, y gentileza,

335 1195 507 60 se llevaba mi atencion;

333 1247 567 63 y una noche con presteza

332 1295 512 66 me vali de una criada,

332 1344 636 67 (que nunca faltan terceras)

331 1396 544 64 para escribirle un papel,

329 1441 566 65 diciendo de esta manera:

331 1489 617 66 Gallardo, y hermoso Joven,

328 1540 501 63 mi lealtad te confiessa,

328 1591 587 64 como mi Padre empeñado

323 1636 641 69 quiere casarme, y se empeña

326 1687 618 68 en cumplir con la promesa,

323 1735 645 65 que le hizo à Don Francisco,

325 1788 562 65 y con esto me amedrenta

326 1837 570 57 dandome fuertes castigos;

326 1884 497 69 y temiendo la sobervia

325 1938 513 64 de mi Padre te suplico,

318 1985 658 64 que me saques de esta tierra:

323 2035 494 97 y à la hora de las doce

1017 1935 631 58 un Leon, que con sus garras

1047 202 526 87 me hallarás en esta reja,

1049 266 488 65 donde solemos hablar;

1052 315 554 66 preventa para la empresa,

1052 366 566 68 y mira que no hagas falta,

1049 414 564 60 porque quedo ya resuelta

1044 462 534 64 à hacer algun desatino,

1040 508 569 69 que atropelle mi nobleza,

1043 563 639 67 no digo mas, Dios te gnarde

1042 607 549 66 del alma querida prenda.

1036 657 569 68 Me previne aquella noche

1036 703 580 73 de joyas, galas, y prendas

1040 768 625 49 para emprender la conquista

1034 804 651 80 del amor, que me atormenta;

1034 855 506 60 yá pues llegada la hora

1027 903 543 65 de la noche con presteza

1032 956 471 60 en un ligero Cavallo,

1030 1004 543 60 que al viento su ligereza

1032 1056 447 54 le quita por lo velóz

1033 1096 543 63 de su exalacion la fuerza.

1019 1143 582 80 Llegados pues à este sitio,

1030 1204 513 53 de mi amante la fiereza

1024 1244 513 60 ingrato, y desconocido

1026 1295 563 60 quiso violar con violencia

1026 1345 572 63 la flor de mi Abril florido.

1033 1394 525 68 Y viendo mi resistencia,

1021 1441 548 65 me dió cinco puñaladas,

1026 1492 583 58 que sin alientos me dexan;

1029 1542 583 61 y yo rebuelta en mi sangre

1020 1583 588 69 entre suspiros, y quexas,

1021 1634 547 67 justicia le pido al Cielo,

1021 1684 578 66 y llamé à la Sacra Reyna,

1027 1732 498 68 Madre de los afligidos

1017 1781 495 66 de misericordia llena;

1014 1840 597 53 quien oyendo mis clamores

1014 1889 498 57 me envió con ligereza

1013 1980 484 60 despedazó con fiereza

1006 2029 482 89 à aquel aleve traydor.

1569 2064 54 118 Y
