1908 2659
283 786 1206 131 NOTICIAS CIERTAS,

226 888 1323 117 EN QUE SE CONTIENE EL DESCUBRIMIENTO

250 972 1250 87 de una isla la mas rica, y abundante de todo cuanto hay

305 1034 1159 80 en el mundo; descubierta por el afortunado capitan

392 1096 984 80 llamado Longares de Sentlom y de Gorgas.

230 1189 1330 78 Compuesto por un soldado que iba en el navio que la descubrió,

374 1236 1017 102 como testigo de vista de todo lo que aqui se refiere.

232 1338 585 71 Desde el Sud al Norte frio,

226 1387 523 73 desde el Oriente al Ocaso,

223 1435 565 78 la fama con trompas de oro,

234 1491 526 68 publique en acentos claros

226 1546 429 60 el suceso mas famoso,

228 1590 569 69 y el mas prodigioso hallazgo,

237 1648 509 69 que el dorado Sol registra

228 1686 521 77 luz á luz, y rayo á rayo.

230 1739 485 71 Es el caso que un navio

230 1794 514 67 del general Don Fernando,

228 1845 534 65 surcando del dios Neptuno

232 1887 463 71 el mal sazonado charco,

232 1936 457 75 ha descubierto una isla,

237 1996 438 60 cuyos garifos espacios,

234 2040 475 71 ó son jardines de Venus,

234 2091 455 118 ó son pensiles de Baco.

906 1342 450 73 Cuyas casas eminentes,

906 1393 498 69 cuyos rumbosos palacios,

908 1442 481 69 ó brillan con margaritas,

908 1491 539 68 ó deslumbran con topacios.

913 1546 469 67 Sus fachadas y paredes

908 1595 563 73 todas son de piedra marmol,

906 1646 421 69 de marfiles espejosos,

919 1701 417 62 y cándidos alabastros.

908 1734 556 82 Sus cuadras, sus aposentos,

910 1792 435 73 todos están entoldados

908 1843 443 73 de tela de plata y oro,

921 1905 432 60 y brocado de tres alto.

908 1945 388 73 Bufetes de filigrana,

913 1992 463 73 escritorios de oro vario,

913 2042 365 76 baúles de pedreria,

910 2100 461 131 camas de cristal cajado,

1442 2156 51 104 sa-
