1472 2111
695.0 52.0 70.0 64.0 —24—

116.0 125.0 1232.0 67.0 rrible tormenta que destrozando sus naves mal acondiciona-

116.0 174.0 1026.0 57.0 das, le quedó solamente un navío medio deshecho.

181.0 218.0 1166.0 61.0 La tripulación se le rebeló, atribuyéndole la causa de todas

114.0 263.0 1233.0 59.0 sus desgracias, y atentaron contra la vida de Colón. En grande

113.0 307.0 1232.0 62.0 apuro se vió éste para librarse del peligro; mas por fin logró

112.0 354.0 1233.0 61.0 sofocar la rebelión, y luchando con todas sus fuerzas contra

111.0 398.0 1229.0 58.0 el furor de las olas, consiguió arribar al puerto de Sanlúcar,

109.0 446.0 288.0 59.0 en Andalucía.

177.0 485.0 1165.0 62.0 Cuando Colón desembarcó supo la muerte de Isabel de Cas-

109.0 534.0 1235.0 54.0 tilla, acaecida el 9 de Noviembre del mismo año de 1504. El

107.0 574.0 1235.0 68.0 almirante, luego que descansó y se restableció de sus dolen-

106.0 620.0 1234.0 68.0 cias, pues los repetidos ataques de la gota que padecía le po-

106.0 668.0 1235.0 61.0 nían á punto de morir, se puso en camino para la corte. Se

107.0 710.0 1231.0 60.0 presentó al rey Fernando acompañado de su hermano Barto-

105.0 756.0 1234.0 60.0 lomé, y el monarca los recibió con grande frialdad. Colón hizo

105.0 804.0 1230.0 62.0 repetidas instancias para que fuesen recompensados sus ser-

106.0 847.0 1232.0 64.0 vicios; y aunque se le dieron en la corte muy buenas pala-

103.0 892.0 1235.0 62.0 bras, viendo que nunca llegaban á ser cumplidas, renunció,

102.0 937.0 1235.0 64.0 al fin á todos sus privilegios y el rey le dió en equivalencia

100.0 981.0 1235.0 63.0 una villa pequeña con algunas posesiones. Asi terminó su ca-

100.0 1026.0 1233.0 64.0 rrera el hombre que había cubierto á la España de gloria dán-

97.0 1071.0 1237.0 67.0 dola riquezas de gran importancia con el descubrimiento de,

98.0 1120.0 369.0 52.0 un Nuevo Mundo.

164.0 1157.0 1169.0 67.0 Se retiró Colón á Valladolid á disfrutar pacíficamente el

96.0 1206.0 1236.0 59.0 fruto de sus penosos trabajos, y allí permaneció muy poco

95.0 1253.0 1236.0 60.0 tiempo, pues agravadas sus enfermedades, entregó su alma

95.0 1295.0 1236.0 58.0 al Criador el día 20 de Mayo de 1506, día de la Ascensión, á

93.0 1339.0 1237.0 65.0 la edad de 70 años. Fué trasladado su cadáver á la Cartuja de

92.0 1385.0 1236.0 59.0 Sevilla, y desde allí á la Isla Española, siendo enterrado en la

92.0 1431.0 1233.0 60.0 capilla mayor de la catedral de Santo Domingo, donde por es-

92.0 1475.0 1234.0 66.0 pacio de tres siglos han descansado sus restos mortales, hasta

93.0 1519.0 1233.0 64.0 que cedida la parte española de la Isla de Santo Domingo á

92.0 1569.0 1233.0 58.0 los franceses, fueron exhumadas las cenizas y trasladadas á

92.0 1609.0 1232.0 59.0 la isla de Cuba, con ánimo de construir un monumento digno

91.0 1655.0 1234.0 59.0 de la memoria del gran Colón, lo cual todavía no se ha

95.0 1704.0 213.0 64.0 verificado.

659.0 1831.0 96.0 67.0 FIN
