1451 2132
668.0 72.0 75.0 57.0 —8—

132.0 116.0 1212.0 81.0 de acercarse al término de su empresa, les pidió que le con-

135.0 169.0 1211.0 67.0 cedieran tres días, en cuyo tiempo si no descubría la tierra

133.0 213.0 1212.0 67.0 que anhelaban, ó los volvería á España ó les entregaba su vida.

139.0 260.0 1208.0 71.0 Tranquilizados los ánimos con esta promesa, continuaron su

136.0 304.0 1210.0 72.0 rumbo las naves; y en la noche del segundo día, tanta era la

137.0 347.0 1213.0 75.0 certeza que tenía Colón de la proximidad de tierra, que mandó,

137.0 393.0 1209.0 72.0 á todos sus súbditos diesen gracias á Dios por haberles pro-

140.0 438.0 1210.0 77.0 tegido en su arriesgada empresa, y dispuso también que se

139.0 487.0 1208.0 69.0 plegasen las velas para precaver un choque contra las costas.

204.0 529.0 1145.0 67.0 A las dos de la madrugada, la tripulación de la Pinta lan-

139.0 575.0 1213.0 69.0 zó de repente el grito de ¡tierra! ¡tierra! é instantáneamente,

144.0 620.0 1207.0 72.0 rebosa el gozo y la alegría en las tres embarcaciones. Al des-

140.0 663.0 1211.0 77.0 puntar la aurora los marineros entonan el Te-Deum, y conclui-

142.0 709.0 1213.0 73.0 do este piadoso deber, todos anegados en llano se arrojan á los

143.0 755.0 1210.0 74.0 pies del almirante, suplicándole les perdone los inmerecidos

143.0 801.0 1208.0 74.0 ultrajes que le han hecho durante la travesía. Colón les pro-

142.0 845.0 1209.0 72.0 mete olvido completo de lo pasado, y les prescribe las medi-

143.0 891.0 1206.0 74.0 das que aconsejaba la prudencia para el arribo á aquellas cos-

142.0 947.0 350.0 58.0 tas desconocidas.

585.0 1024.0 329.0 66.0 CAPITULO III

146.0 1114.0 1211.0 63.0 Desembarco de los españoles en la isla de Guanahani.—Toma el almirante posesión

177.0 1153.0 1181.0 57.0 de aquellas tierras en nombre de los Reyes Católicos.—Descubrimiento de Cuba.—

180.0 1192.0 1178.0 68.0 Traición del comandante de una de las naves.—Descubrimiento de otra isla.—Nau-

178.0 1236.0 942.0 76.0 fragio y establecimiento de una colonia.—Vuelve Colón á España.

212.0 1298.0 1145.0 72.0 Aquella tierra que se presentaba á su vista se llamaba Gua-

148.0 1349.0 1215.0 68.0 nahaní, una de las islas Lucayas, y Colón la dió el nombre

146.0 1396.0 1216.0 62.0 de San Salcador, para perpetuar la memoria de que al descu-

148.0 1435.0 1214.0 71.0 brimiento de ella debía su salvación. Dada la orden para vo-

149.0 1481.0 1213.0 69.0 tar al agua las chalupas, Colón se dirige á las costas y le acom-

150.0 1525.0 1214.0 72.0 pañan todos los oficiales con las banderas en que se ostentan

150.0 1569.0 1213.0 66.0 los nombres de Fernando é Isabel. Al compás de una música

149.0 1615.0 1216.0 65.0 militar y de los gritos entusiastas de toda la tripulación, el

149.0 1659.0 1217.0 72.0 almirante salta en tierra y pone el primero el pie en aquel

150.0 1706.0 1212.0 69.0 nuevo universo. Sus compañeros le siguen, besan enajena-

149.0 1750.0 1216.0 71.0 dos aquella tierra, cuyo aspecto delicioso cautiva los corazo-

151.0 1793.0 1217.0 73.0 nes, y fijando en el suelo una cruz grande, todos arrodillados

150.0 1840.0 1219.0 70.0 delante, dan gracias al Todopoderoso, y en seguida Colón

151.0 1885.0 1217.0 69.0 hace la ceremonia de tomar solemne posesión á nombre de los

152.0 1931.0 908.0 65.0 Reves Católicos el día 12 de Octubre de 1492.

216.0 1973.0 1152.0 76.0 El estruendo de las salvas de artillería, los ecos de la mú-
