1471 2109
710.0 43.0 71.0 67.0 —23—

125.0 118.0 1232.0 72.0 ron bien aquel nuevo proyecto, aprestándole una escuadra

126.0 165.0 805.0 70.0 para emprender una nueva expedición.

193.0 206.0 1164.0 71.0 Solamente cuatro navíos muy pequeños y mal acondicio-

128.0 256.0 1228.0 68.0 nados componían el equipo de Colón, y sin embargo, se arries-

132.0 295.0 1231.0 74.0 gó á emprender un viaje tan dilatado, sólo con el deseo de

130.0 338.0 1234.0 75.0 ser útil á España. Salió del puerto de Cádiz el día 11 de Mavo

131.0 384.0 1235.0 74.0 de 1502, dirigiéndose á Santo Domingo. Cuando estuvo á la

138.0 433.0 1231.0 69.0 vista de la isla, pidió permiso á Ovando para entrar en el

134.0 475.0 1231.0 75.0 puerto: mas el gobernador se lo negó. Colón, como experimen-

137.0 527.0 1178.0 63.0 tado marino, conoció que se acercaba un furioso huracán.

205.0 563.0 1165.0 77.0 El gobernador había dispuesto una flota considerable para

137.0 609.0 1233.0 74.0 enviar á España, y debiendo hacerse á la vela en aquel día,

138.0 653.0 1233.0 76.0 Colón le advirtió el gran peligro, y al mismo tiempo le supli-

140.0 700.0 1232.0 74.0 có le permitiese guar cerse de la tormenta. Ovando despre-

141.0 749.0 1230.0 64.0 ció las palabras de Colón, prohibiéndole la entrada en el puer-

147.0 786.0 1230.0 77.0 to y haciéndose á la vela la flota para España. Esta pereció,

144.0 833.0 1235.0 76.0 casi toda pocos instantes después de su salida, en que estalló,

145.0 879.0 1232.0 72.0 una horrorosa borrasca, y la escuadra de Colón pudo salvar-

146.0 923.0 1233.0 75.0 se por las sabias disposiciones del almirante. Solamente se

147.0 966.0 1233.0 77.0 libraron del naufragio tres embarcaciones de las diez y ocho

147.0 1018.0 1234.0 71.0 que componían la rica flota enviada por Ovando. En ella iban

150.0 1060.0 1227.0 74.0 Roldán y Bobadilla, y en el fondo del mar recibieron el cas-

152.0 1111.0 629.0 65.0 tigo de su depravada conducta.

220.0 1145.0 1159.0 78.0 Colón siguió su rumbo luego que hubo pasado el peligro,

161.0 1193.0 1225.0 75.0 y aunque descubrió varias islas, unas después de otras, en una

155.0 1238.0 1231.0 71.0 larguísima navegación, no pudo encontrar el término que se

154.0 1281.0 1233.0 74.0 había propuesto, ó sea el paso desde el Atlántico al mar

157.0 1328.0 1229.0 74.0 del Sud, por lo cual, desanimado, renunció á su proyecto,

159.0 1368.0 1232.0 76.0 retrocediendo á un país llamado Veragua, donde le habían,

159.0 1415.0 1228.0 77.0 informado que había muy ricas minas de oro. Grandes fue-

160.0 1458.0 1232.0 79.0 ron los peligros y trabajos que sufrió en este viaje, pero al fin

161.0 1505.0 1231.0 75.0 llegó al país que deseaba. Viendo Colón que aquel sitio era

161.0 1550.0 1230.0 76.0 hermoso y tan riquísimas sus producciones, determinó esta-

162.0 1595.0 1231.0 76.0 blecer allí una colonia, y en pocos días se construyeron las,

161.0 1642.0 1234.0 73.0 casas necesarias. Los indios de aquel territorio se opusieron

162.0 1681.0 1232.0 80.0 al establecimiento y atacaron á los españoles con tal denuedo,

162.0 1731.0 1232.0 73.0 que les fué difícil triunfar de sus adversarios. Al fin lo consi-

166.0 1772.0 1231.0 80.0 guieron; mas, repitiéndose diariamente las embestidas, hubie-

165.0 1818.0 1233.0 70.0 ron de renunciar al establecimiento de la colonia, y embarca-

165.0 1860.0 1232.0 72.0 dos de nuevo, Colón se hizo á la vela con tres navíos en muy

167.0 1908.0 1233.0 77.0 mal estado, dejando abandonado uno que de nada le servía.

239.0 1950.0 1161.0 79.0 En este viaje le fué muy contraria la suerte; sufrió una te-
