1441 2119
665.0 61.0 112.0 80.0 —21—

100.0 140.0 1229.0 61.0 cias dadas por Colón á la corte que le facilitaron los enemigos

101.0 191.0 1228.0 53.0 del almirante, se hizo á la vela en compañía de un italiano

102.0 236.0 1229.0 58.0 llamado Américo Vespucio. Este, cuyos conocimientos eran

103.0 281.0 1228.0 58.0 muy superiores á los de Ojeda, logró en breve ser el verdadero

104.0 326.0 1225.0 58.0 jefe de la expedición. Con el itinerario de Colón en la mano,

104.0 370.0 1227.0 58.0 siguió el mismo rumbo de aquél, y arribando á todas las cos-

105.0 413.0 1225.0 61.0 tas que había tocado el almirante, llegó tambien á la del con-

104.0 461.0 1228.0 55.0 tinente. Cuando ya hubo tomado bastante conocimiento de

105.0 506.0 1230.0 59.0 todos aquellos puntos, volvió á España, donde hizo correr la

107.0 549.0 1224.0 54.0 voz de que había descubierto la tierra firme del Nuevo Mundo.

109.0 601.0 1224.0 54.0 Tal gloria pertenecía exclusivamente á Colón; pero como éste

105.0 641.0 1228.0 52.0 no había publicado sus noticias, en la corte solamente se sa-

105.0 683.0 1228.0 61.0 bían, y allí casi todos eran enemigos suvos. Esta circunstan-

105.0 732.0 1231.0 56.0 cia hizo que le considerasen los españoles como el autor del

105.0 773.0 1230.0 58.0 descubrimiento de tierra firme á la otra parte del Océano, al

108.0 818.0 1225.0 63.0 italiano Américo Vespucio, dándole su nombre, y ya desde

107.0 866.0 560.0 60.0 entonces se llamó América.

554.0 973.0 334.0 74.0 CAPITULO VI

114.0 1071.0 1224.0 56.0 Nuevo comisario á las Indias.—Bobadilla en Santo Domingo.—Prisión del almirante

142.0 1114.0 1197.0 49.0 y su regreso á España.—Su libertad por orden del rey.—Preséntase en la corte.—

140.0 1154.0 1198.0 47.0 Ovando en reemplazo de Bobadilla.—Su nombramiento de gobernador.— Nuevo

141.0 1196.0 1196.0 49.0 viaje de Colón.—Hostilidades con los indios.—Regreso de Colón á España.—Su es-

138.0 1263.0 404.0 26.0 tablecimiento y su muerte.

175.0 1307.0 1164.0 58.0 La rebelión que había logrado apaciguar Colón en la isla

111.0 1356.0 1226.0 60.0 Española, no había sido dominada por algún tiempo, y Rol-

113.0 1404.0 1229.0 51.0 dán, que odiaba ilimitadamente al almirante, ponía en juego

114.0 1449.0 1225.0 53.0 toda clase de maquinaciones para concitar los ánimos de los

111.0 1495.0 1228.0 50.0 descontentos y para malquistarle con la corte de España. Ta-

113.0 1540.0 1225.0 55.0 les sugestiones lograron que el rey creyese culpable á Colón.

113.0 1583.0 1227.0 55.0 El rey dispuso que fuese allá un comisario con facultades para

113.0 1629.0 1224.0 57.0 destituir al almirante si lo juzgaba oportuno. Este hombre,

115.0 1672.0 1223.0 56.0 propuesto por los enemigos de Colón, se llamaba Bobadilla.

176.0 1717.0 1167.0 52.0 Cuando el comisario llegó á la Española, se hallaba Colón

113.0 1762.0 1227.0 59.0 fuera de la ciudad ocupado en asuntos de su gobierno. Apro-

117.0 1808.0 1222.0 55.0 vechó Bobadilla esta ocasión para tomar inmediatamente po-

115.0 1851.0 1225.0 58.0 sesión de la casa de aquel y de cuanto en ella había, declaran-

114.0 1897.0 1229.0 52.0 do públicamente que le había enviado el rey á la colonia pa-

115.0 1942.0 1228.0 56.0 ra destituir á Colón. Soltó á todos los que tenía presos el al-

115.0 1991.0 1225.0 64.0 mirante, y á éste le citó por un alguacil para que compare-
