1460 2118
125.0 136.0 1232.0 39.0 el reino. Estos, cuyos conocimientos eran muy inferiores á

127.0 161.0 1229.0 59.0 los de Colón, informaron al monarca desfavorablemente des-

127.0 205.0 1229.0 62.0 pués de cinco años de consultas y esperanzas. La corte de

127.0 251.0 1228.0 61.0 España declaró á Colón que no podía ocuparse de más empre-

125.0 298.0 1229.0 59.0 sas por entonces que de la guerra que con los moros soste-

124.0 341.0 1228.0 60.0 nia en Granada. No se desanimó Colón con esta negativa:

128.0 387.0 1223.0 60.0 pensó interesar en su favor á dos grandes de España, y éstos

130.0 431.0 703.0 57.0 también se negaron á escucharle.

161.0 475.0 1193.0 62.0 Más de cinco años de inútiles tentativas no bastaron para

124.0 520.0 1230.0 62.0 hacer desistir de su proyecto al intrépido navegante, y cada

125.0 565.0 1229.0 62.0 vez más persistía en su idea. Tenía un hijo educándose en un

121.0 610.0 1229.0 58.0 convento de religiosos franciscos de la Rábida, cerca del Puer-

122.0 654.0 1229.0 61.0 to de Palos, en Andalucía, y fué allá para verle. Era el supe-

122.0 706.0 1230.0 55.0 rior del convento un hombre muy sabio, y hablándole Colón

121.0 743.0 1230.0 65.0 de sus planes, le oyó con mucho agrado y le ofreció interpo-

123.0 790.0 1228.0 56.0 ner el gran valimiento que tenía con la reina y obtener su

124.0 833.0 1225.0 61.0 gracia en favor de Colón. En efecto, se dió tan buena maña,

122.0 880.0 1229.0 62.0 que el genovés fué llamado inmediatamente á la corte. Sin

118.0 924.0 1228.0 62.0 embargo, sometido de nuevo el proyecto al examen de los

117.0 975.0 1231.0 49.0 cortesanos, le condenaron como anteriormente. Se decidió

117.0 1013.0 1232.0 64.0 Colón á partir para Inglaterra y hacer su tentativa con aquel

116.0 1059.0 1230.0 62.0 rey, porque no había tenido noticia alguna de su hermano,

116.0 1102.0 698.0 61.0 desde que le envió con tal objeto.

187.0 1148.0 1155.0 62.0 Ya próximo á emprender su viaje, se verificó la conquis-

118.0 1194.0 1227.0 59.0 ta de Granada por los reyes Católicos, y esto concluía la gue-

118.0 1239.0 1226.0 61.0 rra tantos años sostenida con los moros. Los amigos de Co-

117.0 1282.0 1227.0 64.0 lón supieron aprovechar esta favorable coyuntura, y logra-

116.0 1329.0 1229.0 59.0 ron que la reina Isabel consintiese en dar lo necesario para

116.0 1371.0 1228.0 61.0 la expedición al Nuevo Mundo. Colón recibió la escritura que

116.0 1417.0 1228.0 62.0 le hicieron los reyes de España de reconocerle por virrey de

117.0 1462.0 1227.0 60.0 todas las comarcas que descubriese, perpetuar en sus descen-

114.0 1508.0 1230.0 62.0 dientes aquella dignidad, y cederle la décima de los produc-

115.0 1549.0 877.0 68.0 tos en cada año de las tierras descubiertas.

714.0 33.0 53.0 71.0 —5—

566.0 1647.0 335.0 55.0 CAPITULO II

114.0 1695.0 1231.0 79.0 Preparativos para la expedción.—Castos del armamento y gente que compone el equi-

144.0 1763.0 1201.0 49.0 paje.—Partida de Colón á su descubrimiento.—Rebeliones de la tripulación.—Pla-

144.0 1799.0 1200.0 51.0 zo convenido entre Colón y su gente.—Descubrimiento de tierras.—Arribo á las

144.0 1836.0 289.0 47.0 islas desconocidas.

176.0 1910.0 1167.0 62.0 La reina Isabel facilitó á Colón lo necesario para la expe-

110.0 1954.0 1232.0 74.0 dición al Nuevo Mundo; mas los recursos fueron tan limita-
