1439 2126
702.0 30.0 58.0 63.0 —15—

121.0 99.0 1219.0 60.0 vieron precisados á trabajar, á sufrir las incomodidades de un

114.0 148.0 1225.0 58.0 clima muy ardoroso y á obedecer las órdenes de un jefe que su-

115.0 193.0 1227.0 60.0 jetaba sus pasiones, conspiraron contra la vida de Colón. Este

115.0 238.0 1225.0 60.0 descubrió á tiempo la trama, y castigando en el acto á los

114.0 284.0 1225.0 59.0 más culpables, envió otros á España para ser juzgados. Al

115.0 329.0 1224.0 58.0 mismo tiempo pidió al rey que le enviase refuerzos de tropas

120.0 372.0 282.0 62.0 y provisiones.

177.0 419.0 1165.0 58.0 Con el intento de tener entretenida su gente y al mismo

118.0 462.0 1225.0 52.0 tiempo intimidar á los indios, dispuso hacer una exploración

115.0 507.0 1225.0 59.0 en el país acompañado de sus tropas. El estruendo de las ar-

116.0 556.0 1226.0 54.0 mas, los instrumentos guerreros y algunas maniobras que

118.0 597.0 1224.0 59.0 mandó ejecutar á la caballería, excitaron en los indios el ma-

122.0 644.0 1220.0 58.0 yor asombro. Era la vez primera que veían caballos, y creyen-

116.0 688.0 1224.0 56.0 do que caballo y jinete formaban un solo cuerpo, huian ate-

116.0 733.0 1226.0 54.0 rrados á sus cabañas y atrancaban las puertas con cañas cre-

122.0 777.0 755.0 60.0 yéndose así defendidos del monstruo.

184.0 822.0 1160.0 53.0 Colón había resuelto construir un fuerte en la Isla de Ci-

121.0 869.0 1222.0 56.0 bao, que era la de las minas de oro, y para ello se puso en

116.0 914.0 1227.0 58.0 marcha con su tropa, llevando todas las herramientas necesa-

119.0 959.0 1225.0 55.0 rias y los materiales para la obra. La construcción del fuer-

119.0 1003.0 1224.0 56.0 te les era de mucha necesidad á los españoles en aquel para-

118.0 1048.0 1224.0 58.0 je, porque proponiéndose explotar las ricas minas de oro,

116.0 1093.0 1229.0 58.0 debían procurarse la defensa contra los indios de la comar-

116.0 1137.0 1228.0 54.0 ca, los cuales habían sido los autores de la muerte dada cruel-

118.0 1183.0 1227.0 55.0 mente á los españoles de la primera colonia. En el país aquel

119.0 1229.0 1224.0 54.0 no se hallaba mina alguna trabajada: los naturales jamás

120.0 1273.0 1224.0 54.0 habían pensado en dedicarse á tal trabajo. El oro que usaban

118.0 1318.0 1225.0 55.0 en hojas y pequeños granos, lo adquirían en las corrientes

118.0 1363.0 1226.0 57.0 de los arroyos que bajaban de las montañas, lo cual era un

118.0 1409.0 1225.0 56.0 indicio seguro de que en ellas había de aquel metal en abun-

116.0 1450.0 158.0 55.0 dancia.

183.0 1496.0 1163.0 53.0 Luego que Colón dejó construido el fuerte y puesta en él

120.0 1542.0 1224.0 57.0 una respetable guarnición, volvió á donde estaba la colonia,

120.0 1586.0 1225.0 55.0 la cual halló en uña situación lastimosa. Los campos no se

122.0 1633.0 1223.0 51.0 habían cultivado por estar empleadas las gentes en otras ta-

121.0 1678.0 1222.0 54.0 reas del nuevo establecimiento, y así, concluidos los viveres,

121.0 1722.0 1225.0 54.0 próximos á morir de hambre, también estaban sufriendo los

119.0 1765.0 1226.0 56.0 horrores de una epidemia, por efecto del clima demasiado ar-

119.0 1813.0 1229.0 53.0 doroso y las fatigas á que se habian dedicado. Los colonos, la-

120.0 1859.0 1226.0 52.0 mentándose de su triste estado, maldecían el momento en que

119.0 1900.0 1225.0 58.0 dejandose llevar de las seductoras esperanzas de enriquecerse,

122.0 1944.0 1223.0 67.0 habían abandonado su patria y su familia. A la cabeza de los
