<?xml version="1.0" encoding="UTF-8"?>
<alto xmlns:xsi="http://www.w3.org/2001/XMLSchema-instance"
      xmlns="http://www.loc.gov/standards/alto/ns-v4#"
      xsi:schemaLocation="http://www.loc.gov/standards/alto/ns-v4# http://www.loc.gov/standards/alto/v4/alto-4-2.xsd">
  <Description>
    <MeasurementUnit>pixel</MeasurementUnit>
    <sourceImageInformation>
      <fileName>Varios_430_16.jpg</fileName>
      
    </sourceImageInformation>
  </Description>
  
  <Tags>
    <OtherTag ID="BT221" LABEL="CustomZone:impresorNum" DESCRIPTION="block type CustomZone:impresorNum"/><OtherTag ID="BT222" LABEL="CustomZone:numero_pliego" DESCRIPTION="block type CustomZone:numero_pliego"/><OtherTag ID="BT223" LABEL="CustomZone:title" DESCRIPTION="block type CustomZone:title"/><OtherTag ID="BT224" LABEL="GraphicZone:illustration" DESCRIPTION="block type GraphicZone:illustration"/><OtherTag ID="BT225" LABEL="GraphicZone:ornamentation" DESCRIPTION="block type GraphicZone:ornamentation"/><OtherTag ID="BT226" LABEL="MainZone" DESCRIPTION="block type MainZone"/><OtherTag ID="BT227" LABEL="MainZone:columns" DESCRIPTION="block type MainZone:columns"/><OtherTag ID="BT228" LABEL="MarginTextZone:colophon" DESCRIPTION="block type MarginTextZone:colophon"/><OtherTag ID="BT229" LABEL="MarginTextZone:note" DESCRIPTION="block type MarginTextZone:note"/><OtherTag ID="BT230" LABEL="MusicZone" DESCRIPTION="block type MusicZone"/><OtherTag ID="BT231" LABEL="NumberingZone:page" DESCRIPTION="block type NumberingZone:page"/><OtherTag ID="BT232" LABEL="QuireMarksZone:catchwords" DESCRIPTION="block type QuireMarksZone:catchwords"/><OtherTag ID="BT233" LABEL="QuireMarksZone:signature" DESCRIPTION="block type QuireMarksZone:signature"/><OtherTag ID="BT234" LABEL="RunningTitleZone" DESCRIPTION="block type RunningTitleZone"/>
    <OtherTag ID="LT81" LABEL="CustomLine:propriedad" DESCRIPTION="line type CustomLine:propriedad"/><OtherTag ID="LT82" LABEL="CustomLine:trailer" DESCRIPTION="line type CustomLine:trailer"/><OtherTag ID="LT83" LABEL="DefaultLine" DESCRIPTION="line type DefaultLine"/><OtherTag ID="LT84" LABEL="HeadingLine" DESCRIPTION="line type HeadingLine"/>
  </Tags>
  
  <Layout>
    <Page WIDTH="1440"
          HEIGHT="2130"
          PHYSICAL_IMG_NR="89"
          ID="eSc_dummypage_">
      <PrintSpace HPOS="0"
                  VPOS="0"
                  WIDTH="1440"
                  HEIGHT="2130">
        
        <TextBlock HPOS="619.0"
                   VPOS="0.0"
                   WIDTH="253.0"
                   HEIGHT="108.0"
                   ID="block_1"
                   TAGREFS="BT231">
          <Shape><Polygon POINTS="619 0 872 0 872 108 619 108 619 0"/></Shape>
          
          
          <TextLine ID="line_0"
                    TAGREFS="LT83"
                    BASELINE="695 82 830 85" 
                    HPOS="692.0"
                    VPOS="42.0"
                    WIDTH="137.0"
                    HEIGHT="59.0">
            <Shape><Polygon POINTS="694 81 692 88 724 101 726 101 727 101 827 92 829 83 827 46 694 42 694 81"/></Shape>
	    <String CONTENT="—16—"
                    HPOS="692.0"
                    VPOS="42.0"
                    WIDTH="137.0"
                    HEIGHT="59.0"></String>
          </TextLine>

          
        </TextBlock>
        
        <TextBlock HPOS="70.0"
                   VPOS="97.0"
                   WIDTH="1361.0"
                   HEIGHT="2017.0"
                   ID="block_0"
                   TAGREFS="BT226">
          <Shape><Polygon POINTS="70 97 1431 97 1431 2114 70 2114 70 97"/></Shape>
          
          
          <TextLine ID="line_1"
                    TAGREFS="LT83"
                    BASELINE="135 158 1359 145" 
                    HPOS="133.0"
                    VPOS="105.0"
                    WIDTH="1226.0"
                    HEIGHT="67.0">
            <Shape><Polygon POINTS="135 158 135 172 596 165 635 169 648 170 650 170 659 169 691 164 759 168 778 169 779 169 786 168 812 163 892 168 911 168 913 168 949 166 1136 159 1358 163 1359 145 1357 113 1199 105 1198 105 1139 114 1134 114 1129 114 1088 107 1087 107 1006 115 995 115 991 115 949 107 948 107 947 107 917 115 911 117 888 115 801 111 800 111 747 117 733 118 729 117 711 110 710 110 709 110 502 117 477 112 476 112 474 112 473 112 464 119 459 121 133 121 135 158"/></Shape>
	    <String CONTENT="descontentos se hallaba el capellán de la armada, incitando"
                    HPOS="133.0"
                    VPOS="105.0"
                    WIDTH="1226.0"
                    HEIGHT="67.0"></String>
          </TextLine>

          
          
          <TextLine ID="line_2"
                    TAGREFS="LT83"
                    BASELINE="135 204 1357 189" 
                    HPOS="133.0"
                    VPOS="151.0"
                    WIDTH="1224.0"
                    HEIGHT="71.0">
            <Shape><Polygon POINTS="135 204 135 222 513 210 1357 205 1357 189 1354 159 1267 151 1265 151 1177 159 1164 160 1146 160 1046 155 1045 155 1018 160 1012 162 1006 160 981 155 980 155 979 155 930 162 916 163 911 162 899 156 898 156 897 156 827 162 823 162 820 162 792 157 791 157 789 157 778 162 770 165 716 163 656 159 654 159 631 163 601 168 590 163 583 160 582 160 581 160 524 164 413 170 133 166 135 204"/></Shape>
	    <String CONTENT="los ánimos en rebelión contra el almirante. Este supo triun-"
                    HPOS="133.0"
                    VPOS="151.0"
                    WIDTH="1224.0"
                    HEIGHT="71.0"></String>
          </TextLine>

          
          
          <TextLine ID="line_3"
                    TAGREFS="LT83"
                    BASELINE="135 249 1355 234" 
                    HPOS="133.0"
                    VPOS="199.0"
                    WIDTH="1222.0"
                    HEIGHT="63.0">
            <Shape><Polygon POINTS="135 249 135 262 1354 249 1355 234 1353 207 1307 199 1306 199 1305 199 1291 207 1180 207 1168 207 1123 201 1122 201 1091 208 1089 208 1088 208 1074 201 1072 201 1071 201 982 208 956 210 936 209 885 203 884 203 773 209 696 214 663 210 631 207 630 207 606 210 579 215 508 211 466 209 465 209 446 211 406 218 265 218 236 213 228 211 227 211 226 211 222 213 207 221 171 221 133 214 135 249"/></Shape>
	    <String CONTENT="far de sus enemigos, y luego que hubo restablecido comple-"
                    HPOS="133.0"
                    VPOS="199.0"
                    WIDTH="1222.0"
                    HEIGHT="63.0"></String>
          </TextLine>

          
          
          <TextLine ID="line_4"
                    TAGREFS="LT83"
                    BASELINE="133 293 1358 280" 
                    HPOS="132.0"
                    VPOS="246.0"
                    WIDTH="1226.0"
                    HEIGHT="65.0">
            <Shape><Polygon POINTS="133 293 133 311 283 302 419 306 464 307 465 307 466 307 472 305 484 301 567 304 613 305 614 305 627 302 650 299 669 302 688 305 689 305 714 301 738 298 802 300 890 302 891 302 892 302 905 298 913 295 948 297 1021 301 1023 301 1242 292 1257 292 1262 292 1327 297 1328 297 1358 289 1358 280 1355 252 1293 246 1291 246 1223 252 1206 253 1196 252 1158 247 1156 247 1155 247 1145 252 1142 253 1129 252 1077 248 1076 248 1025 253 994 255 967 253 928 249 927 249 926 249 914 253 903 256 881 253 859 250 858 250 785 254 683 259 621 255 592 253 590 253 589 253 586 255 577 259 519 255 497 254 496 254 489 255 461 261 378 255 362 255 361 255 360 255 357 256 341 261 270 256 262 256 261 256 260 256 259 256 239 263 132 257 133 293"/></Shape>
	    <String CONTENT="tamente la tranquilidad, se puso en camino para nuevos des-"
                    HPOS="132.0"
                    VPOS="246.0"
                    WIDTH="1226.0"
                    HEIGHT="65.0"></String>
          </TextLine>

          
          
          <TextLine ID="line_5"
                    TAGREFS="LT83"
                    BASELINE="132 336 1355 325" 
                    HPOS="131.0"
                    VPOS="289.0"
                    WIDTH="1224.0"
                    HEIGHT="67.0">
            <Shape><Polygon POINTS="132 336 133 356 153 350 255 355 266 355 267 355 272 355 309 349 386 353 401 353 402 353 1354 340 1355 325 1353 297 1299 289 1297 289 1296 289 1280 297 1278 297 1271 297 1161 291 1160 291 1159 291 1146 297 1116 291 1115 291 974 299 972 299 946 292 944 292 943 292 819 300 804 301 793 301 718 294 717 294 716 294 701 301 701 302 573 302 556 297 555 297 554 297 517 304 513 304 509 304 477 297 476 297 474 297 473 297 461 304 435 297 434 297 433 297 369 305 363 305 362 305 351 298 350 298 349 298 285 298 284 298 283 298 259 306 255 306 247 306 187 299 185 299 184 299 183 299 171 306 170 307 131 307 132 336"/></Shape>
	    <String CONTENT="cubrimientos, dejando á su hermano Diego por gobernador"
                    HPOS="131.0"
                    VPOS="289.0"
                    WIDTH="1224.0"
                    HEIGHT="67.0"></String>
          </TextLine>

          
          
          <TextLine ID="line_6"
                    TAGREFS="LT83"
                    BASELINE="132 383 410 379" 
                    HPOS="131.0"
                    VPOS="341.0"
                    WIDTH="279.0"
                    HEIGHT="54.0">
            <Shape><Polygon POINTS="132 383 132 395 410 390 410 379 408 349 338 341 337 341 336 341 310 347 284 343 283 343 281 343 270 349 268 350 131 350 132 383"/></Shape>
	    <String CONTENT="de la colonia."
                    HPOS="131.0"
                    VPOS="341.0"
                    WIDTH="279.0"
                    HEIGHT="54.0"></String>
          </TextLine>

          
          
          <TextLine ID="line_7"
                    TAGREFS="LT83"
                    BASELINE="200 427 1358 415" 
                    HPOS="198.0"
                    VPOS="376.0"
                    WIDTH="1160.0"
                    HEIGHT="66.0">
            <Shape><Polygon POINTS="200 427 200 442 1358 430 1358 415 1355 384 1162 376 1161 376 1117 385 1111 385 1104 385 1045 377 1044 377 1043 377 1027 385 1026 385 1023 385 975 378 974 378 973 378 955 385 952 386 948 385 933 381 931 381 930 381 901 385 888 388 868 386 800 379 799 379 798 379 781 386 775 389 770 386 759 382 757 382 756 382 706 386 684 389 680 386 670 382 669 382 619 382 618 382 549 388 542 388 536 388 473 383 472 383 448 388 428 394 337 394 329 389 318 384 317 384 316 384 290 389 264 394 198 390 200 427"/></Shape>
	    <String CONTENT="En esta expedición fué su más importante descubrimiento"
                    HPOS="198.0"
                    VPOS="376.0"
                    WIDTH="1160.0"
                    HEIGHT="66.0"></String>
          </TextLine>

          
          
          <TextLine ID="line_8"
                    TAGREFS="LT83"
                    BASELINE="131 473 1357 459" 
                    HPOS="130.0"
                    VPOS="424.0"
                    WIDTH="1227.0"
                    HEIGHT="61.0">
            <Shape><Polygon POINTS="131 473 131 485 1357 475 1357 459 1354 428 944 424 943 424 920 429 910 431 903 429 892 426 891 426 890 426 889 426 888 426 882 429 878 431 875 429 864 426 863 426 862 426 814 430 795 431 792 430 785 427 783 427 782 427 744 430 697 435 677 430 664 428 663 428 645 430 612 436 570 431 551 429 550 429 463 430 454 431 426 439 273 433 262 433 261 433 259 433 219 441 130 434 131 473"/></Shape>
	    <String CONTENT="el de la Jamaica. Las naves que allí había llevado eran un navío"
                    HPOS="130.0"
                    VPOS="424.0"
                    WIDTH="1227.0"
                    HEIGHT="61.0"></String>
          </TextLine>

          
          
          <TextLine ID="line_9"
                    TAGREFS="LT83"
                    BASELINE="143 519 1354 504" 
                    HPOS="142.0"
                    VPOS="467.0"
                    WIDTH="1212.0"
                    HEIGHT="70.0">
            <Shape><Polygon POINTS="143 519 143 537 236 530 316 534 326 534 328 534 336 534 383 528 404 533 409 533 410 533 412 533 413 533 413 532 422 527 491 531 512 532 513 532 515 532 518 531 531 526 583 530 607 531 608 531 609 531 613 528 622 525 667 528 693 530 695 530 736 527 798 523 879 525 960 526 961 526 1353 515 1354 504 1352 473 1174 467 1173 467 1172 467 1171 467 1160 473 1159 474 1151 474 1103 468 1102 468 1072 474 1064 475 1045 474 982 469 981 469 980 469 968 474 963 476 959 474 947 470 946 470 944 470 922 475 911 476 883 475 807 470 806 470 768 475 744 479 728 476 704 472 703 472 702 472 701 472 695 476 688 480 652 476 615 473 614 473 613 473 612 473 607 476 602 479 577 476 541 474 540 474 538 474 525 478 510 481 499 478 493 475 492 475 491 475 470 478 419 483 247 479 229 479 228 479 227 479 226 479 210 486 142 480 143 519"/></Shape>
	    <String CONTENT="y dos chalupas, y hallándose bastante averiadas, le fué preci-"
                    HPOS="142.0"
                    VPOS="467.0"
                    WIDTH="1212.0"
                    HEIGHT="70.0"></String>
          </TextLine>

          
          
          <TextLine ID="line_10"
                    TAGREFS="LT83"
                    BASELINE="132 562 1355 550" 
                    HPOS="131.0"
                    VPOS="513.0"
                    WIDTH="1224.0"
                    HEIGHT="66.0">
            <Shape><Polygon POINTS="132 562 132 579 184 573 343 577 373 577 374 577 1354 562 1355 550 1353 521 1319 513 1318 513 1231 521 1207 514 1206 514 1205 514 1108 521 1014 515 1013 515 1012 515 1011 515 999 523 903 517 902 517 864 525 843 518 841 518 840 518 793 525 756 518 755 518 754 518 753 518 740 526 646 519 645 519 644 519 619 527 505 520 504 520 503 520 487 528 414 521 413 521 374 530 188 524 187 524 131 532 132 562"/></Shape>
	    <String CONTENT="so entrar en el puerto y desembarcar para componerlas. Re-"
                    HPOS="131.0"
                    VPOS="513.0"
                    WIDTH="1224.0"
                    HEIGHT="66.0"></String>
          </TextLine>

          
          
          <TextLine ID="line_11"
                    TAGREFS="LT83"
                    BASELINE="131 605 1353 592" 
                    HPOS="130.0"
                    VPOS="557.0"
                    WIDTH="1223.0"
                    HEIGHT="64.0">
            <Shape><Polygon POINTS="131 605 131 621 463 615 467 617 474 621 476 621 477 621 478 621 490 617 497 615 517 616 564 621 566 621 650 615 685 612 689 615 695 618 696 618 697 618 698 620 788 620 788 618 966 611 991 610 997 610 1036 615 1037 615 1038 615 1052 610 1055 609 1065 609 1127 615 1128 615 1129 615 1146 609 1148 608 1156 608 1200 614 1201 614 1252 607 1261 607 1268 607 1325 612 1326 612 1327 612 1353 605 1353 592 1351 563 1201 557 1200 557 1199 557 1186 563 1183 565 1114 565 1084 563 1016 558 1014 558 948 564 903 568 894 564 885 560 884 560 883 560 882 560 870 564 857 568 832 564 802 560 801 560 776 564 750 569 672 565 626 563 625 563 577 565 459 572 391 566 378 565 377 565 376 565 373 566 345 573 290 566 285 566 284 566 283 566 281 566 265 573 242 566 241 566 240 566 239 566 235 566 191 575 130 568 131 605"/></Shape>
	    <String CONTENT="corrió detenidamente Colón aquel país y le halló mucho me-"
                    HPOS="130.0"
                    VPOS="557.0"
                    WIDTH="1223.0"
                    HEIGHT="64.0"></String>
          </TextLine>

          
          
          <TextLine ID="line_12"
                    TAGREFS="LT83"
                    BASELINE="132 653 1354 639" 
                    HPOS="131.0"
                    VPOS="601.0"
                    WIDTH="1223.0"
                    HEIGHT="72.0">
            <Shape><Polygon POINTS="132 653 132 673 169 665 232 672 233 672 234 672 259 662 439 661 454 668 455 668 457 669 524 669 524 668 525 668 555 661 568 667 569 667 570 667 613 660 664 666 665 666 666 666 689 659 787 665 788 665 789 665 791 665 802 657 920 662 921 662 922 662 949 655 1005 660 1006 660 1048 654 1071 661 1072 661 1074 662 1115 662 1115 661 1116 661 1117 661 1129 654 1166 660 1167 660 1168 660 1194 653 1250 660 1251 660 1288 652 1352 659 1354 639 1351 603 1297 608 1278 603 1268 601 1267 601 1265 601 1250 603 1224 609 1199 604 1187 602 1186 602 1174 604 1147 611 992 611 980 607 974 604 973 604 972 604 971 604 963 607 943 612 909 607 898 605 897 605 873 607 798 614 776 608 770 607 769 607 768 607 767 607 761 608 740 616 639 616 570 610 554 609 553 609 542 610 503 617 474 611 468 610 467 610 345 611 325 612 214 621 131 615 132 653"/></Shape>
	    <String CONTENT="jor que el de la Española, por cuya razón tomó posesión de él"
                    HPOS="131.0"
                    VPOS="601.0"
                    WIDTH="1223.0"
                    HEIGHT="72.0"></String>
          </TextLine>

          
          
          <TextLine ID="line_13"
                    TAGREFS="LT83"
                    BASELINE="130 695 1352 683" 
                    HPOS="129.0"
                    VPOS="648.0"
                    WIDTH="1223.0"
                    HEIGHT="60.0">
            <Shape><Polygon POINTS="130 695 130 707 738 708 740 708 776 701 781 701 785 701 823 707 824 707 903 700 910 700 915 700 956 706 958 706 959 706 982 700 986 699 1003 699 1106 705 1107 705 1351 695 1352 683 1348 655 1288 655 1287 655 1275 648 1274 648 1273 648 1271 648 1217 656 1210 656 1200 656 1121 649 1120 649 1119 649 1093 657 1089 657 1078 657 1018 653 1017 653 978 659 971 660 896 660 895 659 875 652 873 652 872 652 871 652 843 660 840 660 837 660 814 653 813 653 812 653 769 660 768 660 764 660 635 654 634 654 633 654 614 662 612 662 607 662 579 657 577 657 505 662 489 663 474 663 369 656 368 656 367 656 345 662 284 657 283 657 238 666 232 667 129 667 130 695"/></Shape>
	    <String CONTENT="en nombre de los reyes de España. Luego navegó para reco-"
                    HPOS="129.0"
                    VPOS="648.0"
                    WIDTH="1223.0"
                    HEIGHT="60.0"></String>
          </TextLine>

          
          
          <TextLine ID="line_14"
                    TAGREFS="LT83"
                    BASELINE="131 741 1355 731" 
                    HPOS="130.0"
                    VPOS="694.0"
                    WIDTH="1225.0"
                    HEIGHT="60.0">
            <Shape><Polygon POINTS="131 741 131 754 1355 741 1355 731 1352 702 1139 702 1122 694 1121 694 1120 694 1078 705 946 705 819 696 818 696 759 706 688 698 686 698 401 700 400 700 377 710 358 701 357 701 356 701 262 711 168 702 166 702 165 702 130 712 131 741"/></Shape>
	    <String CONTENT="nocer en la isla de Cuba si en efecto era una isla ó era una"
                    HPOS="130.0"
                    VPOS="694.0"
                    WIDTH="1225.0"
                    HEIGHT="60.0"></String>
          </TextLine>

          
          
          <TextLine ID="line_15"
                    TAGREFS="LT83"
                    BASELINE="132 786 1353 775" 
                    HPOS="131.0"
                    VPOS="738.0"
                    WIDTH="1222.0"
                    HEIGHT="66.0">
            <Shape><Polygon POINTS="132 786 132 804 255 796 449 801 451 801 603 794 614 799 615 799 616 799 618 799 871 790 942 796 943 796 1029 789 1229 794 1230 794 1283 786 1351 792 1353 775 1351 745 1254 738 1252 738 1216 745 1184 740 1183 740 1016 746 998 740 997 740 995 740 994 740 969 747 897 741 896 741 895 741 882 747 753 743 751 743 750 743 749 743 736 751 650 751 620 744 619 744 554 751 271 747 270 747 268 747 241 754 209 749 208 749 131 756 132 786"/></Shape>
	    <String CONTENT="parte del continente. En aquella travesía tuvo que sufrir un"
                    HPOS="131.0"
                    VPOS="738.0"
                    WIDTH="1222.0"
                    HEIGHT="66.0"></String>
          </TextLine>

          
          
          <TextLine ID="line_16"
                    TAGREFS="LT83"
                    BASELINE="132 830 1353 820" 
                    HPOS="131.0"
                    VPOS="785.0"
                    WIDTH="1222.0"
                    HEIGHT="62.0">
            <Shape><Polygon POINTS="132 830 132 843 275 847 277 847 326 843 369 840 432 842 506 846 508 846 538 842 574 837 596 842 612 844 613 844 631 841 647 838 701 841 747 843 748 843 769 841 813 835 899 840 937 842 939 842 940 842 941 842 943 840 950 836 1030 840 1046 840 1048 840 1052 840 1096 833 1148 838 1159 840 1160 840 1172 838 1225 833 1352 837 1353 820 1351 792 1294 785 1293 785 1291 785 1276 792 1117 792 1081 785 1080 785 947 786 946 786 923 795 809 788 808 788 708 796 673 789 672 789 632 797 325 792 324 792 323 792 322 792 310 799 230 795 229 795 131 802 132 830"/></Shape>
	    <String CONTENT="sinnúmero de padecimientos por las repetidas borrascas que"
                    HPOS="131.0"
                    VPOS="785.0"
                    WIDTH="1222.0"
                    HEIGHT="62.0"></String>
          </TextLine>

          
          
          <TextLine ID="line_17"
                    TAGREFS="LT83"
                    BASELINE="131 874 1352 863" 
                    HPOS="130.0"
                    VPOS="827.0"
                    WIDTH="1222.0"
                    HEIGHT="66.0">
            <Shape><Polygon POINTS="131 874 131 893 259 892 260 892 275 886 370 891 387 891 388 891 1352 876 1352 863 1350 835 1233 835 1217 827 1216 827 1215 827 1024 835 927 838 917 835 907 830 905 830 849 830 847 830 826 835 806 840 792 835 782 831 781 831 780 831 754 835 721 840 693 835 672 831 671 831 647 835 619 840 611 835 607 833 606 833 605 833 537 833 536 833 493 835 378 843 332 835 328 835 326 835 320 835 255 844 130 836 131 874"/></Shape>
	    <String CONTENT="le acometieron, extraviándole más de una vez del rumbo que"
                    HPOS="130.0"
                    VPOS="827.0"
                    WIDTH="1222.0"
                    HEIGHT="66.0"></String>
          </TextLine>

          
          
          <TextLine ID="line_18"
                    TAGREFS="LT83"
                    BASELINE="131 920 1351 908" 
                    HPOS="130.0"
                    VPOS="873.0"
                    WIDTH="1221.0"
                    HEIGHT="66.0">
            <Shape><Polygon POINTS="131 920 131 939 264 932 343 937 346 937 348 937 1350 924 1351 908 1347 874 1286 879 1255 874 1243 873 1242 873 1232 874 1207 880 1171 875 1160 874 1159 874 1147 875 1100 881 1049 876 1036 875 1035 875 1024 876 981 882 890 878 863 876 862 876 851 878 815 883 763 879 749 878 748 878 747 878 746 878 744 879 735 886 616 886 540 880 525 880 524 880 523 880 522 880 522 881 512 886 503 881 500 880 499 880 498 880 497 880 496 880 494 881 485 887 428 882 427 882 371 888 130 885 131 920"/></Shape>
	    <String CONTENT="se había propuesto. En viaje tan dilatado se le acabaron los"
                    HPOS="130.0"
                    VPOS="873.0"
                    WIDTH="1221.0"
                    HEIGHT="66.0"></String>
          </TextLine>

          
          
          <TextLine ID="line_19"
                    TAGREFS="LT83"
                    BASELINE="132 965 1351 954" 
                    HPOS="131.0"
                    VPOS="917.0"
                    WIDTH="1220.0"
                    HEIGHT="63.0">
            <Shape><Polygon POINTS="132 965 132 980 1078 969 1348 972 1351 954 1347 921 1251 924 1243 921 1224 917 1223 917 1222 917 1220 917 1206 923 1199 925 1190 923 1171 918 1170 918 1168 918 1116 924 1098 925 1094 924 1080 918 1078 918 1077 918 1076 918 1055 924 1045 926 1031 924 995 919 994 919 959 925 949 926 931 925 857 920 856 920 854 920 839 926 836 927 818 926 743 921 742 921 688 928 670 930 652 928 593 923 592 923 590 923 576 930 574 930 568 930 526 924 525 924 498 930 492 931 484 930 441 925 440 925 339 932 328 932 325 932 309 926 307 926 306 926 271 932 264 933 251 933 164 926 163 926 131 933 132 965"/></Shape>
	    <String CONTENT="víveres y estuvo á punto de perecer de hambre con todos sus"
                    HPOS="131.0"
                    VPOS="917.0"
                    WIDTH="1220.0"
                    HEIGHT="63.0"></String>
          </TextLine>

          
          
          <TextLine ID="line_20"
                    TAGREFS="LT83"
                    BASELINE="131 1008 1351 999" 
                    HPOS="130.0"
                    VPOS="964.0"
                    WIDTH="1221.0"
                    HEIGHT="64.0">
            <Shape><Polygon POINTS="131 1008 131 1028 190 1022 281 1025 283 1025 284 1025 311 1018 344 1025 345 1025 390 1018 458 1024 459 1024 608 1018 637 1024 638 1024 705 1016 895 1022 896 1022 928 1016 966 1021 967 1021 968 1021 984 1014 1188 1014 1199 1020 1200 1020 1201 1020 1203 1020 1320 1012 1347 1020 1351 999 1348 967 1001 964 1000 964 815 972 775 973 766 972 724 966 723 966 664 973 651 975 613 975 414 969 413 969 412 969 396 976 395 976 322 970 320 970 319 970 301 977 300 977 280 971 279 971 278 971 130 978 131 1008"/></Shape>
	    <String CONTENT="compañeros. Estos le acusan sin cesar de haberlos llevado á"
                    HPOS="130.0"
                    VPOS="964.0"
                    WIDTH="1221.0"
                    HEIGHT="64.0"></String>
          </TextLine>

          
          
          <TextLine ID="line_21"
                    TAGREFS="LT83"
                    BASELINE="131 1054 1350 1042" 
                    HPOS="130.0"
                    VPOS="1007.0"
                    WIDTH="1220.0"
                    HEIGHT="66.0">
            <Shape><Polygon POINTS="131 1054 131 1073 271 1065 299 1070 300 1070 390 1063 473 1069 489 1069 490 1069 491 1069 492 1069 492 1068 503 1062 677 1066 738 1067 740 1067 750 1065 776 1060 818 1065 838 1066 839 1066 853 1063 883 1059 922 1062 943 1065 944 1065 1348 1056 1350 1042 1347 1015 1246 1007 1245 1007 1101 1016 1090 1016 1083 1016 984 1010 982 1010 911 1017 907 1017 905 1017 885 1010 884 1010 883 1010 851 1017 846 1018 844 1017 831 1011 830 1011 779 1011 778 1011 746 1018 737 1020 715 1018 619 1012 618 1012 549 1020 535 1021 529 1020 506 1015 505 1015 504 1015 492 1020 487 1022 463 1021 421 1017 420 1017 384 1021 361 1023 341 1021 299 1016 298 1016 297 1016 296 1016 287 1022 284 1023 256 1022 185 1017 184 1017 130 1022 131 1054"/></Shape>
	    <String CONTENT="perecer á tan remotos climas, y él tiene que apurar toda la su-"
                    HPOS="130.0"
                    VPOS="1007.0"
                    WIDTH="1220.0"
                    HEIGHT="66.0"></String>
          </TextLine>

          
          
          <TextLine ID="line_22"
                    TAGREFS="LT83"
                    BASELINE="131 1099 1350 1088" 
                    HPOS="130.0"
                    VPOS="1053.0"
                    WIDTH="1220.0"
                    HEIGHT="66.0">
            <Shape><Polygon POINTS="131 1099 131 1119 401 1109 511 1115 512 1115 513 1115 538 1108 606 1114 607 1114 654 1108 667 1114 669 1114 670 1114 743 1107 799 1112 800 1112 801 1112 802 1112 811 1106 856 1112 857 1112 965 1106 1065 1111 1066 1111 1068 1111 1095 1104 1128 1109 1129 1109 1348 1108 1350 1088 1346 1061 1174 1061 1158 1053 1156 1053 1114 1053 1113 1053 1111 1053 1096 1061 969 1062 953 1054 952 1054 950 1054 949 1054 926 1063 862 1055 860 1055 804 1066 704 1066 672 1056 671 1056 670 1056 630 1065 577 1057 576 1057 575 1057 558 1065 468 1059 467 1059 466 1059 447 1068 393 1068 368 1060 367 1060 265 1060 264 1060 221 1069 203 1061 202 1061 201 1061 130 1070 131 1099"/></Shape>
	    <String CONTENT="perioridad de su ingenio y de su energía para que tales gentes"
                    HPOS="130.0"
                    VPOS="1053.0"
                    WIDTH="1220.0"
                    HEIGHT="66.0"></String>
          </TextLine>

          
          
          <TextLine ID="line_23"
                    TAGREFS="LT83"
                    BASELINE="131 1143 1351 1134" 
                    HPOS="130.0"
                    VPOS="1098.0"
                    WIDTH="1221.0"
                    HEIGHT="62.0">
            <Shape><Polygon POINTS="131 1143 132 1160 149 1154 361 1158 435 1159 436 1159 451 1157 485 1152 588 1156 651 1158 652 1158 684 1154 724 1151 843 1153 963 1156 965 1156 1011 1151 1046 1149 1091 1151 1167 1154 1168 1154 1351 1147 1351 1134 1347 1105 1302 1105 1301 1105 1283 1098 1282 1098 1281 1098 1280 1098 1263 1105 1262 1106 1132 1106 1130 1106 1110 1099 1109 1099 1108 1099 1061 1106 1059 1106 987 1100 986 1100 985 1100 968 1107 967 1107 952 1100 950 1100 949 1100 948 1100 927 1107 882 1100 881 1100 879 1100 864 1107 826 1100 825 1100 720 1101 718 1101 690 1108 663 1101 661 1101 660 1101 659 1101 644 1109 643 1111 586 1111 573 1111 485 1102 484 1102 447 1111 446 1111 330 1104 329 1104 328 1104 300 1112 299 1112 196 1105 195 1105 194 1105 193 1105 180 1113 130 1113 131 1143"/></Shape>
	    <String CONTENT="vuelvan al orden. Llegan por fin á Cuba y desembarcan. Los"
                    HPOS="130.0"
                    VPOS="1098.0"
                    WIDTH="1221.0"
                    HEIGHT="62.0"></String>
          </TextLine>

          
          
          <TextLine ID="line_24"
                    TAGREFS="LT83"
                    BASELINE="127 1188 1348 1178" 
                    HPOS="126.0"
                    VPOS="1143.0"
                    WIDTH="1222.0"
                    HEIGHT="60.0">
            <Shape><Polygon POINTS="127 1188 127 1203 1347 1191 1348 1178 1345 1149 1188 1149 1175 1143 1174 1143 1173 1143 1141 1149 1135 1150 1134 1149 1123 1143 1122 1143 1121 1143 1062 1143 1061 1143 980 1144 979 1144 978 1144 968 1150 966 1151 953 1150 896 1144 895 1144 894 1144 892 1144 883 1150 882 1151 881 1150 869 1145 868 1145 866 1145 780 1151 769 1151 766 1151 740 1145 738 1145 695 1151 677 1154 605 1154 601 1152 589 1146 588 1146 587 1146 586 1146 585 1146 577 1152 571 1156 467 1156 455 1152 431 1147 429 1147 383 1152 354 1156 328 1153 287 1149 286 1149 266 1153 249 1157 224 1153 197 1150 196 1150 126 1153 127 1188"/></Shape>
	    <String CONTENT="indios le dan á conocer un paraje de la isla donde poder coger"
                    HPOS="126.0"
                    VPOS="1143.0"
                    WIDTH="1222.0"
                    HEIGHT="60.0"></String>
          </TextLine>

          
          
          <TextLine ID="line_25"
                    TAGREFS="LT83"
                    BASELINE="126 1233 1348 1223" 
                    HPOS="125.0"
                    VPOS="1186.0"
                    WIDTH="1223.0"
                    HEIGHT="65.0">
            <Shape><Polygon POINTS="126 1233 126 1251 311 1251 311 1250 312 1250 313 1250 316 1249 323 1244 352 1248 370 1250 371 1250 394 1248 433 1243 561 1246 670 1248 671 1248 708 1244 741 1241 769 1243 805 1247 806 1247 857 1242 890 1240 901 1242 918 1246 920 1246 953 1241 967 1240 973 1241 988 1246 989 1246 991 1246 992 1246 1001 1241 1004 1240 1061 1240 1294 1243 1295 1243 1347 1236 1348 1223 1345 1186 1297 1193 1276 1188 1275 1188 1274 1188 1139 1195 1065 1190 1051 1189 1050 1189 1049 1189 1046 1190 1033 1196 960 1191 942 1190 941 1190 923 1191 859 1197 805 1192 782 1191 781 1191 769 1193 749 1197 738 1193 731 1191 730 1191 729 1191 715 1193 692 1198 634 1195 589 1192 588 1192 587 1192 586 1192 581 1196 574 1199 445 1197 301 1195 300 1195 299 1195 281 1199 270 1202 254 1199 228 1196 227 1196 125 1201 126 1233"/></Shape>
	    <String CONTENT="en abundancia unos pájaros de mucho provecho para el ali-"
                    HPOS="125.0"
                    VPOS="1186.0"
                    WIDTH="1223.0"
                    HEIGHT="65.0"></String>
          </TextLine>

          
          
          <TextLine ID="line_26"
                    TAGREFS="LT83"
                    BASELINE="126 1278 1348 1268" 
                    HPOS="125.0"
                    VPOS="1234.0"
                    WIDTH="1223.0"
                    HEIGHT="62.0">
            <Shape><Polygon POINTS="126 1278 126 1293 309 1289 317 1293 324 1295 325 1295 326 1296 414 1296 414 1295 434 1292 457 1288 498 1292 529 1294 530 1294 561 1292 609 1287 774 1291 856 1292 857 1292 875 1289 920 1285 985 1289 1006 1291 1007 1291 1019 1289 1056 1283 1139 1288 1159 1289 1160 1289 1168 1288 1209 1282 1346 1287 1348 1268 1345 1240 1193 1240 1192 1240 1159 1234 1158 1234 1156 1234 1143 1240 1037 1235 1036 1235 929 1241 890 1235 889 1235 856 1242 854 1242 852 1242 737 1236 736 1236 735 1236 705 1243 704 1243 688 1237 686 1237 685 1237 609 1243 590 1237 589 1237 588 1237 587 1237 586 1237 575 1244 571 1244 534 1238 532 1238 441 1246 429 1246 428 1246 415 1240 414 1240 413 1240 338 1246 336 1246 333 1246 279 1240 278 1240 125 1247 126 1278"/></Shape>
	    <String CONTENT="mento. Aquellos pájaros se hallaban alli en número tan exce-"
                    HPOS="125.0"
                    VPOS="1234.0"
                    WIDTH="1223.0"
                    HEIGHT="62.0"></String>
          </TextLine>

          
          
          <TextLine ID="line_27"
                    TAGREFS="LT83"
                    BASELINE="127 1322 1346 1313" 
                    HPOS="126.0"
                    VPOS="1278.0"
                    WIDTH="1220.0"
                    HEIGHT="56.0">
            <Shape><Polygon POINTS="127 1322 127 1334 1345 1325 1346 1313 1344 1285 1196 1278 1194 1278 1154 1285 1042 1279 1040 1279 1006 1287 905 1287 892 1280 891 1280 890 1280 463 1289 432 1283 431 1283 387 1292 181 1292 150 1286 149 1286 148 1286 126 1293 127 1322"/></Shape>
	    <String CONTENT="sivo, que cuando volaban cubrían el terreno de una densa os-"
                    HPOS="126.0"
                    VPOS="1278.0"
                    WIDTH="1220.0"
                    HEIGHT="56.0"></String>
          </TextLine>

          
          
          <TextLine ID="line_28"
                    TAGREFS="LT83"
                    BASELINE="125 1367 901 1363" 
                    HPOS="124.0"
                    VPOS="1326.0"
                    WIDTH="777.0"
                    HEIGHT="59.0">
            <Shape><Polygon POINTS="125 1367 125 1382 286 1385 287 1385 324 1382 367 1378 374 1382 378 1384 380 1384 381 1384 394 1382 413 1378 444 1382 464 1384 465 1384 466 1384 467 1384 470 1382 474 1378 515 1382 532 1383 534 1383 544 1382 575 1377 582 1382 583 1383 585 1383 586 1383 587 1384 669 1384 669 1383 678 1382 706 1376 898 1380 901 1363 898 1333 869 1326 868 1326 812 1333 805 1333 804 1333 791 1326 789 1326 788 1326 747 1332 710 1326 709 1326 708 1326 706 1326 706 1327 701 1333 698 1334 691 1333 667 1327 666 1327 665 1327 653 1333 648 1335 613 1335 611 1333 605 1327 603 1327 602 1327 601 1327 540 1333 518 1334 515 1333 509 1327 508 1327 506 1327 505 1327 504 1327 483 1333 471 1335 459 1333 442 1328 441 1328 440 1328 370 1333 303 1337 287 1333 277 1330 275 1330 274 1330 273 1330 267 1333 259 1337 242 1333 229 1330 228 1330 227 1330 203 1333 171 1337 124 1333 125 1367"/></Shape>
	    <String CONTENT="curidad en el día de sol más brillante."
                    HPOS="124.0"
                    VPOS="1326.0"
                    WIDTH="777.0"
                    HEIGHT="59.0"></String>
          </TextLine>

          
          
          <TextLine ID="line_29"
                    TAGREFS="LT83"
                    BASELINE="195 1411 1347 1405" 
                    HPOS="194.0"
                    VPOS="1366.0"
                    WIDTH="1153.0"
                    HEIGHT="62.0">
            <Shape><Polygon POINTS="195 1411 195 1428 1346 1421 1347 1405 1345 1372 1267 1366 1265 1366 1231 1372 1223 1373 1211 1372 1153 1366 1152 1366 1151 1366 1149 1366 1140 1373 1138 1375 1072 1375 1038 1373 903 1367 902 1367 853 1375 843 1376 820 1375 715 1369 714 1369 664 1376 653 1378 538 1378 536 1377 523 1370 522 1370 477 1370 476 1370 432 1377 431 1377 428 1377 352 1371 351 1371 350 1371 349 1371 339 1378 338 1378 335 1378 303 1372 301 1372 194 1378 195 1411"/></Shape>
	    <String CONTENT="La salud de Colón se resintió de tantas fatigas y disgustos;"
                    HPOS="194.0"
                    VPOS="1366.0"
                    WIDTH="1153.0"
                    HEIGHT="62.0"></String>
          </TextLine>

          
          
          <TextLine ID="line_30"
                    TAGREFS="LT83"
                    BASELINE="125 1457 1351 1449" 
                    HPOS="124.0"
                    VPOS="1412.0"
                    WIDTH="1227.0"
                    HEIGHT="62.0">
            <Shape><Polygon POINTS="125 1457 125 1468 190 1474 191 1474 374 1467 395 1467 401 1467 448 1473 449 1473 638 1472 639 1472 658 1466 663 1464 690 1466 800 1470 801 1470 840 1464 851 1463 878 1464 979 1469 980 1469 981 1469 1004 1463 1011 1462 1027 1463 1078 1468 1080 1468 1350 1461 1351 1449 1350 1421 1326 1412 1325 1412 1323 1412 1322 1412 1296 1421 1179 1421 1160 1414 1159 1414 1158 1414 1116 1421 1013 1414 1012 1414 1011 1414 1010 1414 995 1423 930 1423 913 1415 911 1415 910 1415 909 1415 884 1421 695 1416 693 1416 647 1424 516 1417 515 1417 472 1425 451 1418 449 1418 378 1418 377 1418 376 1418 355 1425 303 1418 301 1418 251 1427 153 1420 152 1420 151 1420 124 1428 125 1457"/></Shape>
	    <String CONTENT="al fin sucumbió á la fuerza de una enfermedad, y los que le"
                    HPOS="124.0"
                    VPOS="1412.0"
                    WIDTH="1227.0"
                    HEIGHT="62.0"></String>
          </TextLine>

          
          
          <TextLine ID="line_31"
                    TAGREFS="LT83"
                    BASELINE="126 1500 1350 1494" 
                    HPOS="125.0"
                    VPOS="1459.0"
                    WIDTH="1225.0"
                    HEIGHT="60.0">
            <Shape><Polygon POINTS="126 1500 127 1519 139 1513 319 1518 362 1518 363 1518 364 1518 367 1517 380 1512 535 1515 613 1517 614 1517 1348 1507 1350 1494 1347 1459 1270 1459 1269 1459 1268 1459 1267 1459 1255 1466 1220 1460 1213 1459 1106 1459 1104 1459 1069 1461 1000 1467 934 1463 883 1460 882 1460 858 1463 831 1468 800 1464 770 1461 769 1461 768 1461 755 1464 743 1468 627 1467 504 1464 503 1464 393 1469 352 1470 349 1469 331 1463 330 1463 329 1463 328 1463 315 1470 125 1472 126 1500"/></Shape>
	    <String CONTENT="acompañaban se vieron precisados á volver á la Isabela. Una"
                    HPOS="125.0"
                    VPOS="1459.0"
                    WIDTH="1225.0"
                    HEIGHT="60.0"></String>
          </TextLine>

          
          
          <TextLine ID="line_32"
                    TAGREFS="LT83"
                    BASELINE="127 1546 1347 1538" 
                    HPOS="126.0"
                    VPOS="1501.0"
                    WIDTH="1221.0"
                    HEIGHT="63.0">
            <Shape><Polygon POINTS="127 1546 127 1564 159 1558 288 1563 290 1563 291 1563 292 1563 303 1557 1346 1557 1347 1538 1346 1509 1318 1501 1316 1501 1237 1501 1236 1501 1235 1501 1207 1508 1181 1501 1180 1501 1179 1501 1115 1508 1063 1502 1062 1502 994 1511 823 1504 821 1504 647 1514 535 1514 519 1506 518 1506 517 1506 419 1514 309 1507 307 1507 242 1515 184 1508 183 1508 126 1517 127 1546"/></Shape>
	    <String CONTENT="satisfacción inmensa y no esperada tuvo á su arribo á la ciudad."
                    HPOS="126.0"
                    VPOS="1501.0"
                    WIDTH="1221.0"
                    HEIGHT="63.0"></String>
          </TextLine>

          
          
          <TextLine ID="line_33"
                    TAGREFS="LT83"
                    BASELINE="126 1591 1348 1583" 
                    HPOS="125.0"
                    VPOS="1545.0"
                    WIDTH="1223.0"
                    HEIGHT="64.0">
            <Shape><Polygon POINTS="126 1591 126 1609 166 1603 409 1606 472 1606 473 1606 1347 1595 1348 1583 1346 1554 1281 1554 1260 1545 1258 1545 1257 1545 1256 1545 1223 1553 1155 1546 1154 1546 1153 1546 1119 1554 1062 1547 1061 1547 1059 1547 1037 1554 1012 1546 1011 1546 1010 1546 1008 1546 987 1556 982 1556 865 1547 864 1547 863 1547 849 1554 802 1548 801 1548 800 1548 785 1557 782 1557 712 1548 711 1548 710 1548 680 1557 651 1548 650 1548 648 1548 554 1558 550 1558 547 1558 487 1551 486 1551 485 1551 468 1559 467 1559 466 1559 453 1553 452 1553 451 1553 449 1553 433 1559 431 1559 427 1559 386 1551 384 1551 383 1551 355 1559 354 1560 214 1560 213 1560 197 1552 196 1552 138 1552 137 1552 136 1552 135 1552 125 1557 126 1591"/></Shape>
	    <String CONTENT="Su hermano Bartolomé había llegado de España con los refuer-"
                    HPOS="125.0"
                    VPOS="1545.0"
                    WIDTH="1223.0"
                    HEIGHT="64.0"></String>
          </TextLine>

          
          
          <TextLine ID="line_34"
                    TAGREFS="LT83"
                    BASELINE="125 1636 1350 1628" 
                    HPOS="124.0"
                    VPOS="1591.0"
                    WIDTH="1226.0"
                    HEIGHT="64.0">
            <Shape><Polygon POINTS="125 1636 125 1655 165 1648 221 1654 222 1654 299 1647 343 1653 344 1653 476 1646 819 1650 820 1650 821 1650 837 1643 904 1649 905 1649 1065 1642 1085 1648 1087 1648 1088 1648 1155 1642 1347 1647 1350 1628 1346 1591 1243 1598 1121 1592 1107 1592 1106 1592 1104 1592 1103 1592 1090 1601 992 1601 952 1593 946 1593 944 1593 927 1595 815 1603 712 1603 702 1596 699 1595 698 1595 697 1595 696 1595 653 1597 555 1602 500 1598 468 1596 467 1596 466 1596 457 1598 433 1605 332 1605 318 1599 310 1597 309 1597 307 1597 286 1599 248 1605 229 1601 221 1598 220 1598 219 1598 217 1598 208 1601 188 1605 124 1602 125 1636"/></Shape>
	    <String CONTENT="zos pedidos por Colón y fué la primera persona que le salió á"
                    HPOS="124.0"
                    VPOS="1591.0"
                    WIDTH="1226.0"
                    HEIGHT="64.0"></String>
          </TextLine>

          
          
          <TextLine ID="line_35"
                    TAGREFS="LT83"
                    BASELINE="125 1680 1350 1673" 
                    HPOS="124.0"
                    VPOS="1640.0"
                    WIDTH="1226.0"
                    HEIGHT="56.0">
            <Shape><Polygon POINTS="125 1680 125 1696 1350 1686 1350 1673 1346 1640 124 1647 125 1680"/></Shape>
	    <String CONTENT="recibir. El gozo que recibieron ambos hermanos al estrecharse"
                    HPOS="124.0"
                    VPOS="1640.0"
                    WIDTH="1226.0"
                    HEIGHT="56.0"></String>
          </TextLine>

          
          
          <TextLine ID="line_36"
                    TAGREFS="LT83"
                    BASELINE="124 1725 1347 1718" 
                    HPOS="123.0"
                    VPOS="1682.0"
                    WIDTH="1224.0"
                    HEIGHT="55.0">
            <Shape><Polygon POINTS="124 1725 124 1737 1346 1730 1347 1718 1345 1688 1146 1682 1145 1682 959 1689 956 1689 943 1683 942 1683 941 1683 905 1690 901 1690 890 1690 809 1685 808 1685 740 1690 729 1692 724 1692 703 1686 702 1686 701 1686 660 1692 657 1692 656 1692 641 1686 640 1686 544 1686 543 1686 542 1686 524 1693 522 1693 515 1693 470 1687 468 1687 467 1687 466 1687 457 1693 455 1694 344 1694 344 1693 323 1687 322 1687 320 1687 290 1694 286 1694 283 1694 248 1688 247 1688 206 1694 203 1694 190 1688 189 1688 188 1688 123 1694 124 1725"/></Shape>
	    <String CONTENT="entre los brazos después de dos años en que no habían sabi-"
                    HPOS="123.0"
                    VPOS="1682.0"
                    WIDTH="1224.0"
                    HEIGHT="55.0"></String>
          </TextLine>

          
          
          <TextLine ID="line_37"
                    TAGREFS="LT83"
                    BASELINE="123 1769 1346 1761" 
                    HPOS="121.0"
                    VPOS="1724.0"
                    WIDTH="1225.0"
                    HEIGHT="58.0">
            <Shape><Polygon POINTS="123 1769 123 1782 1345 1775 1346 1761 1344 1731 1229 1724 1228 1724 1226 1724 1225 1724 1213 1731 1209 1731 1120 1725 1119 1725 1063 1732 1057 1732 1052 1732 988 1725 987 1725 986 1725 965 1732 963 1732 879 1727 878 1727 845 1733 841 1733 838 1733 778 1726 776 1726 775 1726 760 1733 759 1733 594 1727 593 1727 592 1727 575 1734 575 1735 397 1735 396 1735 350 1728 349 1728 348 1728 322 1737 318 1737 300 1737 149 1730 148 1730 146 1730 121 1737 123 1769"/></Shape>
	    <String CONTENT="do el uno del otro, es indecible Desde aquel momento la sa-"
                    HPOS="121.0"
                    VPOS="1724.0"
                    WIDTH="1225.0"
                    HEIGHT="58.0"></String>
          </TextLine>

          
          
          <TextLine ID="line_38"
                    TAGREFS="LT83"
                    BASELINE="125 1815 1348 1808" 
                    HPOS="124.0"
                    VPOS="1771.0"
                    WIDTH="1224.0"
                    HEIGHT="59.0">
            <Shape><Polygon POINTS="125 1815 125 1829 896 1830 897 1830 973 1824 988 1822 1347 1821 1348 1808 1346 1780 1297 1771 1296 1771 1295 1771 1274 1779 1226 1773 1225 1773 1224 1773 1211 1779 1211 1780 998 1780 993 1779 979 1773 978 1773 976 1773 921 1779 886 1782 734 1778 532 1773 531 1773 389 1776 381 1777 354 1783 337 1777 330 1775 329 1775 328 1775 277 1776 275 1776 274 1776 273 1777 259 1785 228 1777 224 1776 223 1776 222 1776 124 1776 125 1815"/></Shape>
	    <String CONTENT="lud de Colón principió á mejorarse, y no fué necesario mucho"
                    HPOS="124.0"
                    VPOS="1771.0"
                    WIDTH="1224.0"
                    HEIGHT="59.0"></String>
          </TextLine>

          
          
          <TextLine ID="line_39"
                    TAGREFS="LT83"
                    BASELINE="124 1860 1069 1855" 
                    HPOS="123.0"
                    VPOS="1819.0"
                    WIDTH="946.0"
                    HEIGHT="60.0">
            <Shape><Polygon POINTS="124 1860 124 1879 168 1872 177 1877 178 1877 180 1877 181 1877 182 1877 194 1872 301 1877 322 1877 323 1877 333 1876 381 1870 515 1874 593 1876 594 1876 595 1876 602 1873 613 1869 683 1873 751 1875 753 1875 754 1875 768 1872 776 1869 841 1870 1017 1874 1018 1874 1068 1867 1069 1855 1068 1828 1044 1819 1043 1819 993 1819 992 1819 991 1819 974 1827 947 1819 946 1819 869 1819 868 1819 836 1827 830 1828 818 1827 763 1821 762 1821 761 1821 760 1821 753 1827 751 1827 750 1827 712 1821 711 1821 710 1821 688 1827 680 1828 671 1827 640 1821 639 1821 638 1821 624 1827 619 1828 615 1827 600 1821 599 1821 598 1821 596 1821 587 1827 580 1830 460 1830 453 1825 447 1822 446 1822 445 1822 444 1822 403 1825 355 1830 329 1825 320 1824 319 1824 310 1825 281 1830 123 1825 124 1860"/></Shape>
	    <String CONTENT="tiempo para estar completamente restablecido."
                    HPOS="123.0"
                    VPOS="1819.0"
                    WIDTH="946.0"
                    HEIGHT="60.0"></String>
          </TextLine>

          
          
          <TextLine ID="line_40"
                    TAGREFS="LT83"
                    BASELINE="195 1903 1348 1898" 
                    HPOS="194.0"
                    VPOS="1860.0"
                    WIDTH="1154.0"
                    HEIGHT="57.0">
            <Shape><Polygon POINTS="195 1903 195 1917 1348 1917 1348 1898 1346 1869 1277 1869 1277 1868 1250 1860 1249 1860 1248 1860 1201 1867 1145 1860 1143 1860 1063 1861 1062 1861 1049 1868 1045 1869 1040 1868 1025 1862 1024 1862 1023 1862 1021 1862 1005 1868 998 1870 878 1872 808 1872 798 1867 785 1862 783 1862 782 1862 757 1867 743 1869 727 1867 698 1862 697 1862 667 1867 647 1869 626 1867 602 1863 601 1863 600 1863 599 1863 594 1867 586 1872 523 1866 489 1863 487 1863 473 1866 451 1870 435 1866 427 1863 426 1863 425 1863 423 1863 415 1866 390 1873 362 1866 355 1864 354 1864 352 1864 349 1866 330 1873 194 1866 195 1903"/></Shape>
	    <String CONTENT="Trece años hacía que los dos hermanos se habían separado"
                    HPOS="194.0"
                    VPOS="1860.0"
                    WIDTH="1154.0"
                    HEIGHT="57.0"></String>
          </TextLine>

          
          
          <TextLine ID="line_41"
                    TAGREFS="LT83"
                    BASELINE="123 1950 1345 1941" 
                    HPOS="121.0"
                    VPOS="1906.0"
                    WIDTH="1224.0"
                    HEIGHT="61.0">
            <Shape><Polygon POINTS="123 1950 123 1967 1043 1957 1055 1957 1120 1961 1121 1961 1194 1956 1200 1956 1206 1956 1313 1960 1314 1960 1345 1953 1345 1941 1342 1912 1114 1906 1113 1906 1050 1912 1030 1913 1024 1912 1005 1906 1004 1906 1003 1906 898 1912 849 1914 837 1912 815 1907 814 1907 813 1907 804 1912 796 1915 712 1912 676 1911 675 1911 663 1912 630 1917 594 1912 573 1909 571 1909 558 1912 540 1917 519 1912 509 1909 508 1909 506 1909 481 1912 433 1918 421 1912 418 1911 416 1911 288 1911 287 1911 220 1912 219 1912 217 1912 206 1919 121 1913 123 1950"/></Shape>
	    <String CONTENT="para ir Bartolomé á lnglaterra en solicitud de los auxilios nece-"
                    HPOS="121.0"
                    VPOS="1906.0"
                    WIDTH="1224.0"
                    HEIGHT="61.0"></String>
          </TextLine>

          
          
          <TextLine ID="line_42"
                    TAGREFS="LT83"
                    BASELINE="123 1992 1344 1985" 
                    HPOS="121.0"
                    VPOS="1950.0"
                    WIDTH="1223.0"
                    HEIGHT="72.0">
            <Shape><Polygon POINTS="123 1992 123 2022 158 2021 159 2021 181 2010 216 2021 217 2021 219 2022 260 2022 260 2021 261 2021 262 2021 292 2011 369 2015 370 2015 371 2015 396 2009 497 2017 528 2019 529 2019 587 2018 588 2018 595 2016 618 2008 647 2015 660 2018 661 2018 663 2019 731 2019 731 2018 796 2016 798 2016 806 2014 821 2008 844 2012 851 2014 852 2014 853 2014 858 2012 881 2006 935 2011 939 2011 940 2011 941 2011 958 2005 1113 2005 1122 2009 1133 2014 1134 2014 1135 2014 1184 2008 1219 2004 1233 2008 1263 2015 1264 2015 1265 2015 1342 2005 1344 1985 1341 1958 1193 1950 1192 1950 1191 1950 1174 1957 1140 1950 1139 1950 1059 1958 1023 1951 1021 1951 1020 1951 992 1958 973 1951 972 1951 971 1951 937 1959 934 1959 921 1959 782 1952 781 1952 722 1960 714 1960 665 1960 337 1954 336 1954 306 1961 299 1963 283 1961 219 1956 217 1956 121 1961 123 1992"/></Shape>
	    <String CONTENT="sarios para realizar los proyectos del descubrimiento del Nue-"
                    HPOS="121.0"
                    VPOS="1950.0"
                    WIDTH="1223.0"
                    HEIGHT="72.0"></String>
          </TextLine>

          
        </TextBlock>
        

        
      </PrintSpace>
    </Page>
  </Layout>
</alto>
