1454 2115
700.0 43.0 41.0 69.0 —6—

106.0 108.0 1222.0 68.0 dos, que el genovés tuvo que asociarse á dos ricos negocian-

106.0 156.0 1221.0 69.0 tes de Palos para que le supliesen lo que faltaba. Todos los

108.0 205.0 1219.0 61.0 gastos del armamento no pasaron de trescientos sesenta mil

105.0 252.0 1220.0 60.0 reales; pero en aquellos tiempos esta suma era exorbitante.

108.0 293.0 1217.0 64.0 Tres fueron las naves que á Colón le dieron; unas especies

103.0 336.0 1220.0 65.0 de barcas ó carabelas, tan pequeñas y mal acondicionadas,

104.0 388.0 1223.0 59.0 que sólo un marino tan intrépido y entendido como él podía

104.0 426.0 1221.0 62.0 tomarlas para lanzarse en la inmensidad de un mar des-

102.0 471.0 1223.0 63.0 conocido. Grandes dificultades tuvo que vencer para decidir

103.0 518.0 1224.0 62.0 á las gentes que debían acompañarle, cuyo número en toda

104.0 561.0 1221.0 61.0 la tripulación era de unos noventa hombres. Al fin arreglado

103.0 607.0 1220.0 62.0 todo y hechas provisiones para un año, después de implorar

104.0 650.0 1221.0 62.0 la protección del cielo, el día 3 de Agosto de 1492 se hizo á

102.0 697.0 1222.0 59.0 la vela la escuadra, compuestas de las tres naves llamadas la

102.0 746.0 1115.0 55.0 Santa Maria, donde iba el almirante, la Pinta y la Niña.

170.0 784.0 1152.0 59.0 Según el plan que Colón se había propuesto, se dirigió ha-

101.0 831.0 1223.0 60.0 cia las Canarias. Al día siguiente de la partida sucedió á la

101.0 878.0 1221.0 62.0 escuadra un contratiempo que puso al almirante en grave

101.0 921.0 1220.0 58.0 riesgo. Se rompió el timón de la Pinta; tal fué de caso pensa-

99.0 965.0 1221.0 60.0 do por su piloto, casi arrepentido ya de su temeraria empre-

101.0 1011.0 1219.0 55.0 sa, y esta circunstancia hizo ver á la tripulación un presagio

98.0 1056.0 1223.0 56.0 de mal agüero. Pero el almirante con su sangre fría y talento

98.0 1102.0 1222.0 58.0 supo disipar aquellos temores, y puesto el timón en su primi-

99.0 1145.0 1222.0 58.0 tivo estado, prosiguió la escuadra su ruta. Al tercer día per-

96.0 1189.0 1225.0 60.0 dió de vista toda la tierra y entonces la tripulación cayó en

97.0 1234.0 1223.0 56.0 el más profundo abatimiento. Espantada de su audacia, con

98.0 1280.0 1222.0 54.0 sollozos y con lágrimas manifiesta su temor. y á Colón le

97.0 1325.0 1221.0 53.0 cuesta no poco trabajo el volver las esperanzas á sus abatidos

97.0 1374.0 1221.0 54.0 compañeros, que se creían para siempre ya separados de sus

96.0 1413.0 1222.0 59.0 familias y su patria. Al sexto día de su navegación, vieron

96.0 1465.0 1221.0 49.0 nadar sobre las aguas un grueso tronco de árbol, y esto les

97.0 1504.0 1221.0 56.0 hizo presumir que hacia aquella parte debían encontrarse

97.0 1553.0 1220.0 54.0 tierras; pero esta esperanza quedó desvanecida cuando pasa-

96.0 1594.0 1218.0 52.0 da una hora y otra y otra, no se descubría sino cielo y agua.

96.0 1640.0 1221.0 53.0 Después de haber andado unas cincuenta leguas, de repente

96.0 1686.0 1219.0 55.0 se hallaron con que la aguja de marear no les regía fijamen-

96.0 1727.0 1218.0 61.0 te, cuyo fenómeno ni el mismo Colón supo á que atribuirlo.

159.0 1773.0 1156.0 62.0 Aterrados los compañeros de Colón en vista de aquel su-

94.0 1824.0 1221.0 48.0 ceso que anunciaba un trastorno en el orden de los elemen-

96.0 1863.0 1216.0 55.0 tos y midiendo en su imaginación la enorme distancia que les

94.0 1905.0 1217.0 61.0 separaba de sus casas, principiaron á inquietarse contra el

92.0 1949.0 1218.0 70.0 hombre que les había engañado, arrastrándoles á tan terri-
