1450 2131
657.0 33.0 153.0 59.0 —12—

118.0 108.0 1225.0 63.0 carrera. Por fin, el cielo calmó sus iras, y el almirante se halló

116.0 151.0 1227.0 65.0 en la desembocadura del Tajo. Envió inmediatamente un co-

117.0 198.0 1225.0 62.0 rreo avisando á la corte de España su feliz regreso, y entre

118.0 245.0 1224.0 65.0 tanto se dirgió á Portugal para reparar un poco su nave, que

116.0 287.0 1223.0 64.0 se hallaba muy maltratada. Pidió permiso al monarca portu-

116.0 332.0 1223.0 64.0 gués para entrar en Lisboa, y el rey no solamente se lo con-

111.0 376.0 1227.0 64.0 cedió, sino que le mandó presentarse en su palacio, porque

112.0 422.0 1224.0 64.0 quería oir de boca de aquel hombre los prodigiosos descubri-

110.0 465.0 1226.0 61.0 mientos que él mismo había podido aprovechar, y tan necia-

110.0 509.0 1226.0 62.0 mente había despreciado. En aquella corte se le hicieron á

107.0 557.0 1226.0 64.0 Colón los mayores agasajos: el rey para oir su relato le man-

106.0 603.0 1226.0 58.0 dó sentar y cubrirse. Cuando el almirante concluyó su rela-

107.0 645.0 1225.0 67.0 ción, el monarca portugués le hizo las más seductoras pro-

106.0 694.0 1227.0 57.0 mesas para que se quedase á su servicio; pero Colón, fiel á

106.0 735.0 1226.0 61.0 los reyes de España, no las quiso admitir, y embarcado de

106.0 777.0 1224.0 68.0 nuevo, llegó al puerto de Palos el 15 de Marzo de 1493, á los

106.0 825.0 1120.0 65.0 siete meses y once días de su salida de la isla Española.

546.0 915.0 333.0 62.0 CAPITULO IV

106.0 989.0 1219.0 63.0 Victoriosa entrada de Colón en Barcelona.—Honroso recibimiento de los Reyes Cató-

129.0 1033.0 1198.0 60.0 licos.—Solicita el rey la aprobación del Papa.—Salida para segunda expedición.—

130.0 1085.0 1196.0 51.0 Descubrimiento de nuevas islas.—Vuelve Colón á Haiti.—Horrible desgracia de los

129.0 1115.0 1196.0 58.0 primeros colonos.— Fundación de la Isabela.— Descubrimiento de la Jamaica.—

131.0 1150.0 1108.0 63.0 Vuelta inesperada del hermano de Colón.—Primera batalla contra los indios.

164.0 1219.0 1158.0 72.0 La noticia de la llegada de Colón cundió en breve por la

93.0 1265.0 1227.0 71.0 ciudad y todos los habitantes se agolparon en el puerto para

93.0 1315.0 1227.0 65.0 ser espectadores de un suceso que no se atrevían á creer. El

92.0 1356.0 1227.0 68.0 desembarco de la flota se hizo en medio de una estrepitosa

94.0 1402.0 1220.0 67.0 gritería de vivas y aclamaciones, de las salvas de artillería y

91.0 1445.0 1223.0 68.0 del son de todas las campanas de la ciudad echadas á vuelo.

92.0 1488.0 1224.0 72.0 El almirante dispuso inmediatamente su viaje para Barcelo-

90.0 1542.0 601.0 49.0 na, donde se hallaba la corte.

154.0 1581.0 1162.0 69.0 De Pinzón, nada se supo con certeza. Unos dijeron que

90.0 1624.0 1223.0 70.0 llegó al puerto poco después del almirante: otros han asegu-

87.0 1672.0 1227.0 68.0 rado que se adelantó á Colón, y queriendo presentarse por si

88.0 1715.0 1225.0 69.0 solo á la corte, el rey se negó á recibirle mientras no fuese

87.0 1763.0 1225.0 64.0 acompañado de su jefe; y que esta repulsa le causó una enfer-

86.0 1806.0 751.0 56.0 medad de la cual murió á pocos días.

151.0 1849.0 1162.0 70.0 Llegó Colón á la corte, donde le aguardaban llenos de im-

88.0 1893.0 1223.0 69.0 paciencia los reyes Fernando é Isabel. En las calles de su

86.0 1941.0 1221.0 77.0 tránsito un inmenso gentío se agolpaba para ver y admirar
