1455 2121
710.0 19.0 69.0 83.0 —11—

202.0 108.0 1162.0 52.0 Después de haber andado algún tiempo, se descubrió á lo

139.0 153.0 1226.0 57.0 lejos una embarcación, y dirigiéndose hacia el almirante, fué

139.0 197.0 1226.0 57.0 grande su alegría cuando al acercarse halló ser la Pinta, que

139.0 241.0 1225.0 57.0 había ya contado por perdida en más de mes y medio. Pinzón,

139.0 287.0 1227.0 57.0 el comandante de aquélla, se excusó diciendo que el temporal

141.0 333.0 1225.0 54.0 le había extraviado, no siéndole posible reunirse á su almiran-

141.0 375.0 1229.0 55.0 te. Este bien conoció que Pinzón llevaba ideas siniestras con su

140.0 421.0 1231.0 59.0 conducta, pero creyó atraerle aparentando que le convencían

145.0 467.0 1226.0 51.0 sus disculpas. Prosiguieron unidas las dos naves, y cuando

143.0 511.0 1228.0 58.0 los españoles se regocijaban pensando en que pronto volve-

146.0 556.0 1227.0 53.0 rían á ver á su adorada patria, donde serían recibidos entre

147.0 602.0 1229.0 55.0 gritos de sorpresa y de admiración por su descubrimiento de

146.0 648.0 1227.0 54.0 un nuevo mundo, de repente se alza una horrorosa borrasca,

147.0 696.0 1227.0 48.0 que arrebatando las dos naves, hace consentir á sus hombres

147.0 735.0 1230.0 55.0 que de un instante á otro tendrán entre las olas el término

146.0 781.0 1231.0 55.0 de su carrera. Unos acobardados aguardan silenciosos la

148.0 826.0 1230.0 55.0 muerte; otros hacen voto de ir desnudos en camisa al pri-

149.0 869.0 1228.0 58.0 mer templo de la Virgen Santísima que se halle en el país cris-

150.0 913.0 750.0 60.0 tiano adonde Dios les permita llegar.

216.0 960.0 1163.0 49.0 Colón apura todos sus conocimientos de marino para sal-

157.0 1002.0 1224.0 57.0 var las naves, redobla sus esfuerzos para reanimar á su gen-

154.0 1046.0 1226.0 61.0 te; pero viendo que todo es inútil, coge un pergamino, escri-

154.0 1094.0 1229.0 60.0 be con precipitación las noticias de los paises que ha descu-

154.0 1140.0 1231.0 61.0 bierto, y envolviéndolo bien en un paño empapado de aceite

154.0 1184.0 1232.0 52.0 lo pone dentro de un barril, y perfectamente cerrado le arro-

156.0 1227.0 1230.0 59.0 ja al mar. Era de noche, y cuando á los primeros rayos del

156.0 1271.0 1232.0 55.0 sol principió á calmar la tempestad, la carabela la Pinta

157.0 1317.0 1231.0 59.0 había desaparecido, sin que pudiese saberse si habría pere-

156.0 1359.0 1234.0 62.0 cido ó si se había alejado. Al cabo de cuatro días arribó el al-

159.0 1408.0 1231.0 56.0 mirante á una costa, que luego reconoció ser una de las

160.0 1457.0 164.0 57.0 Azores.

227.0 1492.0 1165.0 62.0 Como aquella isla era de los portugueses y allí cerca esta-

162.0 1541.0 1234.0 59.0 ba una ermita de la Virgen, los españoles pidieron permiso

161.0 1584.0 1230.0 57.0 á Colón para ir á cumplir su promesa. Colón se lo concedió,

161.0 1630.0 1233.0 56.0 disponiendo que fuese primero la mitad de la gente y luego

163.0 1675.0 1234.0 61.0 que esta volviese, la otra mitad. Los portugueses hicieron pri-

165.0 1719.0 1233.0 61.0 sioneros á los primeros españoles que penetraron en su terri-

165.0 1765.0 1235.0 61.0 torio descalzos y en camisa. El gobernador de la isla, intimi-

166.0 1806.0 1094.0 62.0 dado, se decidió á poner en libertad á los prisioneros.

234.0 1852.0 1163.0 61.0 Colón se apresuró á salir de aquella tierra, y cuando ya es-

169.0 1895.0 1234.0 61.0 taba muy cerca de España, otra tormenta casi tan terrible

167.0 1943.0 1234.0 71.0 como la primera, puso á riesgo su carabela de no acabar su
