1446 2101
699.0 8.0 54.0 56.0 —18—

105.0 85.0 1228.0 63.0 mientos del indio, y los dos jefes salieron á campaña, cada

103.0 126.0 834.0 60.0 cual con muy corto número de soldados.

169.0 169.0 1163.0 69.0 Los ejércitos enemigos se hallaron pronto frente á frente.

102.0 214.0 1231.0 68.0 Los indios, en número tan considerable, avanzaban dispues-

102.0 261.0 1231.0 65.0 tos á sepultar en el polvo á un puñado de adversarios, aun-

101.0 306.0 1232.0 66.0 que también éstos, por su parte, aguardaban que los otros se

102.0 352.0 1230.0 60.0 vengan á las manos para destrozarlos con la velocidad del ra-

103.0 399.0 1229.0 65.0 yo, confiados en la superioridad de sus armas, en el estrago

99.0 443.0 1232.0 61.0 que podrán causar en las masas enemigas los solos veinte ca-

96.0 486.0 1236.0 64.0 ballos que llevan y un gran número de perros enormes de

98.0 536.0 1233.0 59.0 presa que se han de soltar contra los indios desnudos, en el

96.0 577.0 1233.0 64.0 momento más crítico del combate. Para mejor asegurar el

96.0 620.0 1229.0 73.0 resultado, Colón entretuvo el día con algunas estratagemas,

103.0 669.0 1226.0 62.0 y después de cerrada la noche, cayó de improviso sobre sus

94.0 712.0 1235.0 66.0 contrarios; los que, viéndose acometidos impensadamente, al

95.0 757.0 1230.0 65.0 ruido y resplandor de la pólvora, para ellos tan desconocido,

94.0 800.0 1232.0 69.0 con los gritos de los soldados, los ladridos de los perros, y el

95.0 850.0 1230.0 61.0 estrépito de los caballos, creyeron que todo el cielo se les

93.0 892.0 1230.0 69.0 desplomaba encima, y huyeron aterrorizados, siendo la ma-

101.0 939.0 1222.0 70.0 yor parte alcanzados en la fuga, hechos pedazos por los pe-

93.0 985.0 688.0 57.0 rros ó aplastados por los caballos.

160.0 1028.0 1156.0 72.0 Después de esta victoria, ya Colón pudo, sin resistencia,

92.0 1071.0 937.0 69.0 dejar asegurada la dominación en toda la isla.

547.0 1162.0 312.0 62.0 CAPITULO V

92.0 1226.0 1225.0 71.0 El clérigo de la armada.—Impuesto de Colón á los indios.—Venganza de éstos.—El

120.0 1273.0 1198.0 51.0 comisario Aguado.—Vuelve Colón á España.—Se justifica contra sus enemigos.—

120.0 1306.0 1201.0 52.0 Armamento de nuestra flota.—Contratiempos del viaje.—Funda la ciudad de Santo

120.0 1334.0 1198.0 69.0 Domingo.—Rebelión de Roldán.—Expedición de Ojeda.—Américo Vespucio da su

117.0 1366.0 373.0 49.0 nombre al nuevo mundo.

153.0 1428.0 1162.0 77.0 Como ya hemos dicho que el clérigo de la armada, el pa-

85.0 1476.0 1232.0 75.0 dre Bruil, se había escapado hacia España, Colón comprendió,

81.0 1522.0 1235.0 75.0 muy bien que éste su implacable enemigo sé presentaría en la

82.0 1568.0 1230.0 69.0 corte con alguna trama que le hiciese caer de la gracia de los

84.0 1611.0 1232.0 73.0 soberanos. El mejor medio que podía el almirante oponer á to-

79.0 1657.0 1235.0 72.0 das las maquinaciones de aquel hombre, era enviar á los Re-

86.0 1702.0 1228.0 69.0 yes Católicos grandes cantidades de las riquezas que les había

80.0 1750.0 1231.0 70.0 prometido al emprender la expedición. Para realizar este pen-

79.0 1792.0 1233.0 74.0 samiento, le fué forzoso al almirante imponer á los indios

75.0 1841.0 1235.0 69.0 contribuciones desmesuradas de todo lo que más valor tenía

78.0 1886.0 1230.0 71.0 para él como producciones de aquellos países. Los indios,

74.0 1928.0 1234.0 88.0 acostumbrados á una vida indolente, se resistían á los trabajos
