1463 2120
594.0 84.0 363.0 75.0 HISTORIA

740.0 168.0 56.0 66.0 DE

322.0 269.0 897.0 87.0 CRISTOBAL COLÓN

514.0 469.0 516.0 69.0 CAPÍTULO PRIMERO

157.0 565.0 1232.0 71.0 Nacimiento de Colón.—Principio de su carrera.—Su arribo á Portugal.—Sus proyec-

188.0 618.0 1201.0 53.0 tos manifestados á la república de Génova, á la corte de Lisboa, Londres y España.

190.0 666.0 1199.0 46.0 —Repulsa de aquellos principes.—Logra Colón sus deseos en España.—Estipula-

188.0 701.0 678.0 51.0 ción firmada por los Reyes Fernando é Isabel.

221.0 787.0 1165.0 58.0 Cristóbal Colón nació por los años de 1435 al 1438, pues

156.0 833.0 1231.0 53.0 no ha sido posible saber con certeza la fecha de su nacimento.

157.0 878.0 1231.0 54.0 Hijo de un cardador de lana en las cercanías de Génova, conta-

155.0 925.0 1233.0 54.0 ba entre sus parientes un gran número de marinos que des-

154.0 969.0 1234.0 55.0 de su infancia despertaron en él una preferente afición á esta

154.0 1014.0 1232.0 54.0 honrosa carrera. Su perspicaz talento y su aplicación en los

155.0 1061.0 1234.0 55.0 estudios á que le dedicó su padre, á pesar de sus escasos re-

154.0 1104.0 1235.0 54.0 cursos, le pusieron bien pronto en el caso de saber tanto como

159.0 1153.0 1229.0 49.0 los maestros que le enseñaban matemáticas, geografía, astro-

156.0 1196.0 1230.0 54.0 nomía y navegación. Á los catorce años principió á navegar,

164.0 1240.0 1223.0 54.0 y á los quince ya era el jefe de una embarcación pequeña.

155.0 1282.0 1234.0 54.0 Dando, desde luego, pruebas de sus profundos conocimientos

163.0 1327.0 1225.0 60.0 y de su valor, la república de Génova utilizó los servicios de

155.0 1375.0 1233.0 57.0 Colón en los ataques frecuentes que aquella república soste-

154.0 1418.0 853.0 53.0 nia en el Mediterráneo con la de Venecia.

223.0 1463.0 1166.0 58.0 En uno de sus encuentros fué á pique el buque de Colón

163.0 1507.0 1226.0 59.0 y toda la tripulación sumergida, salvándose solamente el in-

155.0 1554.0 1234.0 57.0 trépido genovés, que luchando con las olas pudo llegar á nado

153.0 1597.0 1235.0 60.0 á las costas de Portugal. Después de algunos días de descan-

156.0 1644.0 467.0 52.0 so, se dirigió á Lisboa.

221.0 1685.0 1168.0 60.0 Por aquella época, los portugueses habían descubierto en

155.0 1734.0 1236.0 55.0 las inmediaciones del África dos islas que llamaron Porto-San-

153.0 1777.0 1236.0 53.0 to y Madera. Cristóbal Colón, cuyo nombre ya era muy apre-

153.0 1823.0 1238.0 57.0 ciado entre los marinos portugueses, bien pronto hizo amis-

154.0 1872.0 1233.0 52.0 tad con los hombres más eminentes de aquella nación, y lue-

155.0 1913.0 1234.0 57.0 go se casó con la hija del capitán que había descubierto las

154.0 1956.0 1235.0 65.0 dos islas del África. Los diarios y los mapas de este hábil na-
