1439 2126
700.0 38.0 110.0 60.0 —14—

112.0 107.0 1221.0 67.0 te y la Guadalupe. Al principio ninguna persona encontraron

113.0 160.0 1220.0 53.0 porque los habitantes de las islas huían á las selvas; pero los

111.0 203.0 1221.0 55.0 soldados de Colón consiguieron alcanzar á dos indios, y al mis-

109.0 250.0 1222.0 54.0 mo tiempo se le presentaron seis mujeres implorando la pro-

108.0 294.0 1223.0 55.0 tección del almirante porque se hallaban cautivas, condena-

109.0 342.0 1221.0 54.0 nas en su país á perpetua servidumbre. Los indios de aquellas

106.0 385.0 1224.0 56.0 comarcas cuando hacían prisioneros en la guerra, los asaban

102.0 425.0 1223.0 67.0 y se los comian, y se apropiaban sus mujeres como es-

105.0 472.0 149.0 53.0 clavas.

171.0 516.0 1154.0 54.0 Colón consiguió sus descubrimientos en otras islas, sien-

101.0 562.0 1224.0 54.0 do en todas ellas recibido como enemigo, sin que pudiese por

105.0 610.0 1219.0 54.0 medio alguno establecer relaciones amistosas con aquellos

102.0 651.0 1220.0 60.0 hombres feroces. Deseando ver á los españoles que había de-

106.0 702.0 1213.0 50.0 jado en la colonia de Haiti, se dirigió hacia aquella parte.

101.0 742.0 1222.0 57.0 Cuando las naves llegaron á la costa saltaron á tierra algunos

100.0 788.0 1222.0 58.0 soldados y á poco tiempo volvieron diciendo al almirante que

99.0 835.0 1221.0 54.0 habían visto dos cadáveres muy desfigurados y atados del

98.0 877.0 1221.0 58.0 cuello á un palo en forma de cruz. Colón sospechó inmedia-

98.0 922.0 1222.0 58.0 tamente lo que podría ser; y desembarcando se dirigió al fuer-

98.0 970.0 1221.0 55.0 te de Natividad. Ya en aquel sitio no había más que ruinas, al-

98.0 1012.0 1219.0 59.0 gunas armas en el suelo, y restos de vestidos españoles y once

94.0 1058.0 1223.0 53.0 cadáveres horriblemente desfigurados. Entonces un hermano

94.0 1100.0 1222.0 57.0 del Príncipe Guanahaní, se presentó á Colón y le dijo que los

92.0 1145.0 1224.0 59.0 españoles que había dejado en la isla, luego que su almirante

94.0 1197.0 1220.0 50.0 volvió la espalda se entregaron con el mayor desenfreno á todo

93.0 1236.0 1219.0 58.0 genero de excesos y violencias con los naturales del país, has-

92.0 1286.0 1220.0 53.0 ta que exasperados éstos trataron de vengarse de los españo-

90.0 1321.0 1220.0 63.0 les y los sorprencieron, prendiendoles fuego al fuerte y dan-

89.0 1370.0 1065.0 53.0 do muerte á todos los que habían quedado en la isla.

155.0 1412.0 1155.0 57.0 Los soldados de Colón quisieron vengar la muerte de sus

88.0 1459.0 1221.0 54.0 hermanos exterminando á los indios, pero el almirante lo es-

87.0 1507.0 1219.0 56.0 torbó y consiguió tranquilizar los ánimos. Eligió otro para-

88.0 1553.0 1219.0 55.0 je de la isla mucho más agradable y sano que el primero y en

83.0 1593.0 1223.0 57.0 él determinó establecer una ciudad. Todos los que le acom-

87.0 1639.0 1218.0 60.0 pañaban emprendieron la construeción de las casas, y en muy

85.0 1683.0 1220.0 60.0 poco tiempo se vió concluida la primera ciudad edificada por

82.0 1726.0 1222.0 59.0 los europeos en el Nuevo Mundo, á la cual dió Colón el nom-

82.0 1770.0 286.0 59.0 bre de Isabela.

148.0 1816.0 1156.0 58.0 Pronto principiaron los que acompañaban á Colón á dis-

82.0 1861.0 1222.0 57.0 gustarse del género de vida que llevaban en su nuevo estable-

80.0 1906.0 1223.0 60.0 cimiento. El os se habían imaginado en la expedición un ma-

82.0 1951.0 1221.0 62.0 nantial de riquezas y un sin número de delicias, y cuando se
