1459 2118
680.0 42.0 91.0 55.0 —4—

94.0 104.0 1211.0 72.0 vegante despertaron en Colón una idea que, robusteciéndose

90.0 156.0 1214.0 62.0 un día y otro día, le hizo concebir el proyecto de una colosal

89.0 200.0 1215.0 67.0 empresa. Se imaginó, pues, Colón, que el mundo debía ser

89.0 245.0 1218.0 64.0 redondo, y que la otra parte debajo de lo conocido hasta enton-

90.0 290.0 1218.0 66.0 ces no debía estar compuesta sólo por las aguas del mar, sino,

89.0 335.0 1216.0 59.0 que allí también habría otras tierras y otras criaturas. Afir-

91.0 383.0 1214.0 60.0 mado en esta idea, pensó que si partiendo de Europa se enca-

91.0 425.0 1216.0 63.0 minaba en dirección del Oeste ó Poniente por el Océano, al

90.0 469.0 1219.0 65.0 cabo de cierto tiempo se llegaría precisamente á la otra par-

93.0 518.0 1215.0 56.0 te por él imaginada. Quiso Colón lanzarse á realizar tan gran

89.0 562.0 1220.0 71.0 descubrimiento; pero con los medios de su escasa fortuna,

90.0 609.0 1215.0 58.0 imposible le era costear los gastos de tan arriesgada empresa.

91.0 654.0 1216.0 57.0 Erale, pues, necesario interesar en su proyecto á los más,

93.0 702.0 1216.0 58.0 poderosos personajes: y desde luego pensó en su patria, con

89.0 742.0 1219.0 61.0 el fin de hacerla participar de la gloria que para sí mismo se

93.0 784.0 1215.0 67.0 prometía. Se dirigió al Senado de Génova y solicitó los recur-

91.0 833.0 1218.0 58.0 sos indispensables para su plan; pero el Senado lo rechazó

91.0 878.0 1216.0 60.0 teniéndole por un aventurero que intentaba medrar á la cos-

91.0 927.0 368.0 51.0 ta de los incautos.

155.0 968.0 1152.0 59.0 Con tal negativa, Colón se volvió á Portugal, creyendo que

90.0 1011.0 1218.0 62.0 allí le sería más fácil lograr su deseo, puesto que ya los por-

93.0 1059.0 1214.0 56.0 tugueses se hallaban animados con otros descubrimientos.

90.0 1103.0 1218.0 61.0 Hizo su proposición al monarca portugués, el cual aparentó

88.0 1149.0 1220.0 59.0 acoger bien tal proyecto; mas lo hizo sólo con el designio de

88.0 1193.0 1219.0 56.0 aprovechar las revelaciones de Colón, y entreteniéndole á éste

87.0 1239.0 1222.0 58.0 con halagüeñas esperanzas, mandar de por sí quien hiciera el

87.0 1283.0 1221.0 64.0 descubrimiento del Nuevo Mundo. Semejante traición la cor

90.0 1328.0 1218.0 58.0 te de Lisboa la puso por obra; pero no dió el resultado que se

89.0 1373.0 1219.0 62.0 buscaba, porque el capitán encargado de ejecutarla, después

88.0 1419.0 1219.0 60.0 de haber navegado algún tiempo en el Océano hacia el Oeste,

88.0 1463.0 1220.0 58.0 se volvió cansado á Lisboa, donde hizo creer que los cálculos

89.0 1509.0 785.0 60.0 de Colón eran solamente una quimera.

150.0 1552.0 1157.0 63.0 El navegante genovés, indignado con la traición de la cor-

90.0 1599.0 1219.0 56.0 te portuguesa, salió precipitadamente de aquel reino con di-

88.0 1643.0 1222.0 63.0 rección á España, enviando al mismo tiempo á su hermano

90.0 1687.0 1218.0 60.0 Bartolomé á Inglaterra, también con el intento de solicitar

89.0 1734.0 1220.0 56.0 socorros por si se los negaban en España. Cristóbal se pre-

89.0 1783.0 1221.0 51.0 sentó en esta corte ante sus monarcas, que á la sazon lo eran

89.0 1823.0 1221.0 57.0 D. Fernando llamado el Católico y su esposa D.ª Isabel, los

89.0 1873.0 1220.0 53.0 cuales le recibieron con mucha benevolencia; mas antes de

88.0 1913.0 1221.0 61.0 decidirse á otorgarle lo que pedía, quisieron someter el pro-

93.0 1956.0 1216.0 70.0 yecto al examen de los hombres que se tenían por sabios en
