1454 2121
741.0 2.0 56.0 63.0 —10—

148.0 69.0 1219.0 61.0 sí un buen acopio de oro. Colón conoció la intención y le man-

145.0 117.0 1219.0 60.0 dó detenerse; pero Pinzón desobedeció y prosiguió su rumbo.

145.0 163.0 1221.0 62.0 Cuando llegó Colón á la isla de Haiti, la dió el nombre de Espa-

143.0 210.0 1219.0 52.0 ñola, por hallarla con muchísima semejanza con el suelo espa-

142.0 253.0 1221.0 60.0 ñol. Desde allí se dirigió á la parte donde se hallaban las mi-

141.0 299.0 1219.0 58.0 nas de oro, que era otra isla hacia el Oriente de la de Haiti.

140.0 346.0 1217.0 55.0 En esta travesía estuvo á pique de perecer con toda su gente.

141.0 390.0 1219.0 58.0 Habiéndose retirado á descansar un rato, porque hacía dos

139.0 434.0 1220.0 58.0 días que no había dormido ni un instante, dejó su nave con-

137.0 477.0 1222.0 63.0 fiada al piloto; luego éste dió el timón á un grumete, y todo

136.0 522.0 1221.0 63.0 el equipaje se fué á dormir. El buque insensiblemente fué

135.0 570.0 1218.0 56.0 arrastrado hacia la costa, y cuando el muchacho lo notó, un

139.0 612.0 1215.0 64.0 grito doloroso y terrible despertó á toda la tripulación en el

133.0 659.0 1221.0 60.0 momento que un choque contra las rocas abrió la nave junto

132.0 702.0 1220.0 62.0 á la quilla. Inútiles fueron todos los esfuerzos que hizo Colón

133.0 747.0 1219.0 67.0 para salvar el buque; lle fué preciso bajar á las chalupas y á

133.0 791.0 915.0 63.0 fuerza de remos llegar con su gente á la Niña.

196.0 837.0 1154.0 65.0 Luego que el cacique de aquella isla supo la desgracia que

127.0 881.0 1219.0 64.0 á Colón le había sucedido, se apresuró á socorrer á los espa-

126.0 928.0 1220.0 62.0 ñoles, poniendo á su disposición un gran número de indios

127.0 973.0 1217.0 62.0 para transportar á tierra todos los efectos que contenía el bu-

124.0 1018.0 1216.0 63.0 que perdido, y ofreció á Colón todo cuanto pudiera necesitar

124.0 1064.0 1217.0 61.0 para indemnizarse de aquella pérdida. En efecto, le regaló

122.0 1108.0 1216.0 63.0 una porción de placas de gran valor, y sus vasallos, á ejem-

121.0 1155.0 1217.0 62.0 plo suyo, hicieron lo mismo, trayendo á los españoles placas

117.0 1197.0 1220.0 66.0 de aquellas en gran cantidad. Después de permanecer en aquel

119.0 1241.0 1217.0 65.0 pais algunos días, determinó Colón volver á España para dar

115.0 1285.0 1218.0 67.0 cuenta de su expedición á sus soberanos; y como la única na-

119.0 1330.0 1213.0 66.0 ve que le había quedado era la Niña, pues la de Pinzón no se

114.0 1375.0 1217.0 69.0 había encontrado por más diligencias hechas para ello, y en

115.0 1423.0 1216.0 66.0 aquélla no era posible embarcarse toda la gente, creyó conve-

112.0 1465.0 1217.0 70.0 niente dejar una parte de sus españoles en la isla para for-

113.0 1510.0 348.0 56.0 mar una colonia.

178.0 1553.0 1151.0 70.0 Los españoles principiaron al instante á construir una for-

110.0 1603.0 1217.0 59.0 taleza, y en pocos días la tuvieron concluída. Eligió el almi-

110.0 1648.0 1216.0 66.0 rante treinta hombres de los que más deseos manifestaban de

108.0 1690.0 1217.0 65.0 quedarse allí, haciéndoles prometer bajo juramento que no

107.0 1740.0 1217.0 64.0 maltratarían á los indios ni atentarian á sus propiedades. Así

106.0 1780.0 1217.0 69.0 arreglado todo, Colón se hizo á la vela el 4 de Enero de 1493

104.0 1826.0 1216.0 71.0 en una nave que, ya cascada y con demasiado porte, pare-

103.0 1870.0 1215.0 70.0 cía imposible que hubiese de hacer tan larga travesía en un

104.0 1913.0 434.0 72.0 mar aún desconocido.
