<?xml version="1.0" encoding="UTF-8"?>
<alto xmlns:xsi="http://www.w3.org/2001/XMLSchema-instance"
      xmlns="http://www.loc.gov/standards/alto/ns-v4#"
      xsi:schemaLocation="http://www.loc.gov/standards/alto/ns-v4# http://www.loc.gov/standards/alto/v4/alto-4-2.xsd">
  <Description>
    <MeasurementUnit>pixel</MeasurementUnit>
    <sourceImageInformation>
      <fileName>Varios_430_20.jpg</fileName>
      
    </sourceImageInformation>
  </Description>
  
  <Tags>
    <OtherTag ID="BT221" LABEL="CustomZone:impresorNum" DESCRIPTION="block type CustomZone:impresorNum"/><OtherTag ID="BT222" LABEL="CustomZone:numero_pliego" DESCRIPTION="block type CustomZone:numero_pliego"/><OtherTag ID="BT223" LABEL="CustomZone:title" DESCRIPTION="block type CustomZone:title"/><OtherTag ID="BT224" LABEL="GraphicZone:illustration" DESCRIPTION="block type GraphicZone:illustration"/><OtherTag ID="BT225" LABEL="GraphicZone:ornamentation" DESCRIPTION="block type GraphicZone:ornamentation"/><OtherTag ID="BT226" LABEL="MainZone" DESCRIPTION="block type MainZone"/><OtherTag ID="BT227" LABEL="MainZone:columns" DESCRIPTION="block type MainZone:columns"/><OtherTag ID="BT228" LABEL="MarginTextZone:colophon" DESCRIPTION="block type MarginTextZone:colophon"/><OtherTag ID="BT229" LABEL="MarginTextZone:note" DESCRIPTION="block type MarginTextZone:note"/><OtherTag ID="BT230" LABEL="MusicZone" DESCRIPTION="block type MusicZone"/><OtherTag ID="BT231" LABEL="NumberingZone:page" DESCRIPTION="block type NumberingZone:page"/><OtherTag ID="BT232" LABEL="QuireMarksZone:catchwords" DESCRIPTION="block type QuireMarksZone:catchwords"/><OtherTag ID="BT233" LABEL="QuireMarksZone:signature" DESCRIPTION="block type QuireMarksZone:signature"/><OtherTag ID="BT234" LABEL="RunningTitleZone" DESCRIPTION="block type RunningTitleZone"/>
    <OtherTag ID="LT81" LABEL="CustomLine:propriedad" DESCRIPTION="line type CustomLine:propriedad"/><OtherTag ID="LT82" LABEL="CustomLine:trailer" DESCRIPTION="line type CustomLine:trailer"/><OtherTag ID="LT83" LABEL="DefaultLine" DESCRIPTION="line type DefaultLine"/><OtherTag ID="LT84" LABEL="HeadingLine" DESCRIPTION="line type HeadingLine"/>
  </Tags>
  
  <Layout>
    <Page WIDTH="1440"
          HEIGHT="2119"
          PHYSICAL_IMG_NR="93"
          ID="eSc_dummypage_">
      <PrintSpace HPOS="0"
                  VPOS="0"
                  WIDTH="1440"
                  HEIGHT="2119">
        
        <TextBlock HPOS="558.0"
                   VPOS="0.0"
                   WIDTH="264.0"
                   HEIGHT="141.0"
                   ID="block_1"
                   TAGREFS="BT231">
          <Shape><Polygon POINTS="558 0 822 0 822 141 558 141 558 0"/></Shape>
          
          
          <TextLine ID="line_0"
                    TAGREFS="LT83"
                    BASELINE="674 109 724 110" 
                    HPOS="673.0"
                    VPOS="68.0"
                    WIDTH="51.0"
                    HEIGHT="57.0">
            <Shape><Polygon POINTS="674 109 673 124 721 125 724 110 722 68 674 68 674 109"/></Shape>
	    <String CONTENT="—20—"
                    HPOS="673.0"
                    VPOS="68.0"
                    WIDTH="51.0"
                    HEIGHT="57.0"></String>
          </TextLine>

          
        </TextBlock>
        
        <TextBlock HPOS="4.0"
                   VPOS="133.0"
                   WIDTH="1378.0"
                   HEIGHT="1980.0"
                   ID="block_0"
                   TAGREFS="BT226">
          <Shape><Polygon POINTS="4 133 1382 133 1382 2113 4 2113 4 133"/></Shape>
          
          
          <TextLine ID="line_1"
                    TAGREFS="LT83"
                    BASELINE="144 183 1308 180" 
                    HPOS="143.0"
                    VPOS="140.0"
                    WIDTH="1165.0"
                    HEIGHT="60.0">
            <Shape><Polygon POINTS="144 183 144 200 1308 196 1308 180 1303 140 1270 148 1220 141 1219 141 1218 141 1190 148 1170 141 1169 141 1168 141 1106 148 1093 140 1092 140 1091 140 1090 140 1086 140 1056 147 1039 140 1038 140 1037 140 936 140 934 140 933 140 930 141 896 149 855 143 854 143 790 149 777 141 775 141 774 141 773 141 771 141 720 149 697 143 695 143 694 143 693 143 679 149 588 142 587 142 586 142 585 142 573 150 540 150 505 142 503 142 467 148 409 142 406 142 405 142 403 142 388 150 315 150 263 142 259 142 257 142 251 142 186 150 171 142 170 142 169 142 168 142 143 142 144 183"/></Shape>
	    <String CONTENT="En esta expedición, el almirante, al cabo de algunos días"
                    HPOS="143.0"
                    VPOS="140.0"
                    WIDTH="1165.0"
                    HEIGHT="60.0"></String>
          </TextLine>

          
          
          <TextLine ID="line_2"
                    TAGREFS="LT83"
                    BASELINE="74 226 1303 228" 
                    HPOS="73.0"
                    VPOS="191.0"
                    WIDTH="1230.0"
                    HEIGHT="53.0">
            <Shape><Polygon POINTS="74 226 73 238 518 243 519 243 542 241 584 237 621 242 636 243 638 243 649 242 679 237 808 242 863 244 864 244 904 243 1007 238 1043 243 1051 244 1052 244 1070 243 1159 238 1218 244 1223 244 1224 244 1226 244 1269 238 1301 244 1303 228 1302 196 74 191 74 226"/></Shape>
	    <String CONTENT="de navegación, descubrió una isla en forma de tres montañas,"
                    HPOS="73.0"
                    VPOS="191.0"
                    WIDTH="1230.0"
                    HEIGHT="53.0"></String>
          </TextLine>

          
          
          <TextLine ID="line_3"
                    TAGREFS="LT83"
                    BASELINE="74 271 1304 271" 
                    HPOS="74.0"
                    VPOS="234.0"
                    WIDTH="1230.0"
                    HEIGHT="54.0">
            <Shape><Polygon POINTS="74 271 74 288 1304 283 1304 271 1304 242 1255 235 1253 235 1252 235 1239 242 1123 242 1106 235 1105 235 1104 235 1069 241 1006 234 1005 234 1004 234 1003 234 990 242 932 242 913 234 912 234 645 234 644 234 575 241 554 234 553 234 552 234 551 234 549 234 536 242 479 242 442 234 441 234 440 234 425 241 375 234 374 234 317 241 279 234 277 234 223 241 153 234 151 234 150 234 149 234 136 242 74 242 74 271"/></Shape>
	    <String CONTENT="por lo cual la dió el nombre de Trinidad. Examinando con de-"
                    HPOS="74.0"
                    VPOS="234.0"
                    WIDTH="1230.0"
                    HEIGHT="54.0"></String>
          </TextLine>

          
          
          <TextLine ID="line_4"
                    TAGREFS="LT83"
                    BASELINE="74 315 1303 315" 
                    HPOS="74.0"
                    VPOS="280.0"
                    WIDTH="1229.0"
                    HEIGHT="50.0">
            <Shape><Polygon POINTS="74 315 74 328 1302 330 1303 315 1303 288 1243 288 1222 280 1220 280 1219 280 1160 286 1120 280 1119 280 1118 280 1103 287 680 280 679 280 678 280 647 287 608 280 607 280 606 280 588 288 475 288 393 280 392 280 327 287 312 280 310 280 309 280 229 286 121 280 120 280 74 287 74 315"/></Shape>
	    <String CONTENT="tenimiento las circunstancias del terreno, se convenció de que"
                    HPOS="74.0"
                    VPOS="280.0"
                    WIDTH="1229.0"
                    HEIGHT="50.0"></String>
          </TextLine>

          
          
          <TextLine ID="line_5"
                    TAGREFS="LT83"
                    BASELINE="73 361 1303 361" 
                    HPOS="73.0"
                    VPOS="326.0"
                    WIDTH="1230.0"
                    HEIGHT="54.0">
            <Shape><Polygon POINTS="73 361 73 373 93 380 94 380 95 380 184 374 289 374 300 380 301 380 302 380 303 380 405 374 475 380 476 380 515 374 1266 380 1268 380 1303 373 1303 361 1303 334 1188 326 1186 326 1135 333 1102 326 1100 326 1005 333 939 326 938 326 937 326 936 326 924 333 886 327 885 327 884 327 868 333 833 326 739 326 738 326 681 333 658 326 657 326 588 326 587 326 586 326 585 326 572 334 410 334 369 326 368 326 367 326 341 334 264 334 162 326 161 326 160 326 141 334 73 334 73 361"/></Shape>
	    <String CONTENT="aquello no podía ser una isla, sino parte del continente que"
                    HPOS="73.0"
                    VPOS="326.0"
                    WIDTH="1230.0"
                    HEIGHT="54.0"></String>
          </TextLine>

          
          
          <TextLine ID="line_6"
                    TAGREFS="LT83"
                    BASELINE="71 406 1303 406" 
                    HPOS="71.0"
                    VPOS="369.0"
                    WIDTH="1232.0"
                    HEIGHT="55.0">
            <Shape><Polygon POINTS="71 406 71 420 813 424 814 424 860 419 867 419 890 419 1076 424 1077 424 1117 419 1118 419 1119 419 1151 424 1152 424 1182 419 1183 419 1228 424 1229 424 1303 417 1303 406 1303 376 1224 376 1223 375 1211 369 1210 369 1209 369 1183 375 1180 375 1175 375 1118 369 1117 369 1116 369 1095 375 1090 375 1058 374 923 369 921 369 920 369 906 374 899 376 777 376 761 373 742 369 741 369 740 369 733 373 726 376 627 376 547 372 495 369 494 369 483 372 463 375 385 370 356 369 355 369 346 370 313 375 281 370 274 369 273 369 263 370 219 375 191 369 188 369 187 369 186 369 184 369 166 375 141 369 138 369 137 369 135 369 103 375 71 369 71 406"/></Shape>
	    <String CONTENT="buscaba. Los habitantes de aquel pais se distinguían de los"
                    HPOS="71.0"
                    VPOS="369.0"
                    WIDTH="1232.0"
                    HEIGHT="55.0"></String>
          </TextLine>

          
          
          <TextLine ID="line_7"
                    TAGREFS="LT83"
                    BASELINE="70 452 1299 448" 
                    HPOS="69.0"
                    VPOS="413.0"
                    WIDTH="1230.0"
                    HEIGHT="60.0">
            <Shape><Polygon POINTS="70 452 70 468 226 465 247 469 261 472 262 472 275 469 295 465 365 469 419 473 420 473 421 473 430 469 445 465 599 469 635 470 636 470 638 470 641 469 664 463 698 469 699 469 843 463 857 470 858 470 859 470 860 472 1137 472 1137 470 1138 470 1156 465 1297 470 1299 448 1296 420 1175 420 1160 419 1115 413 1113 413 1112 413 1111 413 1102 419 1098 421 984 421 963 417 923 413 921 413 897 417 884 420 874 417 860 413 859 413 858 413 823 417 788 421 752 416 718 413 717 413 715 413 705 416 692 422 639 422 621 416 609 413 608 413 607 413 559 415 511 419 502 415 495 413 494 413 493 413 470 415 416 422 288 414 273 414 271 414 268 414 235 422 221 414 220 414 219 414 69 414 70 452"/></Shape>
	    <String CONTENT="de la Española, por la blancura del cutis, por su valor y por"
                    HPOS="69.0"
                    VPOS="413.0"
                    WIDTH="1230.0"
                    HEIGHT="60.0"></String>
          </TextLine>

          
          
          <TextLine ID="line_8"
                    TAGREFS="LT83"
                    BASELINE="70 496 386 496" 
                    HPOS="70.0"
                    VPOS="459.0"
                    WIDTH="316.0"
                    HEIGHT="53.0">
            <Shape><Polygon POINTS="70 496 70 512 386 508 386 496 386 469 355 469 343 459 342 459 341 459 340 459 293 468 214 459 213 459 211 459 210 459 196 468 187 460 187 459 186 459 184 459 183 459 182 459 163 467 143 459 142 459 141 459 70 468 70 496"/></Shape>
	    <String CONTENT="su inteligencia."
                    HPOS="70.0"
                    VPOS="459.0"
                    WIDTH="316.0"
                    HEIGHT="53.0"></String>
          </TextLine>

          
          
          <TextLine ID="line_9"
                    TAGREFS="LT83"
                    BASELINE="137 541 1299 539" 
                    HPOS="136.0"
                    VPOS="502.0"
                    WIDTH="1163.0"
                    HEIGHT="52.0">
            <Shape><Polygon POINTS="137 541 137 554 1298 552 1299 539 1297 503 136 502 137 541"/></Shape>
	    <String CONTENT="Navegando luego hacia la Española, descubrió la isla Mar-"
                    HPOS="136.0"
                    VPOS="502.0"
                    WIDTH="1163.0"
                    HEIGHT="52.0"></String>
          </TextLine>

          
          
          <TextLine ID="line_10"
                    TAGREFS="LT83"
                    BASELINE="70 583 1299 586" 
                    HPOS="69.0"
                    VPOS="550.0"
                    WIDTH="1230.0"
                    HEIGHT="52.0">
            <Shape><Polygon POINTS="70 583 69 601 1297 602 1299 586 1297 550 70 552 70 583"/></Shape>
	    <String CONTENT="garita. Cuando llegó á donde había dejado á su hermano, halló"
                    HPOS="69.0"
                    VPOS="550.0"
                    WIDTH="1230.0"
                    HEIGHT="52.0"></String>
          </TextLine>

          
          
          <TextLine ID="line_11"
                    TAGREFS="LT83"
                    BASELINE="69 630 1299 630" 
                    HPOS="69.0"
                    VPOS="599.0"
                    WIDTH="1230.0"
                    HEIGHT="48.0">
            <Shape><Polygon POINTS="69 630 69 647 1299 642 1299 630 1299 599 69 599 69 630"/></Shape>
	    <String CONTENT="que éste, llevando los colonos de la Isabela á otro sitio mucho"
                    HPOS="69.0"
                    VPOS="599.0"
                    WIDTH="1230.0"
                    HEIGHT="48.0"></String>
          </TextLine>

          
          
          <TextLine ID="line_12"
                    TAGREFS="LT83"
                    BASELINE="67 674 1297 672" 
                    HPOS="65.0"
                    VPOS="636.0"
                    WIDTH="1232.0"
                    HEIGHT="55.0">
            <Shape><Polygon POINTS="67 674 67 687 1275 691 1276 691 1277 691 1297 683 1297 672 1293 645 1178 645 1176 645 1159 638 1158 638 1157 638 1156 638 1138 645 1136 646 1043 646 1042 645 1024 636 1023 636 977 636 976 636 974 636 958 645 954 645 903 639 901 639 900 639 887 645 887 646 792 646 791 645 775 636 774 636 717 636 715 636 714 636 699 645 664 638 662 638 336 646 320 646 319 646 295 638 294 638 215 638 214 638 213 638 188 645 117 638 116 638 65 646 67 674"/></Shape>
	    <String CONTENT="más ventajoso, en él había fundado una ciudad con el nom-"
                    HPOS="65.0"
                    VPOS="636.0"
                    WIDTH="1232.0"
                    HEIGHT="55.0"></String>
          </TextLine>

          
          
          <TextLine ID="line_13"
                    TAGREFS="LT83"
                    BASELINE="65 720 1296 718" 
                    HPOS="64.0"
                    VPOS="680.0"
                    WIDTH="1232.0"
                    HEIGHT="60.0">
            <Shape><Polygon POINTS="65 720 68 740 78 733 90 739 91 739 93 739 128 733 176 739 177 739 206 733 441 733 460 738 465 739 466 739 467 739 475 738 502 733 512 738 515 739 516 739 518 739 719 738 720 738 724 736 735 732 824 736 866 738 867 738 1296 733 1296 718 1293 687 990 680 989 680 932 685 901 687 897 685 887 680 886 680 885 680 864 685 857 686 854 685 847 680 846 680 845 680 766 680 765 680 764 680 762 680 757 683 750 687 627 683 549 681 548 681 533 682 494 688 445 682 430 681 429 681 419 682 380 688 319 682 307 681 306 681 297 682 246 688 221 681 220 681 219 681 217 681 216 681 215 681 190 688 168 681 167 681 166 681 164 681 161 681 105 688 64 681 65 720"/></Shape>
	    <String CONTENT="bre de Santo Domingo. Luego que la dejó establecida, Barto-"
                    HPOS="64.0"
                    VPOS="680.0"
                    WIDTH="1232.0"
                    HEIGHT="60.0"></String>
          </TextLine>

          
          
          <TextLine ID="line_14"
                    TAGREFS="LT83"
                    BASELINE="67 764 1295 766" 
                    HPOS="67.0"
                    VPOS="727.0"
                    WIDTH="1228.0"
                    HEIGHT="53.0">
            <Shape><Polygon POINTS="1292 728 682 735 655 727 654 727 653 727 652 727 651 727 649 727 634 735 520 735 498 727 496 727 495 727 494 727 479 735 340 735 296 727 295 727 294 727 293 727 271 734 227 727 226 727 224 727 223 727 187 734 153 727 151 727 150 727 149 727 148 727 135 735 98 735 68 727 67 764 67 780 1293 780 1295 766 1292 728"/></Shape>
	    <String CONTENT="lomé salió á recorrer los parajes que no había visto Cristóbal,"
                    HPOS="67.0"
                    VPOS="727.0"
                    WIDTH="1228.0"
                    HEIGHT="53.0"></String>
          </TextLine>

          
          
          <TextLine ID="line_15"
                    TAGREFS="LT83"
                    BASELINE="71 812 1295 808" 
                    HPOS="70.0"
                    VPOS="771.0"
                    WIDTH="1225.0"
                    HEIGHT="60.0">
            <Shape><Polygon POINTS="71 812 71 829 129 825 156 829 164 831 166 831 167 831 169 829 181 824 427 827 556 829 558 829 559 829 560 829 563 827 573 822 657 822 665 826 673 829 674 829 675 831 782 831 782 829 784 829 785 829 792 825 798 822 944 824 1244 828 1245 828 1295 821 1295 808 1292 772 1238 772 1237 772 1236 772 1216 779 1190 772 1184 771 1183 771 1182 771 1180 771 1175 772 1153 779 1037 773 993 772 992 772 991 772 985 774 972 780 904 780 885 775 871 772 870 772 852 775 827 781 737 781 722 776 708 772 707 772 706 772 669 776 659 778 652 776 626 772 625 772 554 778 522 780 513 778 490 772 489 772 488 772 487 772 486 772 476 779 472 781 462 779 443 773 442 773 441 773 392 779 381 780 375 779 347 773 346 773 315 780 307 781 300 780 267 773 266 773 207 781 200 781 198 781 184 773 183 773 115 773 114 773 70 781 71 812"/></Shape>
	    <String CONTENT="y dejó en Santo Domingo á Roldán con la mayor parte de las"
                    HPOS="70.0"
                    VPOS="771.0"
                    WIDTH="1225.0"
                    HEIGHT="60.0"></String>
          </TextLine>

          
          
          <TextLine ID="line_16"
                    TAGREFS="LT83"
                    BASELINE="64 854 1292 854" 
                    HPOS="64.0"
                    VPOS="818.0"
                    WIDTH="1228.0"
                    HEIGHT="56.0">
            <Shape><Polygon POINTS="64 854 64 865 114 873 115 873 183 866 190 866 227 866 485 873 486 873 519 868 531 867 563 868 641 873 642 873 661 869 680 866 701 869 715 872 717 872 735 869 766 866 793 871 812 873 813 873 814 873 823 871 835 866 854 871 864 873 865 873 866 874 1013 874 1013 873 1040 872 1146 866 1291 873 1292 854 1292 825 1263 818 1262 818 1216 825 1210 825 1204 825 1166 818 1165 818 1122 825 1116 825 1112 825 1090 818 1089 818 1087 818 1086 818 1072 825 1071 825 1067 825 1042 819 1040 819 958 825 944 825 940 825 918 818 917 818 916 818 755 824 719 818 718 818 658 825 648 825 639 825 573 818 572 818 496 825 486 825 475 825 415 818 414 818 375 825 370 825 367 825 347 818 346 818 344 818 343 818 317 825 314 825 312 825 296 818 295 818 231 818 230 818 229 818 213 825 210 825 198 825 135 819 134 819 133 819 131 819 123 825 121 825 64 825 64 854"/></Shape>
	    <String CONTENT="tropas. Este hombre, así que se vió allí por único dueño,"
                    HPOS="64.0"
                    VPOS="818.0"
                    WIDTH="1228.0"
                    HEIGHT="56.0"></String>
          </TextLine>

          
          
          <TextLine ID="line_17"
                    TAGREFS="LT83"
                    BASELINE="63 898 1290 901" 
                    HPOS="62.0"
                    VPOS="859.0"
                    WIDTH="1228.0"
                    HEIGHT="59.0">
            <Shape><Polygon POINTS="63 898 62 911 1288 918 1290 901 1289 869 1235 861 1019 861 1018 861 1017 861 999 868 998 869 883 869 879 868 851 860 850 860 848 860 847 860 820 867 760 860 759 860 715 867 714 867 713 867 695 861 694 861 693 861 601 867 591 867 586 867 545 860 543 860 542 860 528 867 527 868 480 868 459 866 314 859 313 859 312 859 292 866 290 866 288 866 234 859 233 859 63 865 63 898"/></Shape>
	    <String CONTENT="aprovechando la ausencia de Colón y la salida del hermano,"
                    HPOS="62.0"
                    VPOS="859.0"
                    WIDTH="1228.0"
                    HEIGHT="59.0"></String>
          </TextLine>

          
          
          <TextLine ID="line_18"
                    TAGREFS="LT83"
                    BASELINE="63 946 1132 944" 
                    HPOS="62.0"
                    VPOS="906.0"
                    WIDTH="1070.0"
                    HEIGHT="53.0">
            <Shape><Polygon POINTS="63 946 63 959 1131 954 1132 944 1130 914 1077 906 1076 906 1034 914 964 914 953 907 952 907 951 907 950 907 896 913 854 906 853 906 852 906 851 906 838 914 750 914 702 906 701 906 700 906 680 913 666 906 665 906 619 906 618 906 568 914 566 914 565 914 508 907 507 907 354 914 321 907 320 907 284 914 273 907 271 907 270 907 269 907 268 907 254 914 209 907 208 907 101 913 81 907 80 907 78 907 77 907 62 913 63 946"/></Shape>
	    <String CONTENT="trató de quedar con la autoridad exclusiva de la isla."
                    HPOS="62.0"
                    VPOS="906.0"
                    WIDTH="1070.0"
                    HEIGHT="53.0"></String>
          </TextLine>

          
          
          <TextLine ID="line_19"
                    TAGREFS="LT83"
                    BASELINE="130 990 1292 987" 
                    HPOS="129.0"
                    VPOS="950.0"
                    WIDTH="1163.0"
                    HEIGHT="56.0">
            <Shape><Polygon POINTS="130 990 130 1002 1253 1006 1255 1006 1291 999 1292 987 1290 957 1073 957 1073 955 1053 950 1052 950 1051 950 1050 950 1036 955 1025 955 737 950 735 950 734 950 712 955 707 957 701 955 686 951 685 951 684 951 612 955 587 957 580 955 563 951 562 951 561 951 129 954 130 990"/></Shape>
	    <String CONTENT="En vista de tal rebeldía, Colón tuvo pensamiento de poner-"
                    HPOS="129.0"
                    VPOS="950.0"
                    WIDTH="1163.0"
                    HEIGHT="56.0"></String>
          </TextLine>

          
          
          <TextLine ID="line_20"
                    TAGREFS="LT83"
                    BASELINE="61 1035 1292 1033" 
                    HPOS="60.0"
                    VPOS="995.0"
                    WIDTH="1232.0"
                    HEIGHT="57.0">
            <Shape><Polygon POINTS="61 1035 61 1048 395 1046 430 1050 453 1052 454 1052 472 1050 500 1046 534 1050 554 1052 555 1052 582 1050 629 1046 646 1050 653 1052 654 1052 655 1052 727 1051 918 1045 928 1051 930 1051 931 1051 932 1052 1291 1052 1292 1033 1289 999 1033 1002 990 998 966 995 965 995 919 998 831 1002 814 998 807 995 806 995 742 995 741 995 717 998 646 1004 633 997 632 997 631 997 541 997 540 997 539 997 538 997 523 1005 476 1005 453 997 452 997 450 997 449 997 446 997 412 1002 377 997 374 997 373 997 367 997 294 1004 273 997 271 997 270 997 267 997 194 1004 180 997 178 997 60 997 61 1035"/></Shape>
	    <String CONTENT="se á la cabeza de los soldados que le eran adictos y marchar"
                    HPOS="60.0"
                    VPOS="995.0"
                    WIDTH="1232.0"
                    HEIGHT="57.0"></String>
          </TextLine>

          
          
          <TextLine ID="line_21"
                    TAGREFS="LT83"
                    BASELINE="60 1077 1292 1079" 
                    HPOS="60.0"
                    VPOS="1040.0"
                    WIDTH="1232.0"
                    HEIGHT="54.0">
            <Shape><Polygon POINTS="1290 1044 824 1050 768 1043 767 1043 766 1043 751 1050 737 1044 735 1044 734 1044 686 1050 627 1041 624 1041 622 1041 611 1041 419 1048 393 1041 392 1041 284 1041 283 1041 249 1048 170 1041 169 1041 168 1041 153 1050 94 1050 61 1040 60 1077 60 1094 1291 1091 1292 1079 1290 1044"/></Shape>
	    <String CONTENT="á castigar á Roldán; pero el horror de una guerra civil le hizo"
                    HPOS="60.0"
                    VPOS="1040.0"
                    WIDTH="1232.0"
                    HEIGHT="54.0"></String>
          </TextLine>

          
          
          <TextLine ID="line_22"
                    TAGREFS="LT83"
                    BASELINE="58 1125 1291 1123" 
                    HPOS="57.0"
                    VPOS="1087.0"
                    WIDTH="1234.0"
                    HEIGHT="56.0">
            <Shape><Polygon POINTS="58 1125 58 1137 580 1143 581 1143 582 1143 593 1137 595 1137 1290 1137 1291 1123 1288 1094 1095 1094 1089 1094 1051 1087 1050 1087 1049 1087 1029 1094 1025 1094 1016 1094 954 1087 953 1087 952 1087 951 1087 940 1094 938 1095 781 1095 770 1094 701 1087 700 1087 653 1094 638 1095 629 1094 609 1088 608 1088 494 1088 493 1088 469 1094 460 1097 341 1097 329 1094 299 1088 297 1088 244 1094 223 1095 196 1094 128 1088 127 1088 57 1093 58 1125"/></Shape>
	    <String CONTENT="sofocar su amor propio y buscar una reconciliación, prome"
                    HPOS="57.0"
                    VPOS="1087.0"
                    WIDTH="1234.0"
                    HEIGHT="56.0"></String>
          </TextLine>

          
          
          <TextLine ID="line_23"
                    TAGREFS="LT83"
                    BASELINE="60 1167 1288 1170" 
                    HPOS="58.0"
                    VPOS="1130.0"
                    WIDTH="1230.0"
                    HEIGHT="56.0">
            <Shape><Polygon POINTS="60 1167 58 1181 1285 1186 1288 1170 1286 1139 1217 1139 1216 1138 1192 1131 1191 1131 1190 1131 1158 1138 1155 1138 1149 1138 1099 1131 1098 1131 1064 1137 1057 1138 1043 1137 984 1131 983 1131 916 1136 887 1138 879 1136 863 1131 861 1131 778 1131 777 1131 775 1131 767 1136 760 1139 675 1139 651 1134 622 1130 621 1130 602 1134 588 1137 574 1133 554 1130 553 1130 535 1133 520 1138 413 1138 397 1132 388 1130 387 1130 271 1130 270 1130 269 1130 262 1132 246 1137 60 1131 60 1167"/></Shape>
	    <String CONTENT="tiendo un indulto general a los que volviesen á sus banderas,"
                    HPOS="58.0"
                    VPOS="1130.0"
                    WIDTH="1230.0"
                    HEIGHT="56.0"></String>
          </TextLine>

          
          
          <TextLine ID="line_24"
                    TAGREFS="LT83"
                    BASELINE="63 1219 202 1213 1291 1214" 
                    HPOS="63.0"
                    VPOS="1176.0"
                    WIDTH="1228.0"
                    HEIGHT="56.0">
            <Shape><Polygon POINTS="63 1219 63 1231 131 1225 359 1231 390 1231 392 1232 539 1232 539 1231 540 1231 541 1231 542 1230 551 1225 622 1230 644 1231 645 1231 652 1230 675 1225 755 1230 787 1231 788 1231 801 1230 833 1225 880 1229 904 1231 905 1231 1290 1227 1291 1214 1290 1184 1170 1177 1169 1177 1168 1177 1155 1184 1063 1184 1042 1176 1040 1176 1039 1176 1038 1176 1019 1184 940 1184 925 1176 924 1176 850 1176 848 1176 847 1176 826 1184 700 1184 685 1176 684 1176 635 1176 634 1176 633 1176 604 1184 498 1184 479 1176 478 1176 476 1176 428 1183 416 1176 415 1176 414 1176 264 1176 263 1176 262 1176 235 1183 219 1176 217 1176 131 1176 130 1176 63 1183 63 1219"/></Shape>
	    <String CONTENT="y al mismo Roldán le prometió conservarle en el puesto que"
                    HPOS="63.0"
                    VPOS="1176.0"
                    WIDTH="1228.0"
                    HEIGHT="56.0"></String>
          </TextLine>

          
          
          <TextLine ID="line_25"
                    TAGREFS="LT83"
                    BASELINE="55 1259 1290 1257" 
                    HPOS="54.0"
                    VPOS="1219.0"
                    WIDTH="1236.0"
                    HEIGHT="58.0">
            <Shape><Polygon POINTS="55 1259 55 1276 349 1271 395 1274 432 1277 433 1277 450 1274 468 1271 518 1273 578 1277 579 1277 644 1273 695 1270 720 1272 748 1276 750 1276 812 1272 850 1270 857 1272 868 1276 870 1276 871 1277 1112 1277 1112 1276 1149 1270 1153 1270 1162 1270 1253 1276 1255 1276 1289 1269 1290 1257 1286 1220 911 1225 904 1221 898 1219 897 1219 766 1219 765 1219 739 1223 722 1225 705 1223 672 1219 671 1219 576 1224 523 1226 509 1224 486 1220 485 1220 427 1225 402 1226 362 1225 239 1220 237 1220 210 1226 208 1226 204 1226 178 1220 177 1220 143 1226 142 1226 141 1226 124 1220 123 1220 122 1220 54 1226 55 1259"/></Shape>
	    <String CONTENT="ocupaba antes de su rebelión. Aunque á fuerza de gran traba-"
                    HPOS="54.0"
                    VPOS="1219.0"
                    WIDTH="1236.0"
                    HEIGHT="58.0"></String>
          </TextLine>

          
          
          <TextLine ID="line_26"
                    TAGREFS="LT83"
                    BASELINE="57 1306 1290 1303" 
                    HPOS="56.0"
                    VPOS="1264.0"
                    WIDTH="1234.0"
                    HEIGHT="60.0">
            <Shape><Polygon POINTS="57 1306 57 1324 133 1317 249 1323 250 1323 251 1323 256 1323 475 1316 628 1320 669 1322 671 1322 694 1320 758 1316 774 1319 781 1322 782 1322 784 1322 823 1319 900 1314 938 1318 957 1320 958 1320 1289 1316 1290 1303 1288 1271 1152 1264 1151 1264 1150 1264 1149 1264 1139 1270 1136 1272 1064 1272 1052 1270 1014 1264 1013 1264 984 1270 974 1272 733 1272 709 1269 686 1265 685 1265 666 1269 646 1272 580 1269 540 1266 539 1266 538 1266 529 1269 513 1272 488 1269 468 1265 467 1265 348 1267 120 1273 56 1267 57 1306"/></Shape>
	    <String CONTENT="jo, consiguió el almirante su objeto, y en seguida envió á la"
                    HPOS="56.0"
                    VPOS="1264.0"
                    WIDTH="1234.0"
                    HEIGHT="60.0"></String>
          </TextLine>

          
          
          <TextLine ID="line_27"
                    TAGREFS="LT83"
                    BASELINE="54 1351 1290 1349" 
                    HPOS="52.0"
                    VPOS="1310.0"
                    WIDTH="1238.0"
                    HEIGHT="55.0">
            <Shape><Polygon POINTS="54 1351 54 1365 1290 1364 1290 1349 1288 1317 1172 1310 1171 1310 1170 1310 1151 1317 1149 1317 1138 1317 1079 1311 1078 1311 1077 1311 1057 1317 1053 1317 1051 1317 1033 1310 1032 1310 1031 1310 1030 1310 1007 1317 1004 1318 936 1318 924 1317 854 1310 853 1310 821 1317 817 1317 810 1317 758 1310 757 1310 755 1310 740 1317 738 1317 722 1317 642 1311 641 1311 640 1311 629 1317 626 1318 618 1317 594 1311 506 1311 505 1311 503 1311 493 1317 488 1318 438 1317 308 1311 307 1311 52 1316 54 1351"/></Shape>
	    <String CONTENT="corte de España una relación de su descubrimiento de la tierra"
                    HPOS="52.0"
                    VPOS="1310.0"
                    WIDTH="1238.0"
                    HEIGHT="55.0"></String>
          </TextLine>

          
          
          <TextLine ID="line_28"
                    TAGREFS="LT83"
                    BASELINE="54 1395 1289 1391" 
                    HPOS="52.0"
                    VPOS="1353.0"
                    WIDTH="1237.0"
                    HEIGHT="58.0">
            <Shape><Polygon POINTS="54 1395 54 1411 1289 1407 1289 1391 1286 1362 1250 1354 1249 1354 1171 1360 1168 1360 1155 1354 1153 1354 1152 1354 1091 1360 1085 1360 1084 1360 1067 1353 1066 1353 939 1353 938 1353 937 1353 919 1359 916 1360 886 1359 772 1354 771 1354 745 1359 728 1362 705 1359 669 1354 668 1354 647 1358 631 1362 518 1358 433 1356 432 1356 420 1358 400 1362 382 1358 374 1356 373 1356 372 1356 370 1356 366 1358 353 1364 237 1364 216 1357 211 1356 210 1356 209 1356 208 1356 204 1357 189 1364 101 1364 52 1357 54 1395"/></Shape>
	    <String CONTENT="firme, de la rebelión que había sofocado y del itinerario de"
                    HPOS="52.0"
                    VPOS="1353.0"
                    WIDTH="1237.0"
                    HEIGHT="58.0"></String>
          </TextLine>

          
          
          <TextLine ID="line_29"
                    TAGREFS="LT83"
                    BASELINE="52 1440 1288 1438" 
                    HPOS="51.0"
                    VPOS="1399.0"
                    WIDTH="1237.0"
                    HEIGHT="59.0">
            <Shape><Polygon POINTS="52 1440 52 1458 194 1451 383 1457 405 1457 406 1457 412 1457 458 1451 601 1451 611 1456 612 1457 613 1457 614 1457 615 1457 638 1456 702 1450 762 1455 781 1456 782 1456 797 1455 838 1450 1018 1450 1030 1453 1038 1456 1039 1456 1040 1456 1286 1451 1288 1438 1284 1399 1215 1406 864 1402 719 1400 718 1400 717 1400 708 1403 697 1406 684 1403 672 1400 671 1400 669 1400 627 1404 579 1407 545 1404 514 1402 513 1402 493 1405 474 1407 421 1405 339 1402 337 1402 277 1406 257 1407 228 1406 97 1402 96 1402 51 1407 52 1440"/></Shape>
	    <String CONTENT="sus embarcaciones. Al mismo tiempo Roldán envió por sí"
                    HPOS="51.0"
                    VPOS="1399.0"
                    WIDTH="1237.0"
                    HEIGHT="59.0"></String>
          </TextLine>

          
          
          <TextLine ID="line_30"
                    TAGREFS="LT83"
                    BASELINE="52 1485 1288 1482" 
                    HPOS="51.0"
                    VPOS="1445.0"
                    WIDTH="1237.0"
                    HEIGHT="58.0">
            <Shape><Polygon POINTS="52 1485 52 1496 461 1503 462 1503 541 1496 567 1502 568 1502 569 1502 940 1495 990 1500 991 1502 1242 1502 1242 1500 1288 1492 1288 1482 1284 1445 1086 1451 1057 1446 1045 1445 1044 1445 1043 1445 1036 1446 1017 1451 998 1447 987 1445 986 1445 973 1447 953 1451 916 1447 883 1445 881 1445 880 1445 871 1449 857 1452 840 1449 828 1446 827 1446 826 1446 817 1449 801 1452 687 1450 533 1446 532 1446 531 1446 511 1451 505 1452 499 1451 467 1446 466 1446 465 1446 463 1446 455 1452 452 1453 393 1452 184 1447 183 1447 134 1453 77 1447 76 1447 75 1447 51 1455 52 1485"/></Shape>
	    <String CONTENT="otra relación disculpándose y acusando al almirante. Las pa-"
                    HPOS="51.0"
                    VPOS="1445.0"
                    WIDTH="1237.0"
                    HEIGHT="58.0"></String>
          </TextLine>

          
          
          <TextLine ID="line_31"
                    TAGREFS="LT83"
                    BASELINE="51 1529 1286 1529" 
                    HPOS="51.0"
                    VPOS="1495.0"
                    WIDTH="1235.0"
                    HEIGHT="54.0">
            <Shape><Polygon POINTS="51 1529 51 1542 329 1548 330 1548 427 1544 496 1542 543 1544 589 1548 591 1548 592 1548 599 1545 607 1542 657 1545 694 1548 695 1548 718 1545 752 1542 762 1545 768 1548 770 1548 771 1548 772 1548 777 1545 786 1542 794 1545 798 1548 799 1548 800 1549 877 1549 877 1548 878 1548 884 1546 901 1542 920 1546 925 1548 926 1548 927 1548 934 1546 959 1542 1130 1542 1180 1548 1184 1548 1185 1548 1189 1548 1239 1542 1285 1548 1286 1529 1286 1497 51 1495 51 1529"/></Shape>
	    <String CONTENT="labras de Roldán tuvieron mejor acogida en la corte que las"
                    HPOS="51.0"
                    VPOS="1495.0"
                    WIDTH="1235.0"
                    HEIGHT="54.0"></String>
          </TextLine>

          
          
          <TextLine ID="line_32"
                    TAGREFS="LT83"
                    BASELINE="51 1576 251 1573" 
                    HPOS="50.0"
                    VPOS="1533.0"
                    WIDTH="201.0"
                    HEIGHT="59.0">
            <Shape><Polygon POINTS="51 1576 51 1585 250 1592 251 1573 249 1545 211 1538 210 1538 209 1538 208 1538 202 1543 188 1533 187 1533 186 1533 184 1533 183 1533 151 1544 136 1536 135 1536 134 1536 94 1543 69 1535 68 1535 67 1535 65 1535 64 1535 50 1544 51 1576"/></Shape>
	    <String CONTENT="de Colón."
                    HPOS="50.0"
                    VPOS="1533.0"
                    WIDTH="201.0"
                    HEIGHT="59.0"></String>
          </TextLine>

          
          
          <TextLine ID="line_33"
                    TAGREFS="LT83"
                    BASELINE="118 1619 1286 1617" 
                    HPOS="117.0"
                    VPOS="1576.0"
                    WIDTH="1169.0"
                    HEIGHT="62.0">
            <Shape><Polygon POINTS="118 1619 120 1638 140 1632 1284 1632 1286 1617 1284 1585 1183 1585 1179 1584 1129 1576 1127 1576 1085 1583 1079 1584 1033 1583 785 1576 784 1576 782 1576 759 1582 752 1583 727 1582 684 1578 682 1578 660 1581 627 1585 599 1581 576 1577 490 1577 489 1577 488 1577 487 1577 482 1579 475 1584 432 1579 414 1578 413 1578 412 1578 408 1579 399 1584 388 1579 382 1577 381 1577 307 1577 306 1577 295 1578 261 1586 157 1586 117 1578 118 1619"/></Shape>
	    <String CONTENT="Por aquel tiempo los portugueses habían descubierto un"
                    HPOS="117.0"
                    VPOS="1576.0"
                    WIDTH="1169.0"
                    HEIGHT="62.0"></String>
          </TextLine>

          
          
          <TextLine ID="line_34"
                    TAGREFS="LT83"
                    BASELINE="50 1663 1285 1663" 
                    HPOS="50.0"
                    VPOS="1626.0"
                    WIDTH="1235.0"
                    HEIGHT="55.0">
            <Shape><Polygon POINTS="50 1663 50 1678 1284 1681 1285 1663 1285 1633 1252 1626 1251 1626 1143 1632 1142 1633 1027 1633 1027 1632 1007 1626 1006 1626 1005 1626 899 1632 896 1632 894 1632 872 1626 871 1626 870 1626 797 1632 792 1633 687 1633 686 1632 674 1626 673 1626 672 1626 611 1632 606 1632 600 1632 541 1626 540 1626 502 1632 499 1632 495 1632 461 1626 460 1626 459 1626 440 1632 438 1632 434 1632 401 1626 400 1626 375 1632 372 1632 367 1632 329 1626 328 1626 292 1632 286 1632 273 1632 188 1626 187 1626 186 1626 167 1632 164 1632 163 1632 155 1626 154 1626 153 1626 151 1626 50 1631 50 1663"/></Shape>
	    <String CONTENT="camino para las Indias Orientales, que llenaba los puertos de"
                    HPOS="50.0"
                    VPOS="1626.0"
                    WIDTH="1235.0"
                    HEIGHT="55.0"></String>
          </TextLine>

          
          
          <TextLine ID="line_35"
                    TAGREFS="LT83"
                    BASELINE="50 1709 1284 1705" 
                    HPOS="49.0"
                    VPOS="1670.0"
                    WIDTH="1235.0"
                    HEIGHT="58.0">
            <Shape><Polygon POINTS="50 1709 50 1722 405 1728 406 1728 463 1721 468 1721 608 1721 655 1721 666 1726 667 1726 668 1726 669 1726 814 1721 835 1726 837 1726 838 1726 1076 1719 1099 1725 1100 1725 1102 1726 1268 1726 1268 1725 1269 1725 1284 1717 1284 1705 1282 1678 1169 1678 1168 1677 1144 1670 1143 1670 1142 1670 1140 1670 1112 1677 1110 1677 1104 1677 1025 1670 1024 1670 1023 1670 1006 1677 1004 1677 1001 1677 974 1670 973 1670 972 1670 941 1676 936 1677 926 1676 876 1670 874 1670 873 1670 853 1676 845 1679 774 1679 767 1676 755 1671 754 1671 753 1671 654 1675 579 1678 549 1675 518 1671 516 1671 492 1675 460 1679 448 1675 442 1672 441 1672 440 1672 422 1675 385 1681 328 1681 315 1674 310 1672 309 1672 308 1672 279 1674 190 1679 155 1674 147 1672 146 1672 137 1674 107 1678 49 1674 50 1709"/></Shape>
	    <String CONTENT="Portugal de las producciones riquísimas de las Indias. Con este"
                    HPOS="49.0"
                    VPOS="1670.0"
                    WIDTH="1235.0"
                    HEIGHT="58.0"></String>
          </TextLine>

          
          
          <TextLine ID="line_36"
                    TAGREFS="LT83"
                    BASELINE="50 1754 1283 1751" 
                    HPOS="49.0"
                    VPOS="1716.0"
                    WIDTH="1234.0"
                    HEIGHT="55.0">
            <Shape><Polygon POINTS="50 1754 50 1765 654 1771 655 1771 657 1771 671 1764 673 1764 688 1764 773 1770 774 1771 932 1771 932 1770 933 1770 945 1764 946 1764 947 1764 974 1770 976 1771 1245 1771 1245 1770 1282 1763 1283 1751 1279 1723 1107 1723 1104 1722 1095 1716 1093 1716 1092 1716 1091 1716 1090 1716 1071 1722 1066 1723 1049 1722 985 1716 984 1716 891 1722 874 1722 868 1721 841 1716 840 1716 839 1716 820 1721 813 1723 807 1721 793 1716 792 1716 791 1716 751 1721 740 1722 724 1721 667 1716 666 1716 634 1721 608 1725 478 1725 467 1721 460 1717 459 1717 412 1717 410 1717 409 1717 402 1719 393 1724 359 1719 336 1717 202 1717 201 1717 189 1719 164 1724 49 1719 50 1754"/></Shape>
	    <String CONTENT="suceso, la codicia de los españoles se despertó de modo que por"
                    HPOS="49.0"
                    VPOS="1716.0"
                    WIDTH="1234.0"
                    HEIGHT="55.0"></String>
          </TextLine>

          
          
          <TextLine ID="line_37"
                    TAGREFS="LT83"
                    BASELINE="50 1798 1279 1795" 
                    HPOS="49.0"
                    VPOS="1759.0"
                    WIDTH="1230.0"
                    HEIGHT="53.0">
            <Shape><Polygon POINTS="50 1798 50 1812 1278 1811 1279 1795 1277 1767 1135 1767 1133 1765 1109 1759 1107 1759 1106 1759 918 1765 850 1767 810 1764 739 1761 738 1761 621 1764 532 1767 505 1764 476 1761 475 1761 460 1764 439 1768 49 1763 50 1798"/></Shape>
	    <String CONTENT="todas partes se intentaban expediciones para nuevos descubri-"
                    HPOS="49.0"
                    VPOS="1759.0"
                    WIDTH="1230.0"
                    HEIGHT="53.0"></String>
          </TextLine>

          
          
          <TextLine ID="line_38"
                    TAGREFS="LT83"
                    BASELINE="49 1842 1278 1842" 
                    HPOS="49.0"
                    VPOS="1807.0"
                    WIDTH="1229.0"
                    HEIGHT="55.0">
            <Shape><Polygon POINTS="49 1842 49 1860 926 1856 1165 1862 1172 1862 1173 1862 1175 1862 1193 1856 1277 1862 1278 1842 1278 1814 1224 1807 1223 1807 1222 1807 1209 1812 1168 1812 718 1807 717 1807 715 1807 705 1810 694 1812 667 1810 639 1807 638 1807 571 1809 482 1812 470 1809 466 1807 465 1807 340 1807 339 1807 328 1808 290 1812 273 1808 269 1807 268 1807 267 1807 251 1808 174 1812 49 1807 49 1842"/></Shape>
	    <String CONTENT="mientos, pareciéndoles que el de Colón era de muy pequeña,"
                    HPOS="49.0"
                    VPOS="1807.0"
                    WIDTH="1229.0"
                    HEIGHT="55.0"></String>
          </TextLine>

          
          
          <TextLine ID="line_39"
                    TAGREFS="LT83"
                    BASELINE="47 1885 1282 1888" 
                    HPOS="45.0"
                    VPOS="1849.0"
                    WIDTH="1237.0"
                    HEIGHT="52.0">
            <Shape><Polygon POINTS="47 1885 45 1900 1279 1901 1282 1888 1282 1860 1208 1858 1192 1850 1191 1850 1190 1850 1189 1850 1159 1857 1116 1851 1115 1851 1004 1857 954 1850 953 1850 952 1850 927 1857 916 1850 914 1850 913 1850 912 1850 797 1856 761 1850 760 1850 759 1850 741 1857 685 1850 684 1850 682 1850 664 1857 624 1849 622 1849 566 1856 516 1849 420 1849 419 1849 382 1856 365 1849 363 1849 304 1849 303 1849 302 1849 287 1857 233 1857 162 1849 161 1849 160 1849 138 1857 47 1857 47 1885"/></Shape>
	    <String CONTENT="cuando no de inútil importancia. Uno de los que intentaron"
                    HPOS="45.0"
                    VPOS="1849.0"
                    WIDTH="1237.0"
                    HEIGHT="52.0"></String>
          </TextLine>

          
          
          <TextLine ID="line_40"
                    TAGREFS="LT83"
                    BASELINE="49 1929 1281 1931" 
                    HPOS="48.0"
                    VPOS="1891.0"
                    WIDTH="1233.0"
                    HEIGHT="62.0">
            <Shape><Polygon POINTS="49 1929 48 1942 97 1950 98 1950 334 1943 340 1943 355 1950 356 1950 357 1950 405 1943 407 1943 410 1943 525 1950 526 1950 527 1950 543 1943 545 1943 546 1943 585 1950 586 1950 673 1945 689 1951 691 1951 692 1951 751 1945 764 1951 765 1951 766 1953 890 1953 890 1951 930 1944 963 1951 964 1951 992 1945 1024 1950 1025 1950 1279 1943 1281 1931 1279 1902 1235 1894 1233 1894 1232 1894 1208 1901 1206 1901 1203 1901 1144 1894 1079 1894 1078 1894 1077 1894 1063 1900 1059 1902 1000 1902 996 1898 985 1894 984 1894 983 1894 981 1894 965 1898 957 1902 905 1902 899 1898 892 1894 891 1894 890 1894 888 1894 887 1894 873 1898 863 1901 818 1897 767 1894 766 1894 750 1897 731 1901 677 1896 657 1895 655 1895 625 1896 533 1900 520 1895 513 1892 512 1892 511 1892 490 1895 446 1900 392 1894 376 1892 375 1892 374 1892 370 1894 350 1900 177 1894 176 1894 108 1900 96 1892 95 1892 94 1892 49 1891 49 1929"/></Shape>
	    <String CONTENT="tales viajes fué un tal Ojeda, compañero que había sido de Co-"
                    HPOS="48.0"
                    VPOS="1891.0"
                    WIDTH="1233.0"
                    HEIGHT="62.0"></String>
          </TextLine>

          
          
          <TextLine ID="line_41"
                    TAGREFS="LT83"
                    BASELINE="49 1976 1279 1974" 
                    HPOS="48.0"
                    VPOS="1940.0"
                    WIDTH="1231.0"
                    HEIGHT="53.0">
            <Shape><Polygon POINTS="49 1976 49 1990 1277 1993 1279 1974 1277 1948 1165 1941 1164 1941 1052 1947 1033 1947 1031 1947 1017 1940 1016 1940 1014 1940 951 1945 936 1948 834 1948 831 1945 819 1940 818 1940 817 1940 766 1944 745 1947 678 1944 579 1941 578 1941 576 1941 571 1944 562 1948 526 1943 499 1941 498 1941 472 1943 429 1948 366 1943 334 1941 333 1941 271 1942 140 1947 48 1942 49 1976"/></Shape>
	    <String CONTENT="lón en su primera salida, el cual, con varios navíos que le ar-"
                    HPOS="48.0"
                    VPOS="1940.0"
                    WIDTH="1231.0"
                    HEIGHT="53.0"></String>
          </TextLine>

          
          
          <TextLine ID="line_42"
                    TAGREFS="LT83"
                    BASELINE="47 2018 1277 2021" 
                    HPOS="47.0"
                    VPOS="1984.0"
                    WIDTH="1230.0"
                    HEIGHT="66.0">
            <Shape><Polygon POINTS="47 2018 47 2047 84 2038 140 2047 144 2047 146 2047 150 2047 203 2038 239 2046 249 2048 250 2048 251 2048 257 2046 275 2038 321 2038 340 2046 344 2047 346 2047 347 2047 348 2047 355 2046 370 2041 383 2044 392 2048 393 2048 394 2049 628 2049 628 2048 629 2048 645 2043 660 2038 689 2043 717 2047 718 2047 719 2047 731 2043 735 2041 740 2042 757 2049 758 2049 759 2049 918 2042 963 2040 978 2041 1025 2047 1026 2047 1027 2047 1046 2041 1051 2040 1112 2040 1115 2040 1129 2049 1130 2049 1131 2049 1132 2050 1170 2050 1170 2049 1171 2049 1190 2040 1276 2038 1277 2021 1277 1993 1251 1985 1250 1985 1249 1985 1219 1991 933 1985 932 1985 811 1991 797 1991 788 1991 727 1985 726 1985 698 1991 693 1991 685 1991 624 1984 622 1984 575 1990 549 1984 548 1984 547 1984 546 1984 523 1990 522 1990 482 1984 481 1984 441 1990 439 1991 365 1991 363 1990 354 1984 353 1984 352 1984 350 1984 349 1984 333 1990 332 1990 323 1990 230 1984 229 1984 47 1989 47 2018"/></Shape>
	    <String CONTENT="maron algunos negociantes de Sevilla, y con los diarios y noti-"
                    HPOS="47.0"
                    VPOS="1984.0"
                    WIDTH="1230.0"
                    HEIGHT="66.0"></String>
          </TextLine>

          
        </TextBlock>
        

        
      </PrintSpace>
    </Page>
  </Layout>
</alto>
