1454 2115
704.0 47.0 93.0 49.0 —7—

122.0 108.0 1226.0 62.0 bles peligros. El almirante, con su fecundo ingenio, supo

121.0 159.0 1228.0 54.0 tranquilizar los animos; mas en el mismo día se hallaron en

122.0 202.0 1227.0 60.0 un mar cubierto de hierbas tan espesas, que entorpecían la

119.0 247.0 1228.0 59.0 marcha de las naves. De nuevo principiaron las quejas y los

122.0 292.0 1226.0 60.0 lamentos creyendo que aquellas hierbas eran una barrera

123.0 337.0 1225.0 61.0 puesta por el mismo Dios para que de allí ningún hombre

119.0 383.0 408.0 51.0 fuese osado á pasar.

193.0 426.0 1155.0 60.0 También entonces Colón supo calmar el descontento de

121.0 473.0 1226.0 59.0 sus gentes, haciéndoles ver que aquello que más les alar-

121.0 519.0 1226.0 56.0 maba era lo que debía llenarles de gozo, pues no siendo po-

121.0 562.0 1227.0 58.0 sible que las hierbas naciesen en medio del mar, indudable-

122.0 607.0 1225.0 54.0 mente les anunciaba la proximidad de algunas tierras. En el

119.0 652.0 1226.0 60.0 mismo instante, una bandada de pájaros que volaban hacia

119.0 700.0 1225.0 56.0 el Oeste, hicieron á la tripulación creer por cierto lo que el

119.0 742.0 337.0 54.0 almirante decía.

186.0 787.0 1159.0 59.0 Siguieron caminando, y todas aquellas señales que reani-

121.0 827.0 1226.0 64.0 maban las eperanzas luego desaparecieron. Más de setecien-

122.0 878.0 1225.0 57.0 tas leguas llevaban andadas las naves y ni en lo más remoto

121.0 922.0 1224.0 60.0 se les presentaba indicio alguno de tierra. De nuevo estallan

119.0 968.0 1228.0 57.0 las quejas de aquellos, que, arrepentidos por haberse dejado

121.0 1012.0 1224.0 56.0 seducir por la falacia de un aventurero, culpan también á la

119.0 1057.0 1226.0 59.0 reina Isabel, que los ha sacrificado en una loca empresa. La

122.0 1098.0 1222.0 66.0 rebelión se pronuncia en todo el equipaje y resuelve echar al

119.0 1145.0 875.0 55.0 mar al almirante para volverse á su patria.

189.0 1186.0 1156.0 67.0 Necesaria fué toda la energía y todo el buen acierto de

118.0 1232.0 1226.0 66.0 Colón para salir de aquel trance, en que tanto peligraba su

122.0 1281.0 1222.0 59.0 vida. Sin embargo, logró dominar la rebelión. Algunos días

118.0 1332.0 1226.0 59.0 más prosiguieron navegando, y una mañana vieron muchas

119.0 1373.0 1226.0 62.0 aves marítimas, lo cual, suponiendo que aquellas no podrían

119.0 1419.0 1225.0 60.0 alejar mucho su vuelo, les anunciaba la proximidad de la tie-

118.0 1464.0 1226.0 61.0 rra. Echada la sonda al agua, les dió un triste desengaño, pues

118.0 1505.0 1227.0 58.0 habiendo soltado más de doscientas brazas de cuerda no se

118.0 1551.0 1229.0 62.0 tocó el fondo; y sabido es que el mar disminuye su profundidad

118.0 1599.0 1229.0 60.0 según se va aproximando á las costas. A la tarde del siguien-

118.0 1639.0 1229.0 65.0 te día, muchos pajaritos de especies desconocidas vinieron á

119.0 1686.0 1229.0 58.0 ponerse sobre los palos de las embarcaciones, y pasando allí

118.0 1729.0 1230.0 64.0 la noche, á la madrugada volaron dirigiéndose al Oeste: todo

118.0 1775.0 1227.0 62.0 esto reanimaba las esperanzas de la tripulación; pero los días

119.0 1820.0 1226.0 67.0 pasaban y no se descubría la tierra tan ansiada. De nuevo es-

121.0 1864.0 1224.0 67.0 talló la voz de los revoltosos, pidiendo con terribles amenazas

119.0 1908.0 881.0 66.0 á Colón que les volviese pronto á su patria.

184.0 1955.0 1160.0 74.0 El almirante, que por instantes veia indudables indicios
