1452 2132
133.0 85.0 1231.0 72.0 sica marcial y la confusa gritería de la flota conmovieron á los

133.0 135.0 1230.0 62.0 habitantes de aquel pais, que al principio huyeron aterrados

135.0 181.0 1231.0 65.0 á ocultarse en los bosques; mas luego, un poco repuestos de

135.0 226.0 1229.0 64.0 su espanto, fueron poco á poco acercándose á los recién llega-

135.0 272.0 1231.0 63.0 dos. Aquellos indios estaban casi todos desnudos, y algunos

136.0 318.0 1230.0 64.0 llevaban cubiertos una pequeña parte de su cuerpo. En las

137.0 361.0 1224.0 64.0 orejas y en la nariz, tenían por adorno varias hojas de oro, y

137.0 406.0 814.0 63.0 en la cabeza muchas plumas y conchas.

205.0 448.0 1162.0 66.0 Cuando estuvieron cerca de los españoles, éstos les princi-

141.0 491.0 1229.0 70.0 piaron á hacer mil agasajos, logrando así que los indios les

142.0 536.0 1228.0 71.0 perdiesen el miedo que les habían inspirado, y los contempla-

142.0 581.0 1230.0 71.0 sen con gran respeto y veneración. Todos los objetos que ellos

143.0 628.0 1228.0 69.0 poseían los cambiaban muy gustosos por otros bien insigni-

144.0 671.0 1230.0 71.0 ficantes que les daban los españoles, tales como pedazos de

143.0 720.0 1230.0 65.0 oro de gran valor, por una ó dos cuentas de vidrio; una gran

143.0 766.0 1233.0 58.0 cantidad de fruta exquisita, ó más de veinte libras de hilo de

145.0 805.0 1231.0 73.0 algodón finisimo, por algún cascabel ó algunos botones de

145.0 857.0 597.0 64.0 cobre que para nada servían.

214.0 894.0 1165.0 71.0 Queriendo Colón averiguar de dónde tomaban los indios el

146.0 941.0 1226.0 70.0 oro que llevaban con abundancia por adorno de sus orejas y

149.0 986.0 1229.0 70.0 narices, á fuerza de explicaciones por señas pudo comprender

149.0 1030.0 1229.0 73.0 que lo sacaban de otro punto distante de aquella isla y más

151.0 1088.0 266.0 52.0 hacia el Sur.

221.0 1119.0 1162.0 71.0 Al día siguiente, Colón determinó dirigirse al punto aquel

154.0 1165.0 1226.0 71.0 por la costa, y embarcando llevó consigo siete indios para in-

152.0 1210.0 1231.0 68.0 térpretes y guías. Encontró en la travesía diferentes islas; pero

154.0 1255.0 1229.0 66.0 sólo se detuvo en tres considerables, á las cuales dió los nom-

154.0 1296.0 1229.0 69.0 bres de Santa María de la Concepción, Fernandina é Isabela.

155.0 1345.0 1230.0 71.0 Después encontró una gran extensión de tierra en extremo

155.0 1388.0 1231.0 73.0 deliciosa, fértil y poblada, que le dijeron llamarse Cuba en el

156.0 1433.0 1229.0 66.0 idioma de los indios. Colón se detuvo allí algunos días, y atra-

162.0 1478.0 1225.0 73.0 yéndose las voluntades de los indios con regalos y agasajos

157.0 1522.0 1230.0 71.0 de bagatelas de España casi de ningún valor, fué muy obse-

157.0 1567.0 1230.0 73.0 quiado por el cacique y el príncipe de aquellas gentes. Partió,

160.0 1609.0 1230.0 76.0 pues, hacia el pais de las minas de oro llamado Haiti. Los

160.0 1655.0 1226.0 74.0 naturales ningún aprecio hacían de aquel metal, y les sor-

161.0 1702.0 1231.0 74.0 prendía extraordinariamente la grande afición que por él

161.0 1757.0 552.0 63.0 manifestaban los europeos.

228.0 1790.0 1163.0 71.0 Apenas salió de la isla de Cuba el comandante de la Pinta,

163.0 1834.0 1232.0 77.0 llamado Alonso Pinzón, aprovechando la circunstancia de

161.0 1885.0 1235.0 70.0 que su nave era la más velera, se adelantó á las otras dos, con

163.0 1927.0 1229.0 77.0 ánimo de llegar mucho antes que el almirante y hacer por

1242.0 1975.0 42.0 50.0 2

296.0 1987.0 267.0 62.0 CRISTÓBAL COLÓN.

710.0 14.0 54.0 69.0 —9—
