1440 2130
736.0 46.0 47.0 61.0 —17—

144.0 118.0 1228.0 65.0 yo Mundo. Muchas dificultades se presentaron á Bartolomé

144.0 169.0 1229.0 60.0 para el logro de sus pretensiones, mas al fin consiguió que

142.0 213.0 1232.0 55.0 aquel monarca le concediese lo que pedía. Cuando embriaga-

143.0 259.0 1231.0 54.0 do de placer volvía para dar á su hermano el aviso, al llegar á

144.0 301.0 1232.0 61.0 Francia supo que aquél había ya ejecutado su expedición bajo

145.0 345.0 1229.0 60.0 los auspicios del rey de España. Bartolomé llegó á Cádiz des-

146.0 392.0 1231.0 62.0 pués que su hermano había salido para su segundo viaje.

146.0 440.0 1231.0 52.0 Cuando supo el rey su llegada le mandó presentar en su pa-

146.0 480.0 1232.0 64.0 lacio, donde le hicieron los mayores honores y fué elegido

148.0 527.0 1229.0 62.0 para ir donde estaba su hermano Cristóbal con los auxilios

148.0 575.0 406.0 59.0 que éste reclamaba.

214.0 616.0 1169.0 57.0 Cuando llegó Bartolomé á la Isabela, se hallaba la colonia

148.0 662.0 1235.0 61.0 en el estado más deplorable á causa de la anarquía que reina-

151.0 706.0 1232.0 60.0 ba en ella por la ausencia del almirante y los estragos de las

150.0 752.0 1236.0 60.0 epidemias que una tras otra diezmaban á los habitantes re-

151.0 796.0 1236.0 59.0 ducidos ya á una tercera parte. El capellán de la armada, jefe

150.0 840.0 1237.0 62.0 de los descontentos, había intentado la insurrección por dife-

153.0 886.0 1234.0 63.0 rentes medios; pero en el momento que ya era más posible su

153.0 930.0 1234.0 62.0 triunfo, se apareció el hermano de Colón, cuya presencia tan

155.0 975.0 1235.0 58.0 inesperada intimidó á los insurrectos, y el clérigo acompañado

153.0 1018.0 1237.0 63.0 de algunos otros huyó á España en una de las naves de la

156.0 1063.0 1239.0 64.0 expedición. Los soldados, habiéndose dedicado en partidas á

157.0 1109.0 1235.0 57.0 recorrer el país, causaban en él todo género de vejaciones á

158.0 1153.0 1231.0 64.0 los indios, los cuales, viendo en los españoles unos implaca-

158.0 1199.0 1234.0 65.0 bles enemigos, emplearon sus armas contra ellos, y casi todo

158.0 1248.0 718.0 57.0 el país se hallaba en pie de guerra.

229.0 1282.0 1163.0 70.0 Tal era la situación de la colonia cuando se apareció Bar-

162.0 1332.0 1234.0 63.0 tolomé y poco después cuando volvió Colón. Más de cien mil

161.0 1377.0 1236.0 63.0 eran los indios que se habían puesto sobre las armas para

162.0 1423.0 1234.0 63.0 aniquilar aquel tan insignificante número de españoles. Colón,

163.0 1469.0 1235.0 62.0 sin embargo, estaba seguro de poder en muy poco tiempo

165.0 1512.0 1235.0 59.0 destrozar aquellas fuerzas tan superiores á las suyas. pues sa-

165.0 1560.0 1237.0 58.0 bía muy bien que nada valía el poder de los indios contra la

165.0 1602.0 1237.0 64.0 táctica y las armas de los españoles; pero el sentimiento de

168.0 1648.0 1235.0 63.0 tener que derramar la sangre de aquellas gentes pacificas que

166.0 1690.0 1237.0 60.0 habían sido provocadas á defenderse de las violencias de los

166.0 1734.0 1239.0 61.0 extranjeros, le hacía retardar la hora del combate, y trató de

169.0 1780.0 1236.0 64.0 poner en juego algunos medios para una reconciliación. Todo

168.0 1825.0 1232.0 61.0 fué inútil: los ánimos de los indios estaban demasiado exas-

170.0 1873.0 777.0 62.0 perados para darse á ningún partido.

238.0 1913.0 1167.0 63.0 El cacique Guanahaní se presentó á Colón ofreciéndole su

171.0 1958.0 1229.0 73.0 auxilio para el día de la batalla. Aceptó los generosos ofreci-

303.0 2016.0 276.0 57.0 CRISTÓBAL COLÓN.

1254.0 2015.0 23.0 41.0 3
