1446 2101
683.0 38.0 151.0 75.0 —19—

137.0 113.0 1228.0 78.0 penosos que les exigía dar cumplimiento á los impuestos de

136.0 157.0 1229.0 82.0 Colón; mas los soldados de éste se hacían pagar á viva fuer-

136.0 201.0 662.0 66.0 za lo que de grado se les negaba.

209.0 250.0 1157.0 73.0 Los indios, exasperados con semejante tratamiento, deter-

138.0 292.0 1232.0 73.0 minaron libertarse de la presión de los españoles. Para ello,

140.0 339.0 1227.0 73.0 imaginaron que si dejaban de sembrar en sus campos el maíz

151.0 385.0 1216.0 73.0 y el casabé, que era el principal alimento en el país. los ex-

142.0 429.0 1225.0 72.0 tranjeros, por no perecer de hambre, tendrían que abandonar

141.0 473.0 1231.0 73.0 aquel suelo. En efecto, destruyeron todo lo que ya tenían

143.0 519.0 1228.0 72.0 sembrado y se retiraron á las selvas, donde por algún tiempo,

143.0 564.0 1227.0 69.0 se mantuvieron con hierbas silvestres; mas faltándoles des-

147.0 611.0 1223.0 65.0 pués éstas, ellos fueron los primeros que sufrieron los rigo-

147.0 655.0 1226.0 67.0 res del hambre. Los españoles, por su parte, adoptaron el me-

146.0 700.0 1229.0 63.0 dio de cultivar por sí los campos que habían abandonado los

148.0 744.0 1227.0 68.0 indios, y éstos hubieron de convencerse que poco ó nada va-

151.0 789.0 883.0 63.0 lían sus fuerzas contra las de sus opresores.

214.0 834.0 1164.0 63.0 El clérigo padre Bruil, escapado de la colonia, cuando lle-

153.0 880.0 1226.0 65.0 gó á España hizo una relación tan triste del estado de aquellas

155.0 927.0 1224.0 59.0 gentes, que la corte creyó necesario enviar allá un comisario

154.0 969.0 1228.0 62.0 que inspeccionase la conducta de Colón, y diese su informe al

156.0 1016.0 1228.0 61.0 rey Fernando. Los enemigos del almirante propusieron que

156.0 1059.0 1226.0 61.0 fuese un tal Aguado, hombre que también odiaba al genovés.

225.0 1105.0 1161.0 61.0 Luego que llegó allá el comisario, se dió tan buena maña

157.0 1150.0 1229.0 59.0 en el desempeño de su cargo, que no pudiendo Colón sufrir

158.0 1194.0 1228.0 60.0 las humillaciones y malos tratamientos de aquel hombre, de-

161.0 1239.0 1227.0 61.0 terminó volver á la corte y hacer ver á sus reyes que habían

161.0 1283.0 1226.0 58.0 sorprendido su buena fe. Dejó en la isla Española por gober-

162.0 1330.0 1227.0 51.0 nador á su hermano Bartolomé, y como jefe de la justicia á un

162.0 1373.0 1226.0 60.0 tal Roldán. Embarcado para España, la suerte fué tan contra-

163.0 1420.0 1228.0 51.0 ria, que se le agotaron las provisiones por los rodeos y retra-

164.0 1461.0 1227.0 61.0 sos que tuvo en el viaje. Por fin, sufriendo grandes padeci-

164.0 1508.0 1227.0 57.0 mientos, llegó á las costas españolas, se presentó á los jueces

168.0 1555.0 1226.0 55.0 y logró confundir á sus enemigos, quedando él completamente

168.0 1595.0 1225.0 61.0 justificado. En prueba del aprecio que le conservaban los reyes

168.0 1638.0 1227.0 59.0 Fernando é Isabel, accedieron á todo cuanto les pidió Colón

169.0 1685.0 1226.0 62.0 para la subsistencia de la colonia del Nuevo Mundo. Sin em-

168.0 1732.0 1230.0 59.0 bargo, sus enemigos trataron de perjudicarle á pesar de las

168.0 1774.0 1232.0 57.0 órdenes del rey, entorpeciendo los preparativos de la nueva

170.0 1816.0 1229.0 65.0 flota, de modo que se pasó un año antes de que pudiesen salir

172.0 1861.0 1230.0 63.0 los navíos con provisiones para la colonia, y después otro año

172.0 1906.0 1230.0 67.0 pasó hasta que pudo Colón embarcarse con la escuadra para

174.0 1955.0 581.0 65.0 sus nuevos descubrimientos.
