1451 2131
700.0 34.0 65.0 65.0 —13—

119.0 108.0 1224.0 66.0 aquel hombre que creian superior á todos los de su siglo. El

119.0 159.0 1224.0 54.0 aparato con que marchaba era verdaderamente admirable. De-

120.0 204.0 1225.0 56.0 lante iban los indios que había traido del país descubierto por

119.0 249.0 1225.0 55.0 él; seguían luego muchos hombres, llevando todo el oro que

120.0 293.0 1226.0 55.0 había trasportado y las muestras de las producciones del Nue-

123.0 339.0 1223.0 59.0 vo Mundo, como frutos, papagayos, cuadrúpedos y aves, co-

122.0 382.0 797.0 59.0 sas todas nunca vistas de los españoles.

185.0 427.0 1161.0 58.0 En medio de la Plaza de Barcelona se había levantado un

123.0 472.0 1224.0 60.0 gran trono donde los reyes Fernando é Isabel aguardaban á

123.0 517.0 1224.0 56.0 Colón para darle una prueba de su aprecio. El almirante al

125.0 562.0 1224.0 60.0 llegar quiso arrodillarse á los pies de los reyes, pero éstos no

125.0 607.0 1221.0 57.0 se lo permitieron, mandándole sentar en un sillón que allí

125.0 651.0 1225.0 55.0 estaba dispuesto. Colón obedeció y con naturalidad y respeto

126.0 697.0 1224.0 60.0 refirió todo lo ocurrido en sus descubrimientos, presentando

126.0 744.0 955.0 52.0 á los regios esposos las producciones que traía.

190.0 787.0 1157.0 53.0 Cuando terminó la relación, los monarcas y todos los es-

129.0 835.0 1221.0 56.0 pectadores se pusieron de rodillas, dando en alta voz gracias

127.0 877.0 1222.0 55.0 al Señor del Universo por el feliz resultado de tan arriesgada

127.0 921.0 1222.0 56.0 expedición. Los reyes colmaron de honores al almirante y le

130.0 969.0 1219.0 56.0 concedieron para él y toda su familia ejecutoria de nobleza.

133.0 1014.0 1217.0 53.0 Todos en la corte se disputaban el honor de obsequiar al vi-

131.0 1054.0 353.0 57.0 rey de las Indias.

194.0 1101.0 1158.0 60.0 El monarca solicitó y obtuvo del Papa la sanción de la

132.0 1146.0 1219.0 60.0 propiedad de todos los países descubiertos por Colón y los

131.0 1190.0 1221.0 54.0 que posteriormente pudiese descubrir. Este paso de tanta im-

133.0 1237.0 1220.0 58.0 portancia en aquellos tiempos en que tan ilimitado era el po-

133.0 1282.0 1220.0 55.0 der del romano Pontífice, aseguraba al rey de España en sus

136.0 1328.0 1216.0 57.0 posesiones de Ultramar con exclusión de las demás naciones.

201.0 1374.0 1155.0 54.0 Inmediatamente se principiaron los preparativos para otra

133.0 1415.0 1224.0 58.0 expedición, y en breve tiempo estuvieron en el puerto de Cá-

135.0 1464.0 1223.0 52.0 diz diez y siete embarcaciones dispuestas. Esta vez un sinnú-

136.0 1505.0 1222.0 58.0 mero de las más altas clases solicitaban la dicha de acompa-

137.0 1552.0 1222.0 53.0 ñar á Colón en un viaje que les prometía inmensas riquezas

140.0 1595.0 1219.0 58.0 y gloria sin cuento. Colón escogió mil quinientos entre los

136.0 1640.0 1223.0 52.0 innumerables que se le presentaron, y dispuso todo lo conve-

136.0 1684.0 1223.0 58.0 niente para que nada faltase ni en el viaje ni en el estableci-

137.0 1730.0 1024.0 57.0 miento de colonias en aquellos países tan remotos.

201.0 1771.0 1162.0 55.0 El 23 de Septiembre salió la flota del puerto de Cádiz, sién-

136.0 1817.0 1228.0 60.0 dole tan favorable el viento en todo su viaje, que en veintiocho

136.0 1863.0 1229.0 54.0 días anduvo ochocientas leguas, llegando en domingo á una

137.0 1907.0 1228.0 58.0 isla que denominó la Dominica. Sucesivamente fué descubrien-

137.0 1948.0 1228.0 72.0 do algunas otras, siendo de ellas las principales la Mari-Galan-
