1471 2109
672.0 68.0 89.0 70.0 —22—

104.0 138.0 1231.0 67.0 ciese en su presencia. Colón obedece sin tardanza, y su juez,

101.0 190.0 1236.0 59.0 negándose á verle, manda que le pongan un par de grillos. La

100.0 235.0 1233.0 56.0 orden es ejecutada, conduciéndole á bordo de un navío. Tam-

100.0 278.0 1231.0 60.0 bién los dos hermanos de Colón fueron cargados de cadenas

106.0 324.0 1222.0 53.0 y puestos en otro navío. Bobadilla forma la causa de los tres

97.0 371.0 1232.0 55.0 hermanos y los sentencia á muerte; pero luego se horrori-

96.0 414.0 1234.0 60.0 za de la ejecución y determina enviarlos á España, confiado

96.0 461.0 1232.0 55.0 en que allí será ejecutada la sentencia. En el momento que se

94.0 504.0 1234.0 60.0 hicieron á la vela los navíos, el capitán quiso quitar á Colón

93.0 550.0 1230.0 59.0 los grillos: pero él no consintió; diciendo que puesto que los

92.0 596.0 1232.0 58.0 llevaba por orden de los reyes, á ellos solamente correspondía

91.0 640.0 461.0 54.0 el mandárselos quitar.

154.0 683.0 1168.0 56.0 El capitán llevaba orden de entregar los presos al ministro

86.0 728.0 1234.0 59.0 del departamento de Indias, pues había querido Bobadilla

85.0 774.0 1233.0 59.0 quitar toda ocasión en que pudiera el almirante hablar á la

84.0 817.0 1233.0 58.0 reina Isabel. Sin embargo, el capitán, compadecido, hizo que

86.0 864.0 1231.0 51.0 llegase á manos de la reina una carta de Colón, en la cual la

82.0 905.0 1233.0 58.0 imformaba de todo lo ejecutado por Bobadilla bajo el nombre

79.0 952.0 1237.0 54.0 de los monarcas. Indignados los reyes de que hubiese abusado

78.0 995.0 1237.0 60.0 de su autoridad el comisario, comprometiendo la dignidad

77.0 1042.0 1233.0 57.0 real en un proceder tan inicuo con un hombre como Colón,

76.0 1087.0 1234.0 57.0 que tan importantes servicios había prestado á la España,

73.0 1129.0 1235.0 60.0 mandaron que al momento fuera puesto en libertad juntamen-

73.0 1177.0 1233.0 57.0 te con sus dos hermanos, y á Colón se le llamó á la corte,

69.0 1222.0 1239.0 59.0 donde fué bien recibido y agasajado, disponiendo la reina que

70.0 1267.0 1236.0 53.0 se le diese el dinero necesario para presentarse con el brillo

69.0 1312.0 1235.0 58.0 correspondiente á su rango. En seguida el rey dió la orden

69.0 1356.0 1233.0 61.0 para que fuese destituído Bobadilla, nombrando en su lugar

66.0 1402.0 1236.0 53.0 otro llamado Nicolás de Ovando. Desde entonces el almiran-

66.0 1447.0 1236.0 58.0 te llevaba por todas partes sus grillos, mostrándolos como el

67.0 1492.0 1231.0 60.0 pago de sus servicios, y dispuso que á su muerte le enterra-

66.0 1538.0 278.0 56.0 sen con ellos.

127.0 1579.0 1172.0 60.0 Ovando marchó para las Indias Occidentales, llevando la

64.0 1626.0 1233.0 54.0 flota mayor que había salido hasta entonces, compuesta de

64.0 1670.0 1227.0 59.0 treinta y dos embarcaciones con dos mil quinientos hombres.

62.0 1716.0 1232.0 52.0 Cuando llegó á la Española, Ovando la encontró en el estado

60.0 1762.0 1026.0 52.0 más lastimoso á causa de la conducta de Bobadilla.

126.0 1806.0 1165.0 54.0 Colón, que no podía acostumbrarse á la quietud de la corte

62.0 1850.0 1229.0 59.0 y deseaba emprender nuevos viajes, imaginó que siguiendo la

58.0 1896.0 1233.0 55.0 costa que últimamente había descubierto, sería fácil llegar á

57.0 1941.0 1232.0 53.0 la India por un camino mucho más corto que el descubierto

57.0 1983.0 1229.0 68.0 por el portugués Vasco de Gama. Los Reyes Católicos acogie-
