1701 2371
567.0 355.0 447.0 74.0 HISTORIA

400.0 496.0 779.0 129.0 DEL CONDE PARTINOPLES.

558.0 878.0 444.0 71.0 CAPITULO PRIMERO

179.0 1107.0 1225.0 62.0 De la infidelidad del primer esposo de la emperatriz de Cons-

206.0 1156.0 1161.0 61.0 tantinopla, y determinacion que esta tomó con su marido.

239.0 1379.0 1164.0 60.0 Habia en Constantinopla antes de ser conquistada por los tur-

180.0 1430.0 1223.0 57.0 cos, un emperador llamado Juan, casado con una notabilísima y

176.0 1473.0 1227.0 58.0 hermosa dama de aquel país, de la que no tenia sucesion; y para

176.0 1518.0 1224.0 60.0 conseguir sus deseos apeló á la credulidad de los encantamientos,

177.0 1563.0 1226.0 54.0 presentándosele á la sazon una mora que poseia este arte, la cual

177.0 1604.0 1227.0 59.0 le ofreció tendria hijos de la emperatriz tan luego como él pasara

176.0 1653.0 1228.0 51.0 á la tierra del rey Hernan y viese en su palacio una jóven damas-

172.0 1695.0 1233.0 59.0 quina. Complacido el emperador de tan halagüeña noticia, se de-

172.0 1740.0 1233.0 55.0 cidió á partir á la ciudad de Damasco, á pesar de la enemistad que

171.0 1783.0 1234.0 55.0 entre él y el rey existia entonces, á quien invitó con este motivo

175.0 1833.0 1232.0 54.0 por medio de sus mensajeros á una cacería, que aquel aceptó con

176.0 1871.0 356.0 57.0 suma satisfaccion.

239.0 1917.0 1166.0 57.0 El emperador vió y se enamoró de la jóven damasquina así que

173.0 1962.0 1235.0 55.0 la habló; y ésta, tan hermosa como complaciente, correspondió á

175.0 2014.0 1232.0 48.0 su amor, de cuyas resultas tuvo una niña, que el emperador adoptó

175.0 2050.0 1232.0 78.0 por hija suya, con el nombre de Leonisa, mandando á todos los
