1675 2371
777.0 123.0 154.0 64.0 — 18—

694.0 243.0 308.0 102.0 CAPITULO V.

245.0 412.0 1226.0 50.0 De cómo tratan de casar al conde com una sobrina del Papa.

278.0 450.0 1198.0 42.0 —Por consejo de un mágico márchase el conde estaba Ia

276.0 488.0 1197.0 42.0 emperatriz, en cuyo palacio le sucedieron algunos lances

755.0 515.0 212.0 56.0 apurados.

313.0 657.0 1165.0 45.0 Asl que supo la madre del conde que su hijo habla librado á

254.0 688.0 1225.0 58.0 su patria de tan gran peligro, se fué para París, saliendo á reci-

256.0 735.0 1222.0 57.0 birla su hermano el rey y el conde, acompañándola hasta el pa-

255.0 775.0 1223.0 54.0 lacio llenos de satisfaccion y contento. Estando un dia juntos en

255.0 821.0 1227.0 60.0 conversacion, dijo la madre al rey, que le parecia conveniente se

260.0 865.0 1223.0 55.0 tratase de darle esposa al conde, en cuyo caso ella sabia de una

262.0 912.0 1219.0 58.0 jóven doncella, noble y muy hermosa, la cual era sobrina del Papa,

260.0 957.0 1225.0 51.0 á quien consideraba muy apropósito para su hijo, y que con este

260.0 1001.0 1223.0 54.0 casamiento olvidaria á la emperatriz hechicera, de quien le habian

263.0 1043.0 1223.0 55.0 oido algunas veces hablar, y que de no hacerlo así, se daria lugar

264.0 1090.0 1223.0 55.0 á que su amor hácia aquella le indujese á marcharse para no vol-

267.0 1132.0 1223.0 61.0 ver jamás. El rey contestó que aprobaba el pensamiento, y que

268.0 1180.0 1222.0 54.0 regularmente el Papa convendria en dicho enlace de muy buena

271.0 1223.0 1219.0 52.0 voluntad, por lo que enviaron comisionados á Roma, y presen-

272.0 1268.0 1218.0 57.0 tándose á Su Santidad, este los recibió con mucho agrado, ente-

270.0 1311.0 1224.0 61.0 rándose de las pretensiones que traian, á las que accedió; y lla-

268.0 1359.0 1226.0 55.0 mando á un cardenal, mandó que se dispusiese para acompañar

268.0 1400.0 1223.0 59.0 á su sobrina á París, donde tenia que celebrar su boda, otorgándo-

270.0 1444.0 1227.0 60.0 la en dote cuatro castillos y diez millones en dinero, todo lo que

270.0 1489.0 1223.0 61.0 daba el Papa por las buenas noticias que habia oido del conde, y

276.0 1535.0 1221.0 56.0 por lo gustoso que era que se casase con su sobrina. Cuando la

274.0 1579.0 1220.0 56.0 doncella, el cardenal y demás comitiva llegaron cerca de Paris,

275.0 1625.0 1223.0 58.0 salió á recibirlos con gran pompa y séquito el rey y toda su cór-

275.0 1668.0 1223.0 60.0 te, acompañándoles hasta el alcázar, donde fueron hospedados.

275.0 1717.0 1227.0 49.0 Ocho dias estuvieron tratando con el conde Partinoples sobre lo

276.0 1758.0 1226.0 54.0 conveniente que le era el casamiento con la sobrina del Santo Pa-

280.0 1804.0 1224.0 62.0 dre sin poderlo convencer, pues el jóven procuraba retraerse del

282.0 1849.0 1216.0 59.0 compromiso, por el mucho amor que profesaba á la emperatriz, y

282.0 1894.0 1222.0 60.0 por la palabra que con ella tenia empeñada, lo que manifestaba

283.0 1940.0 1223.0 59.0 púbicamente, por lo cual trataron de embriagarle con cierta

284.0 1981.0 1223.0 63.0 reparacion mezclada en el vino Así lo hicieron como lo

287.0 2028.0 1220.0 72.0 ensaron, y conseguido su objeto trajeron, á la doncella
