1701 2389
756.0 157.0 172.0 64.0 —29—

220.0 237.0 1228.0 48.0 dijo uno de los reyes á los demás: muy valiente y esforzado es

217.0 270.0 1233.0 59.0 este caballero; pues aun no ha escapado del peligro y ya se halla

216.0 314.0 1228.0 54.0 de nuevo al frente; á lo que le costestaron los demás: hoy es el pri-

219.0 358.0 1225.0 57.0 mer dia, y él se cansará y no podrá tornear en los demás. Varios

216.0 403.0 1228.0 60.0 fueron los caballeros que se presentaron en el palenque, pero todos

217.0 449.0 1226.0 55.0 quedaban vencidos por el conde; quien, por último, se fué al fren-

220.0 495.0 1220.0 53.0 te del palco de la emperatriz, bajo del cual se hállaba el soldan, y

219.0 536.0 1220.0 51.0 Guadin le dijo: vámonos de aquí, señor, ¿no habeis visto el aprie-

219.0 577.0 1221.0 58.0 to en que nos hemos hallado? y él le contestó, lo dejase estar allí.

219.0 623.0 1227.0 56.0 Cuando le vió el soldan, cabalgó de nuevo en su caballo y salió

217.0 666.0 1226.0 58.0 al frente del conde, habiendo antes dicho á los suyos, que si lo

219.0 712.0 1221.0 56.0 derribase del caballo, saliesen y le matasen para vengar la des-

220.0 757.0 1223.0 53.0 honra que en tal caso le habria hecho. El soldan y el conde se

221.0 802.0 1219.0 55.0 vinieron el uno para el otro tan reciamente, que poco faltó para

221.0 846.0 1215.0 55.0 no caer ambos en tierra; el conde recibió un fuerte golpe, y en

220.0 889.0 1216.0 55.0 seguida acometió al soldan con tal denuedo que le hizo dar en

220.0 934.0 1196.0 54.0 tierra; pero fué tan generoso que le ayudó á cabalgar otra vez.

289.0 979.0 1147.0 50.0 En esto hicieron los clarines la señal de concluido el torneo

220.0 1023.0 1215.0 53.0 de aquel dia: los dos compañeros se mantuvieron en la plaza has-

221.0 1069.0 1215.0 55.0 ta que no quedó caballero alguno en ella, retirándose en seguida

217.0 1112.0 1219.0 54.0 á su tienda hasta el otro dia que madrugaron, y despues de ha-

219.0 1156.0 1220.0 58.0 berse desayunado tomaron sus armas y montaron á caballo, di-

217.0 1201.0 1218.0 57.0 rigiéndose al palenque del combate, siendo los primeros que se

217.0 1243.0 1215.0 56.0 presentaron como el dia anterior: á poco rato llegó el soldan y demás

216.0 1290.0 1216.0 53.0 caballeros; mas el conde apenas hicieron la señal de empezar, se

215.0 1332.0 1219.0 56.0 fué para él desafiándole á justar: el soldan admitió de nuevo el

215.0 1378.0 1216.0 52.0 combate, dándose recios y terribles golpes, hasta que el conde le

215.0 1421.0 1215.0 53.0 dió un bote de lanza, que sacándole de la silla cayó en tierra por

215.0 1463.0 1213.0 55.0 las ancas del caballo, quitándole la lanza con el pendoncillo bor-

213.0 1509.0 1211.0 55.0 dado que llevaba, y dirigiéndose á la emperatriz, la dijo: tomad,

213.0 1551.0 1209.0 53.0 señora, en prueba de mi mal pagado cariño. Oriana dijo á la em-

215.0 1596.0 1212.0 57.0 peratriz: el corazon me anuncia que este valiente campeon es el

212.0 1640.0 1216.0 57.0 conde Partinoples; á lo que contestó: plegue á Dios que sea él: en

213.0 1682.0 1213.0 55.0 seguida le contó Oriana todo lo que habia ocurrido con el conde

211.0 1732.0 1217.0 53.0 desde su fuga, lo que causó gran pesar á la emperatriz, y aunque

211.0 1775.0 1217.0 53.0 se quiso informar de quién fuese el caballero del penacho azul que

209.0 1812.0 1218.0 62.0 siempre se hallaba con la visera calada, preguntándoselo uno de

211.0 1855.0 1217.0 65.0 de los reyes á Guadin, compañero del conde, le contestó ser un

209.0 1901.0 1215.0 57.0 caballero francés, cuyo nombre y circunstancias le estaba prohi-

211.0 1943.0 1217.0 65.0 bido descubrir á nadie. En esto tocaron los clarines en señal de

208.0 1990.0 1218.0 68.0 concluido el torneo por aquel dia, retirándose despues los dos

208.0 2033.0 613.0 71.0 compañeros amigos á su tienda.
