1693 2375
771.0 158.0 176.0 64.0 — 30 —

302.0 229.0 1170.0 58.0 Prevenidos al dia siguiente los dos campeones, cabalgaron en

233.0 273.0 1236.0 56.0 sus briosos caballos, con la diferencia de que el conde llevaba el

236.0 317.0 1239.0 59.0 penacho negro y quitadas las letras del escudo; puso en su lugar

236.0 361.0 1236.0 59.0 Morir ó vencer. Llegaron al palenque los dos, y todo el concurso

233.0 405.0 1238.0 55.0 fijó la vista en el caballero del penacho negro, á quien conocieron

234.0 451.0 1237.0 54.0 todos por el compañero de armas que llevaba. Púsose al frente

233.0 501.0 1238.0 53.0 pidiendo campaña, mas nadie quiso justar con él por el recelo que

236.0 538.0 1232.0 54.0 le habian cobrado, pero Guadin le dijo: prevente al combate,

236.0 584.0 1241.0 57.0 porque allí se apresta un caballero en contra tuya, y me parece

237.0 626.0 1238.0 56.0 ser el rey Herman que querrá vengar la afrenta del soldan. El

234.0 679.0 1241.0 46.0 conde picó espuelas al caballo y se fué para él como un trueno

238.0 717.0 1239.0 57.0 puesta la lanza en el ristre: el rey salió á su encuentro, y fué

240.0 761.0 1231.0 55.0 tal, que las lanzas quedaron reducidas á astillas, cayendo el rey

237.0 810.0 1240.0 54.0 de su caballo, el cual tomó el conde de la brida y lo entregó

238.0 852.0 1243.0 51.0 á Guadin. La emperatriz deseosa de saber quién fuese tan valien-

242.0 899.0 1234.0 56.0 te campeon, lo mandó preguntar de su parte; el conde contestó,

238.0 939.0 1242.0 58.0 que era cristiano y del reino de Francia. En cierto modo se pe-

238.0 989.0 1245.0 46.0 netró la emperatriz de que fuera el conde Partinoples, y rogó á

241.0 1026.0 1239.0 57.0 Dios lo librase de todo peligro. El soldan y el rey Herman trata-

240.0 1071.0 1240.0 59.0 ron de vencer al conde, lo que observado por Guadin, se lo advir-

242.0 1116.0 1238.0 58.0 tió para que estuviese prevenido, y así fué que saliendo á batir-

244.0 1159.0 1235.0 57.0 se de nuevo el soldan, vió que venia á través el rey Herman; mas

242.0 1203.0 1235.0 58.0 el soldan por no hacerle traicion, se volvió á su lugar diciendo:

244.0 1249.0 1239.0 54.0 obro como caballero. Dirigióse el conde al rey Herman, á quien

244.0 1294.0 1240.0 59.0 le dió un bote de lanza, que le pasó por el cuerpo, cayendo ten-

244.0 1340.0 1239.0 53.0 dido en tierra, con lo que amotinados los caballeros del soldan

245.0 1385.0 1239.0 51.0 acometieron al conde; mas éste, metiendo mano á la espada y ha-

244.0 1427.0 1249.0 58.0 ciendo lo mismo Guadin, fué bastante sangriento el combate, de-

245.0 1476.0 1236.0 57.0 jando el campo cubierto de muertos y heridos, de tal conformidad,

245.0 1517.0 1243.0 59.0 que fué necesario suspender la lucha. En esto hicieron señal de

245.0 1563.0 1243.0 52.0 concluido el torneo, y los caballeros se fueron para su tienda, en

246.0 1605.0 1241.0 57.0 la que el conde hizo presente á Guadin, la palabra de honor que

248.0 1654.0 1239.0 54.0 tenia ofrecida de volver á la prision del rey moro, á lo que Gua-

248.0 1699.0 1240.0 50.0 din lo contestó era preciso cumplir como caballero; que iria en su

245.0 1740.0 1242.0 59.0 compañía, y dado caso que fuese necesario, él quedaria en la pri-

249.0 1786.0 321.0 54.0 sion en rehenes.

311.0 1826.0 1177.0 58.0 Al otro dia de mañana se partieron ambos compañeros para Da-

248.0 1873.0 1241.0 52.0 masco; enterada la sultana de su llegada, y viendo haber cumplido

246.0 1918.0 1242.0 58.0 su palabra como caballero, le concedió la libertad, regresando am-

249.0 1960.0 1238.0 54.0 bos hácia el palacio de la emperatriz, en cuya ocasion estaban dis-

246.0 2005.0 1245.0 62.0 putando los reyes, unos elogiando al conde y otros al soldan; pero

248.0 2049.0 1243.0 73.0 no faltaba quien dijese, era muy cierto que el caballero del penacho
