1711 2383
758.0 180.0 170.0 54.0 – 19 –

214.0 258.0 1232.0 45.0 y los dejaron en un cuarto solos; pero nada se adelantó, pues

213.0 295.0 1234.0 50.0 luego que el conde se halló despejado, empezó á dar voces de que

213.0 334.0 1235.0 57.0 no queria casarse, y que le trajesen su caballo que queria irse á

217.0 381.0 1226.0 54.0 ver á la emperatriz. La doncella trató de contenerle diciéndole,

210.0 424.0 1240.0 60.0 que no le dejaria marchar, porque él habia de ser su marido; y en-

210.0 468.0 1236.0 54.0 tonces el conde la dió un empujon apartándola de sí con violencia.

283.0 512.0 1164.0 51.0 Viéndose la sobrina de Su Santidad atropellada de esta con-

207.0 556.0 1240.0 56.0 formidad, y desairada por un caballero tan distinguido, cuya her-

210.0 605.0 1237.0 54.0 mosura y gallardía habian cautivado su corazon desde el momen-

211.0 647.0 1231.0 58.0 to que le habia visto, acudió en aquel estado llena de vergüenza,

211.0 692.0 1236.0 57.0 y con los ojos bañados en llanto, al rey, y le dijo con grande aflic-

209.0 736.0 1237.0 53.0 cion todo cuanto le acababa de acontecer con el conde. El monarca

210.0 782.0 1234.0 57.0 se puso furioso al saber semejante comportamiento de su sobrino

209.0 824.0 1231.0 60.0 con una señora de tan alta condicion, y procuró tranquilizarla,

209.0 871.0 1235.0 54.0 asegurándola se casaría con él tan pronto como consiguiese di-

207.0 914.0 1236.0 61.0 suadirte de su preocupacion, que los encantamientos de la empe-

209.0 958.0 1233.0 57.0 ratriz habian causado en su espíritu trastornándole el juicio.

207.0 1002.0 1235.0 53.0 A todo esto se hallaban presentes el cardenal y la madre del con-

206.0 1048.0 1236.0 52.0 de que entró al poco rato y estando así reunidos fué presentado á

207.0 1093.0 1233.0 57.0 ellos un mágico que tenia particular habilídad en la materia, el

203.0 1135.0 1237.0 63.0 cual les dijo: señores, este jóven está perdido por una mujer en-

207.0 1182.0 1233.0 58.0 cantada; pero haced que me descubra su corazon, que yo trabajaré

207.0 1225.0 1233.0 60.0 por librarle de ella y de los malos espíritus. Oido esto por el con-

207.0 1270.0 1233.0 52.0 de le prometió revelarle todos sus secretos, y á cuyo efecto se re-

210.0 1315.0 1229.0 52.0 tiraron todos los presentes dejándolos solos en la habitacion. Despues

205.0 1359.0 1234.0 56.0 que el conde hubo esplicado al mágico todos los pormenores de su

205.0 1403.0 1233.0 55.0 historia con la emperatriz, le habló de esta manera: confiado en

207.0 1449.0 1232.0 54.0 que será cierto cuanto acabais de referirme, yo os daré una linterna

205.0 1494.0 1233.0 52.0 encantada que nunca se puede apagar hasta que la quiebren; lle-

206.0 1537.0 1232.0 56.0 varéisla con vos al alcázar de la emperatriz, entrareis en sus ha-

203.0 1580.0 1235.0 55.0 bitaciones de noche, que nadie os verá, y os dirigireis á su alcoba

203.0 1627.0 1232.0 58.0 en la que os escondereis hasta que ella se acueste, y cuando esté

205.0 1672.0 1230.0 54.0 dormida la levantareis la ropa presentando á su rostro la linterna

206.0 1714.0 1225.0 61.0 para que al despertarse os vea bien; los efectos que esto produzca,

206.0 1759.0 1224.0 58.0 el tiempo es hará ver que serán favorables á vuestros deseos: y

202.0 1801.0 457.0 59.0 dicho esto se despidió.

256.0 1844.0 1175.0 62.0 El conde Partinoples prometió al mágico haria todo cuanto le

203.0 1890.0 1229.0 61.0 habia encargado; y poniéndolo en ejecucion, al dia siguiente mon-

205.0 1934.0 1226.0 55.0 tó á caballo y se fué hasta donde estaba la nave que le habia con-

199.0 1980.0 1232.0 57.0 ducido: embarcóse en ella é hizo su viaje hasta llegar al castillo

201.0 2024.0 1231.0 54.0 donde estaba la emperatriz. Habiendo arribado el conde al puerto

201.0 2071.0 1233.0 64.0 de la isla, saltó en tierra con mucha precaucion, temeroso de ser
