1729 2405
750.0 184.0 174.0 66.0 — 25 —

207.0 239.0 1232.0 62.0 y cayó desmayado en tierra: entonces se acabó de persuadir Oriana

204.0 287.0 1235.0 52.0 de que era el mismo conde Partinoples. Sentóse junto á él ponién-

200.0 330.0 1239.0 60.0 dole la cabeza en su regazo, diciendo á su doncella la ayudase á so-

200.0 375.0 1239.0 61.0 correrle, y vuelto en sí principió á verter lágrimas; mas en seguida

203.0 426.0 1228.0 48.0 se quitó una gran melena de pelo que llevaba, quedando descubier

201.0 466.0 1238.0 60.0 to su rostro que al momento lo conoció Oriana, quien encargó al

197.0 510.0 1240.0 61.0 conde no revelase á nadie quién era. Llegados que fueron el ca-

200.0 553.0 1237.0 62.0 pitan y los suyos, quisieron saber quién era aquel personaje, mas

201.0 598.0 1236.0 56.0 la dama los satisfizo diciendo, de que era un conocido suyo que

201.0 639.0 1235.0 63.0 por casualidad habia hallado en aquel sitio, el cual habia naufra-

203.0 685.0 1233.0 59.0 gado en aquella costa y queria llevarlo en su compañía. Embar-

200.0 732.0 1236.0 52.0 cáronse todos de nuevo dirigiendo el rumbo con direccion al cas-

200.0 777.0 1236.0 56.0 tillo de la emperatriz, y por el camino iban contándose sus aven-

201.0 820.0 1234.0 56.0 turas desde su despedida: el conde manifestó deseos de ver á la

200.0 867.0 1235.0 57.0 emperatriz, y Oriana le contestó que cuando tuvo ocasion no habia

200.0 909.0 1233.0 55.0 sabido guardarla; que en la actualidad se hallaba á la tutela de

200.0 960.0 1236.0 50.0 los reyes, los cuales tenian que decidir de su suerte, dándole por

199.0 1000.0 1237.0 59.0 esposo al que la ganare por fuerza de armas; pero que ella haria

196.0 1043.0 1237.0 57.0 de modo que la viese muy pronto. Luego que la emperatriz supo

196.0 1087.0 1236.0 56.0 la llegada de Oriana, la mandó llamar, y esta se presentó al mo-

196.0 1131.0 1236.0 54.0 mento. Habiendo llegado á la presencia de la emperatriz se abra-

197.0 1178.0 1238.0 59.0 zaron cariñosamente, preguntándola por el éxito de su viaje. Oria-

197.0 1223.0 1234.0 58.0 na la contestó: cuando el conde estaba en el peligro que le pusisteis

196.0 1267.0 1239.0 57.0 de perecer, yo os aconsejaba de que le perdonárais, y no quisisteis

196.0 1310.0 1237.0 54.0 hacerlo; mas ahora la suerte decidirá el esposo que ha de ser vues-

196.0 1357.0 1237.0 51.0 tro. La emperatriz se puso á llorar enteramente desconsolada, á lo

193.0 1405.0 1239.0 48.0 que Oriana le dijo que ya no tenia remedio el daño que ella habia

195.0 1447.0 1233.0 57.0 hecho, y que lo que por entonces convenia, era el que armase por

191.0 1488.0 1240.0 57.0 sí misma á los caballeros del imperio que habian de asistir al torneo

193.0 1536.0 1236.0 56.0 que se acababa de publicar, para que asistiesen tambien á él todos

191.0 1580.0 1241.0 58.0 los extranjeros que quisiesen venir. La emperatriz la dijo que todo

189.0 1623.0 1242.0 61.0 lo dejaba á su cuidado y celo, y en seguida marchó á la capital y

188.0 1668.0 1240.0 54.0 eligió noventa y nueve caballeros, los que hizo aderezar para mar-

188.0 1714.0 1236.0 56.0 char con ellos, llevando en su compañía al conde vestido y arma-

185.0 1756.0 1243.0 58.0 do con los demás, dándole ella el caballo y las armas.   Llegaron

185.0 1806.0 1243.0 55.0 de noche al palacio de la emperatriz, en el que entraron todos los

183.0 1845.0 1246.0 56.0 caballeros, y Oriana mandó á su doncella tomase por la mano al

183.0 1893.0 1244.0 57.0 conde y lo colocase en el salon donde estaba el trono, y en segui-

181.0 1936.0 1246.0 60.0 da se fué á la emperatriz y la hizo presente ser ya hora de que ar-

180.0 1980.0 1247.0 64.0 mase los caballeros que aguardaban en el salon real. Vistióse la

179.0 2026.0 1246.0 61.0 emperatriz su manto, y sentóse en el trono: los caballeros fueron

175.0 2072.0 1249.0 67.0 entrando á besar la mano, y en seguida se fueron colocando en sus

340.0 2125.0 246.0 68.0 PARTINOPLES.

1233.0 2127.0 32.0 74.0 4
