1596 2377
743.0 169.0 167.0 51.0 — 16 —

194.0 229.0 1235.0 54.0 do mano á las espadas y entraron al campo, lo que verificaron con

196.0 268.0 1233.0 60.0 grandes alaridos, llevándose consigo al conde; lo que visto por los

194.0 312.0 1232.0 61.0 franceses, entraron igualmente en el campo y se apoderaren á vi-

199.0 357.0 1065.0 52.0 va fuerza del rey Lisuarte, huyendo con él á la ciudad.

262.0 398.0 1166.0 60.0 El rey de Francia y los caballeros tuvieron gran sentimiento

194.0 445.0 1232.0 59.0 pensando en la suerte que podia caber al desgraciado conde en

195.0 489.0 1229.0 60.0 poder de aquellos bárbaros, en particular su tio, que encerrado en

195.0 536.0 1229.0 54.0 el palacio se hallaba inconsolable. Así estuvo toda aquella noche,

199.0 575.0 1225.0 62.0 y al dia siguiente por la mañana fueron todos los caballeros á pa-

194.0 620.0 1231.0 60.0 lacio custodiando al rey moro que le llevaban prisionero por la

196.0 669.0 1229.0 54.0 traicion que su mayordomo el conde de Mars habia hecho con el

195.0 714.0 1230.0 51.0 valiente conde, y volviéndose el rey al moro, comenzó á decirle

192.0 756.0 1232.0 56.0 como era un traidor que habia faltado á la verdad y juramento

192.0 800.0 1232.0 55.0 que tenia hecho. Nunca quiera Alá, dijo el prisionero, que yo sea

194.0 845.0 1228.0 60.0 traidor, pues por fiarme del conde de Mars, me veo en vuestro po-

190.0 891.0 1231.0 54.0 der. El rey francés le contestó: reniego del soberano que fia su

191.0 936.0 1230.0 59.0 campo á hombre que no sea hidalgo y que pueda faltar á su ho-

188.0 982.0 1234.0 54.0 nor. Entonces dijo el rey Lisuarte al de Francia: señor, mandad

188.0 1024.0 1234.0 60.0 mensajeros á todos los capitanes de mi real, y que de mi parte les

188.0 1070.0 1230.0 57.0 notifiquen, que si el conde de Bles, vuestro sobrino, fuere vivo,

187.0 1113.0 1231.0 59.0 se lo entreguen inmediatamente; y que si por casualidad lo hu-

188.0 1158.0 1230.0 59.0 biesen muerto, haced de mí lo que quisiéreis, supuesto que me

187.0 1201.0 1231.0 60.0 hallo en vuestro poder. Oyendo esto el monarca francés, se puso á

186.0 1247.0 1232.0 56.0 reconocer al moro mirándole de piés á cabeza, y tomándolo en se-

186.0 1290.0 1234.0 62.0 guida por la mano le hizo sentar junto á sí. Luego mandó despa-

183.0 1336.0 1235.0 57.0 char los mensajeros con las órdenes correspondientes para el con-

181.0 1379.0 1237.0 63.0 de Mars y demás jefes del ejército enemigo. Entretanto fué cun-

182.0 1424.0 1234.0 53.0 diendo por París la noticia que el rey Lisuarte habia caido prisio-

181.0 1469.0 1231.0 61.0 nero, y le tenian preso en el palacio, lo cual llenó de júbilo al

182.0 1515.0 1234.0 60.0 pueblo. En tanto que los parisienses estaban entregados al placer

183.0 1559.0 1233.0 61.0 y regocijo, llegaron los expresados mensajeros al campamento

181.0 1605.0 1233.0 57.0 enemigo, entregaron las órdenes á quienes iban dirigidas, y en

178.0 1648.0 1236.0 62.0 su vista se mostraron muy complacientes y serviciales con ellos

181.0 1692.0 1233.0 59.0 y con el conde que tenian cautivo, al saber por el contenido de

178.0 1737.0 1235.0 60.0 aquellas que su señor era vivo; mas no se resolvieron á entregar

179.0 1784.0 1234.0 55.0 la persona del conde, creyendo que acaso los meusajeros habrian

178.0 1827.0 1233.0 54.0 urdido aquella trama para llevarse á su jefe y asesinar al rey Li-

175.0 1869.0 1236.0 60.0 suarte, arrojándole luego al rio Sena, segun lo que se habia esti-

178.0 1920.0 1229.0 56.0 pulado en el desafio; por lo que le contestaron los generales á su rey,

174.0 1959.0 1235.0 60.0 que el conde de Mars habia perecido á manos de los moros por

173.0 2004.0 1234.0 61.0 haber comprometido á la persona de su monarca, y que si per-

171.0 2049.0 1236.0 83.0 manecia este más tiempo en cautividad con los franceses le su-
