<?xml version="1.0" encoding="UTF-8"?>
<alto xmlns:xsi="http://www.w3.org/2001/XMLSchema-instance"
      xmlns="http://www.loc.gov/standards/alto/ns-v4#"
      xsi:schemaLocation="http://www.loc.gov/standards/alto/ns-v4# http://www.loc.gov/standards/alto/v4/alto-4-2.xsd">
  <Description>
    <MeasurementUnit>pixel</MeasurementUnit>
    <sourceImageInformation>
      <fileName>Varios_425_4.jpg</fileName>
      
    </sourceImageInformation>
  </Description>
  
  <Tags>
    <OtherTag ID="BT1233" LABEL="CustomZone:impresorNum" DESCRIPTION="block type CustomZone:impresorNum"/><OtherTag ID="BT1234" LABEL="CustomZone:numero_pliego" DESCRIPTION="block type CustomZone:numero_pliego"/><OtherTag ID="BT1235" LABEL="CustomZone:title" DESCRIPTION="block type CustomZone:title"/><OtherTag ID="BT1236" LABEL="GraphicZone:illustration" DESCRIPTION="block type GraphicZone:illustration"/><OtherTag ID="BT1237" LABEL="GraphicZone:ornamentation" DESCRIPTION="block type GraphicZone:ornamentation"/><OtherTag ID="BT1238" LABEL="MainZone" DESCRIPTION="block type MainZone"/><OtherTag ID="BT1239" LABEL="MainZone:columns" DESCRIPTION="block type MainZone:columns"/><OtherTag ID="BT1240" LABEL="MarginTextZone:colophon" DESCRIPTION="block type MarginTextZone:colophon"/><OtherTag ID="BT1241" LABEL="MarginTextZone:note" DESCRIPTION="block type MarginTextZone:note"/><OtherTag ID="BT1242" LABEL="MusicZone" DESCRIPTION="block type MusicZone"/><OtherTag ID="BT1243" LABEL="NumberingZone:page" DESCRIPTION="block type NumberingZone:page"/><OtherTag ID="BT1244" LABEL="QuireMarksZone:catchwords" DESCRIPTION="block type QuireMarksZone:catchwords"/><OtherTag ID="BT1245" LABEL="QuireMarksZone:signature" DESCRIPTION="block type QuireMarksZone:signature"/><OtherTag ID="BT1246" LABEL="RunningTitleZone" DESCRIPTION="block type RunningTitleZone"/>
    <OtherTag ID="LT463" LABEL="CustomLine:propriedad" DESCRIPTION="line type CustomLine:propriedad"/><OtherTag ID="LT464" LABEL="CustomLine:trailer" DESCRIPTION="line type CustomLine:trailer"/><OtherTag ID="LT465" LABEL="DefaultLine" DESCRIPTION="line type DefaultLine"/><OtherTag ID="LT466" LABEL="HeadingLine" DESCRIPTION="line type HeadingLine"/>
  </Tags>
  
  <Layout>
    <Page WIDTH="1709"
          HEIGHT="2365"
          PHYSICAL_IMG_NR="107"
          ID="eSc_dummypage_">
      <PrintSpace HPOS="0"
                  VPOS="0"
                  WIDTH="1709"
                  HEIGHT="2365">
        
        <TextBlock HPOS="757.0"
                   VPOS="112.0"
                   WIDTH="269.0"
                   HEIGHT="109.0"
                   ID="block_1"
                   TAGREFS="BT1243">
          <Shape><Polygon POINTS="757 112 1026 112 1026 221 757 221 757 112"/></Shape>
          
          
          <TextLine ID="line_0"
                    TAGREFS="LT465"
                    BASELINE="829 202 987 202" 
                    HPOS="829.0"
                    VPOS="168.0"
                    WIDTH="158.0"
                    HEIGHT="55.0">
            <Shape><Polygon POINTS="912 223 913 223 987 214 987 202 987 181 899 168 897 168 896 168 879 172 849 180 832 168 829 202 829 218"/></Shape>
	    <String CONTENT="— 4 —"
                    HPOS="829.0"
                    VPOS="168.0"
                    WIDTH="158.0"
                    HEIGHT="55.0"></String>
          </TextLine>

          
        </TextBlock>
        
        <TextBlock HPOS="222.0"
                   VPOS="238.0"
                   WIDTH="1385.0"
                   HEIGHT="1868.0"
                   ID="block_0"
                   TAGREFS="BT1238">
          <Shape><Polygon POINTS="222 238 1607 238 1607 2106 222 2106 222 238"/></Shape>
          
          
          <TextLine ID="line_1"
                    
                    BASELINE="278 271 1518 269" 
                    HPOS="277.0"
                    VPOS="239.0"
                    WIDTH="1241.0"
                    HEIGHT="52.0">
            <Shape><Polygon POINTS="1473 239 1460 239 1447 239 1434 239 1421 239 1407 239 1394 239 1381 239 1368 239 1355 239 1342 239 1339 239 1319 240 1317 241 1074 241 1072 240 1067 239 1066 239 1053 239 1039 239 1026 239 1013 239 1000 239 987 239 974 239 964 239 945 240 937 240 934 240 928 239 921 239 908 239 895 239 886 239 883 240 878 241 858 240 842 239 842 239 829 239 816 239 803 239 790 239 779 239 774 240 765 241 753 240 744 239 737 239 724 239 711 239 698 239 684 239 671 239 658 239 645 239 632 239 619 239 606 239 592 239 579 239 566 239 553 239 540 239 527 239 514 239 500 239 487 239 474 239 461 239 448 239 435 239 421 239 408 239 395 239 386 239 277 239 278 271 278 287 669 285 715 287 791 291 792 291 794 291 809 286 816 283 1074 283 1080 285 1095 290 1096 290 1097 291 1440 291 1440 290 1517 282 1518 269 1515 241 1484 239 1473 239"/></Shape>
	    <String CONTENT="reyes y grandes del imperio la reconociesen por su legítima su-"
                    HPOS="277.0"
                    VPOS="239.0"
                    WIDTH="1241.0"
                    HEIGHT="52.0"></String>
          </TextLine>

          
          
          <TextLine ID="line_2"
                    
                    BASELINE="281 315 868 312" 
                    HPOS="280.0"
                    VPOS="277.0"
                    WIDTH="588.0"
                    HEIGHT="54.0">
            <Shape><Polygon POINTS="281 315 281 331 867 325 868 312 866 285 828 277 826 277 721 283 711 277 709 277 708 277 636 277 634 277 633 277 632 277 632 278 625 283 531 278 529 278 528 278 512 285 512 286 280 286 281 315"/></Shape>
	    <String CONTENT="cesora y heredera del imperio."
                    HPOS="280.0"
                    VPOS="277.0"
                    WIDTH="588.0"
                    HEIGHT="54.0"></String>
          </TextLine>

          
          
          <TextLine ID="line_3"
                    
                    BASELINE="349 358 1518 358" 
                    HPOS="349.0"
                    VPOS="320.0"
                    WIDTH="1169.0"
                    HEIGHT="58.0">
            <Shape><Polygon POINTS="349 358 349 371 1084 378 1085 378 1147 371 1151 371 1155 371 1238 378 1239 378 1279 371 1302 378 1304 378 1305 378 1347 371 1348 371 1350 371 1426 378 1427 378 1518 370 1518 358 1518 329 1481 320 1480 320 1478 320 1422 331 1393 331 1122 331 1121 329 1093 320 1092 320 1091 320 1089 320 1054 329 1053 329 1051 329 1009 320 916 320 914 320 913 320 912 320 899 329 897 329 870 320 868 320 867 320 782 329 774 331 715 331 712 329 695 320 694 320 475 320 474 320 411 328 402 329 395 328 360 320 358 320 357 320 356 320 349 324 349 358"/></Shape>
	    <String CONTENT="La infidelidad del emperador dió márgen á que su esposa le"
                    HPOS="349.0"
                    VPOS="320.0"
                    WIDTH="1169.0"
                    HEIGHT="58.0"></String>
          </TextLine>

          
          
          <TextLine ID="line_4"
                    
                    BASELINE="281 403 1517 400" 
                    HPOS="280.0"
                    VPOS="363.0"
                    WIDTH="1237.0"
                    HEIGHT="57.0">
            <Shape><Polygon POINTS="281 403 281 420 1515 415 1517 400 1514 371 1290 363 1289 363 1288 363 1287 363 1275 371 1181 371 1125 363 1123 363 1122 363 1108 371 989 371 917 363 916 363 879 371 872 371 863 371 811 365 809 365 808 365 794 371 791 371 782 371 732 365 730 365 729 365 707 371 702 371 698 371 674 365 673 365 671 365 280 370 281 403"/></Shape>
	    <String CONTENT="abandonase, trasladándose del palacio imperial al castillo titula-"
                    HPOS="280.0"
                    VPOS="363.0"
                    WIDTH="1237.0"
                    HEIGHT="57.0"></String>
          </TextLine>

          
          
          <TextLine ID="line_5"
                    
                    BASELINE="282 445 1517 448" 
                    HPOS="281.0"
                    VPOS="409.0"
                    WIDTH="1236.0"
                    HEIGHT="53.0">
            <Shape><Polygon POINTS="282 445 281 461 1514 462 1517 448 1514 411 1404 419 1269 411 1268 411 1267 411 1244 420 1053 420 908 409 899 409 897 409 896 409 879 419 754 419 728 409 726 409 725 409 723 409 688 417 666 409 665 409 663 409 661 409 612 417 586 409 585 409 583 409 582 409 565 417 552 409 550 409 549 409 548 409 546 409 519 417 416 409 415 409 414 409 412 409 391 417 282 409 282 445"/></Shape>
	    <String CONTENT="do de Cabezadoire, donde se estableció; pero no contenta con esta"
                    HPOS="281.0"
                    VPOS="409.0"
                    WIDTH="1236.0"
                    HEIGHT="53.0"></String>
          </TextLine>

          
          
          <TextLine ID="line_6"
                    
                    BASELINE="281 494 1518 490" 
                    HPOS="280.0"
                    VPOS="453.0"
                    WIDTH="1238.0"
                    HEIGHT="62.0">
            <Shape><Polygon POINTS="281 494 281 515 366 507 586 515 587 515 588 515 606 505 709 505 767 512 769 512 770 512 771 512 782 505 876 512 878 512 993 505 1039 513 1041 515 1096 515 1096 513 1097 513 1099 513 1109 505 1229 512 1230 512 1498 505 1514 512 1518 490 1517 462 1486 453 1485 453 1484 453 1482 453 1459 461 1390 453 1389 453 1388 453 1363 461 1361 462 1202 462 1198 461 1175 453 1173 453 1172 453 1121 459 1102 463 978 463 968 459 954 454 953 454 817 454 816 454 815 454 800 458 791 461 761 458 726 455 725 455 724 455 712 458 690 463 636 458 623 457 621 457 603 458 523 463 511 457 507 455 506 455 504 455 503 455 499 457 485 463 470 457 466 455 465 455 404 455 403 455 402 455 398 457 378 463 353 457 348 455 347 455 345 455 280 455 281 494"/></Shape>
	    <String CONTENT="determinacion, convocó en él á todos sus parciales, entre ellos al-"
                    HPOS="280.0"
                    VPOS="453.0"
                    WIDTH="1238.0"
                    HEIGHT="62.0"></String>
          </TextLine>

          
          
          <TextLine ID="line_7"
                    
                    BASELINE="283 538 1513 534" 
                    HPOS="282.0"
                    VPOS="497.0"
                    WIDTH="1231.0"
                    HEIGHT="62.0">
            <Shape><Polygon POINTS="283 538 283 559 326 551 437 558 439 558 498 551 640 558 641 558 703 550 1037 557 1038 557 1106 549 1134 555 1135 555 1137 557 1511 557 1513 534 1510 507 1447 497 1446 497 1302 505 1275 497 1273 497 1272 497 1235 505 1183 497 1181 497 1100 507 1025 499 888 499 887 499 886 499 866 505 732 499 730 499 686 508 636 500 634 500 633 500 612 508 337 503 336 503 282 509 283 538"/></Shape>
	    <String CONTENT="gunos reyes y varios caballeros del imperio que la fueron fieles,"
                    HPOS="282.0"
                    VPOS="497.0"
                    WIDTH="1231.0"
                    HEIGHT="62.0"></String>
          </TextLine>

          
          
          <TextLine ID="line_8"
                    
                    BASELINE="283 582 1515 578" 
                    HPOS="282.0"
                    VPOS="542.0"
                    WIDTH="1233.0"
                    HEIGHT="59.0">
            <Shape><Polygon POINTS="283 582 283 595 525 601 527 601 607 595 613 595 616 595 653 601 654 601 688 595 691 595 712 595 1059 600 1060 600 1113 593 1130 592 1151 593 1213 599 1214 599 1514 592 1515 578 1513 551 1361 551 1322 542 1321 542 1285 550 1252 542 1251 542 1250 542 1248 542 1247 542 1235 550 1193 545 1192 545 1077 551 1056 545 1055 545 1054 545 942 551 883 543 882 543 880 543 879 543 866 551 833 543 832 543 830 543 829 543 799 551 783 543 782 543 694 543 692 543 691 543 659 553 632 545 631 545 629 545 448 553 432 545 431 545 328 545 327 545 282 554 283 582"/></Shape>
	    <String CONTENT="quienes negaron la obediencia al emperador, aconsejando á su es-"
                    HPOS="282.0"
                    VPOS="542.0"
                    WIDTH="1233.0"
                    HEIGHT="59.0"></String>
          </TextLine>

          
          
          <TextLine ID="line_9"
                    
                    BASELINE="285 626 1517 622" 
                    HPOS="283.0"
                    VPOS="587.0"
                    WIDTH="1234.0"
                    HEIGHT="59.0">
            <Shape><Polygon POINTS="285 626 286 646 316 638 665 638 684 643 690 645 691 645 692 645 700 643 729 637 771 643 778 643 779 643 1515 637 1517 622 1513 595 1293 595 1292 595 1272 588 1271 588 1269 588 1226 595 1225 595 1223 595 1181 587 1180 587 1179 587 1177 587 1164 595 1162 595 997 588 996 588 995 588 979 596 978 597 921 597 920 596 908 588 907 588 905 588 840 588 838 588 775 596 774 596 753 588 751 588 750 588 749 588 729 596 700 588 699 588 698 588 585 596 544 589 542 589 504 597 502 599 391 599 390 597 364 589 362 589 361 589 360 589 343 597 343 599 283 599 285 626"/></Shape>
	    <String CONTENT="posa su casamiento con un príncipe extranjero. En su consecuen-"
                    HPOS="283.0"
                    VPOS="587.0"
                    WIDTH="1234.0"
                    HEIGHT="59.0"></String>
          </TextLine>

          
          
          <TextLine ID="line_10"
                    
                    BASELINE="286 670 1517 667" 
                    HPOS="285.0"
                    VPOS="633.0"
                    WIDTH="1232.0"
                    HEIGHT="52.0">
            <Shape><Polygon POINTS="286 670 286 685 1515 685 1517 667 1514 641 955 633 954 633 883 641 855 634 854 634 853 634 851 634 833 641 433 634 432 634 431 634 408 641 370 634 369 634 368 634 343 641 311 634 310 634 308 634 285 642 286 670"/></Shape>
	    <String CONTENT="cia, la emperatriz mandó emisarios á todas las naciones para que"
                    HPOS="285.0"
                    VPOS="633.0"
                    WIDTH="1232.0"
                    HEIGHT="52.0"></String>
          </TextLine>

          
          
          <TextLine ID="line_11"
                    
                    BASELINE="286 713 1518 710" 
                    HPOS="285.0"
                    VPOS="676.0"
                    WIDTH="1233.0"
                    HEIGHT="53.0">
            <Shape><Polygon POINTS="286 713 286 729 1517 726 1518 710 1515 685 1423 676 1422 676 1421 676 1402 684 1397 684 1288 676 1287 676 1252 683 1123 676 1122 676 1121 676 1105 683 1102 685 982 685 968 683 929 676 928 676 926 676 903 683 888 685 849 681 812 679 811 679 796 681 779 685 741 681 713 679 712 679 688 681 652 685 637 681 627 677 625 677 624 677 623 677 609 681 592 685 577 680 566 677 565 677 563 677 519 680 449 685 285 680 286 713"/></Shape>
	    <String CONTENT="le diesen noticia de un hombre, que á su acreditada nobleza y hon-"
                    HPOS="285.0"
                    VPOS="676.0"
                    WIDTH="1233.0"
                    HEIGHT="53.0"></String>
          </TextLine>

          
          
          <TextLine ID="line_12"
                    
                    BASELINE="286 759 1519 756" 
                    HPOS="285.0"
                    VPOS="727.0"
                    WIDTH="1234.0"
                    HEIGHT="48.0">
            <Shape><Polygon POINTS="286 759 286 775 1518 771 1519 756 1515 727 285 729 286 759"/></Shape>
	    <String CONTENT="radez, reuniese valor, gallardía y juventud, aunque careciese de"
                    HPOS="285.0"
                    VPOS="727.0"
                    WIDTH="1234.0"
                    HEIGHT="48.0"></String>
          </TextLine>

          
          
          <TextLine ID="line_13"
                    
                    BASELINE="285 802 1515 800" 
                    HPOS="283.0"
                    VPOS="765.0"
                    WIDTH="1232.0"
                    HEIGHT="61.0">
            <Shape><Polygon POINTS="285 802 285 822 439 817 449 822 456 825 457 825 458 826 510 826 510 825 535 821 563 817 577 821 588 825 590 825 591 826 688 826 688 825 690 825 699 819 703 818 713 819 738 825 740 825 782 819 804 817 809 819 817 825 819 825 820 825 821 825 822 825 840 819 843 818 851 819 888 825 889 825 916 818 930 815 1043 815 1055 818 1080 823 1081 823 1083 823 1095 817 1100 815 1156 815 1168 817 1208 823 1209 823 1210 823 1212 823 1221 817 1223 817 1271 822 1272 822 1315 815 1322 815 1325 815 1342 823 1343 823 1344 823 1457 817 1474 823 1476 823 1477 823 1514 814 1515 800 1513 775 1460 765 1459 765 1296 773 1243 765 1242 765 1194 773 1138 765 1137 765 1101 773 1080 765 1079 765 980 765 979 765 978 765 976 765 963 775 962 775 895 776 712 776 708 775 680 767 679 767 678 767 634 775 629 775 624 775 592 767 591 767 590 767 566 775 562 776 402 776 398 775 373 767 372 767 370 767 283 773 285 802"/></Shape>
	    <String CONTENT="riquezas, para elegirlo por su esposo. Partieron aquellos en distin-"
                    HPOS="283.0"
                    VPOS="765.0"
                    WIDTH="1232.0"
                    HEIGHT="61.0"></String>
          </TextLine>

          
          
          <TextLine ID="line_14"
                    
                    BASELINE="287 846 1517 842" 
                    HPOS="286.0"
                    VPOS="815.0"
                    WIDTH="1231.0"
                    HEIGHT="53.0">
            <Shape><Polygon POINTS="287 846 289 868 310 861 1514 864 1517 842 1514 815 286 815 287 846"/></Shape>
	    <String CONTENT="tas direcciones á evacuar su cometido, y á su regreso dieron cono-"
                    HPOS="286.0"
                    VPOS="815.0"
                    WIDTH="1231.0"
                    HEIGHT="53.0"></String>
          </TextLine>

          
          
          <TextLine ID="line_15"
                    
                    BASELINE="285 893 1517 889" 
                    HPOS="283.0"
                    VPOS="852.0"
                    WIDTH="1234.0"
                    HEIGHT="62.0">
            <Shape><Polygon POINTS="285 893 285 905 657 914 658 914 702 906 721 913 723 913 724 913 755 906 847 913 849 913 891 905 1150 911 1151 911 1152 911 1154 911 1167 903 1185 911 1187 911 1188 913 1322 913 1322 911 1323 911 1344 905 1453 911 1455 911 1517 901 1517 889 1514 861 1461 852 1460 852 1369 860 1350 852 1348 852 1347 852 1346 852 1322 860 1206 852 1205 852 1204 852 1185 860 995 854 993 854 992 854 991 854 979 861 949 854 947 854 946 854 945 854 926 863 797 863 771 854 770 854 695 854 694 854 692 854 669 863 667 863 665 863 606 855 604 855 603 855 587 863 586 863 490 855 489 855 402 863 377 855 375 855 303 855 302 855 301 855 283 861 285 893"/></Shape>
	    <String CONTENT="cimiento á la emperatriz los emisarios de Alemanía, Nápoles y Ru-"
                    HPOS="283.0"
                    VPOS="852.0"
                    WIDTH="1234.0"
                    HEIGHT="62.0"></String>
          </TextLine>

          
          
          <TextLine ID="line_16"
                    
                    BASELINE="286 936 1515 932" 
                    HPOS="285.0"
                    VPOS="900.0"
                    WIDTH="1230.0"
                    HEIGHT="57.0">
            <Shape><Polygon POINTS="286 936 286 949 524 949 529 949 608 957 609 957 611 957 625 951 1005 956 1006 956 1008 956 1025 949 1047 956 1049 956 1050 956 1051 956 1066 949 1219 955 1221 955 1222 955 1250 947 1252 947 1255 947 1300 955 1301 955 1363 947 1367 947 1369 947 1452 955 1453 955 1514 946 1515 932 1513 907 1460 900 1459 900 1457 900 1430 907 1133 907 1083 900 1081 900 1080 900 1079 900 1067 907 1064 909 1020 909 1013 907 972 900 971 900 970 900 951 907 949 907 945 907 914 901 913 901 912 901 895 907 891 907 882 907 819 900 817 900 776 907 770 907 761 907 696 900 695 900 694 900 673 907 666 910 600 910 596 907 588 901 587 901 586 901 585 901 583 901 560 907 549 909 519 907 440 901 439 901 285 906 286 936"/></Shape>
	    <String CONTENT="sia de las muchas noblezas de príncipes, duques, condes y otros"
                    HPOS="285.0"
                    VPOS="900.0"
                    WIDTH="1230.0"
                    HEIGHT="57.0"></String>
          </TextLine>

          
          
          <TextLine ID="line_17"
                    
                    BASELINE="286 982 1514 977" 
                    HPOS="285.0"
                    VPOS="943.0"
                    WIDTH="1229.0"
                    HEIGHT="60.0">
            <Shape><Polygon POINTS="286 982 286 1003 336 997 561 1002 591 1002 592 1002 603 1002 674 995 1513 995 1514 977 1511 952 1301 952 1272 943 1271 943 1269 943 1268 943 1251 952 1120 952 1100 944 1099 944 1097 944 1096 944 1079 951 1053 944 1051 944 1050 944 1009 952 912 944 911 944 909 944 891 953 867 946 866 946 865 946 792 953 592 947 591 947 533 955 520 947 519 947 517 947 307 947 306 947 304 947 285 955 286 982"/></Shape>
	    <String CONTENT="grandes señores que por aquellas tierras habia; mas los mensaje-"
                    HPOS="285.0"
                    VPOS="943.0"
                    WIDTH="1229.0"
                    HEIGHT="60.0"></String>
          </TextLine>

          
          
          <TextLine ID="line_18"
                    
                    BASELINE="287 1024 1515 1022" 
                    HPOS="286.0"
                    VPOS="988.0"
                    WIDTH="1229.0"
                    HEIGHT="52.0">
            <Shape><Polygon POINTS="287 1024 287 1040 1514 1036 1515 1022 1513 997 1246 997 1246 995 1222 988 1221 988 1219 988 1218 988 1192 995 1191 995 1147 988 1146 988 1063 995 1059 995 1056 995 1016 988 1014 988 863 989 862 989 849 995 847 995 845 995 813 989 812 989 811 989 809 989 799 995 796 997 786 995 746 989 745 989 707 995 695 998 558 998 554 995 540 989 538 989 537 989 286 994 287 1024"/></Shape>
	    <String CONTENT="ros de Francia no quisieron hablar hasta que los demas concluye-"
                    HPOS="286.0"
                    VPOS="988.0"
                    WIDTH="1229.0"
                    HEIGHT="52.0"></String>
          </TextLine>

          
          
          <TextLine ID="line_19"
                    
                    BASELINE="285 1072 1514 1068" 
                    HPOS="283.0"
                    VPOS="1032.0"
                    WIDTH="1231.0"
                    HEIGHT="55.0">
            <Shape><Polygon POINTS="285 1072 285 1083 1485 1087 1486 1087 1488 1087 1514 1080 1514 1068 1511 1040 1143 1032 1142 1032 1085 1040 1076 1040 1074 1040 1058 1034 1056 1034 1055 1034 1054 1034 1038 1040 1035 1040 1028 1040 985 1034 984 1034 983 1034 959 1040 954 1040 930 1040 807 1034 805 1034 723 1040 691 1041 667 1040 621 1035 620 1035 573 1040 549 1041 540 1040 524 1035 523 1035 521 1035 491 1040 478 1041 470 1040 454 1035 453 1035 452 1035 283 1039 285 1072"/></Shape>
	    <String CONTENT="ran, los cuales dijeron: señora, cuanto estos señores han dicho, es"
                    HPOS="283.0"
                    VPOS="1032.0"
                    WIDTH="1231.0"
                    HEIGHT="55.0"></String>
          </TextLine>

          
          
          <TextLine ID="line_20"
                    
                    BASELINE="287 1114 1515 1114" 
                    HPOS="287.0"
                    VPOS="1082.0"
                    WIDTH="1228.0"
                    HEIGHT="49.0">
            <Shape><Polygon POINTS="287 1114 287 1131 1515 1127 1515 1114 1514 1082 287 1082 287 1114"/></Shape>
	    <String CONTENT="nada en comparacion de lo que nosotros con esquisitas diligencias"
                    HPOS="287.0"
                    VPOS="1082.0"
                    WIDTH="1228.0"
                    HEIGHT="49.0"></String>
          </TextLine>

          
          
          <TextLine ID="line_21"
                    
                    BASELINE="286 1160 1515 1156" 
                    HPOS="285.0"
                    VPOS="1120.0"
                    WIDTH="1230.0"
                    HEIGHT="57.0">
            <Shape><Polygon POINTS="286 1160 286 1173 1104 1177 1105 1177 1514 1169 1515 1156 1513 1128 1425 1120 1423 1120 1422 1120 1421 1120 1410 1128 1269 1128 1222 1120 1221 1120 1130 1127 1116 1120 1114 1120 1113 1120 1025 1128 733 1122 732 1122 674 1129 628 1123 627 1123 527 1129 348 1123 347 1123 285 1131 286 1160"/></Shape>
	    <String CONTENT="que practicamos hemos hallado en Francia, que es un doncel so-"
                    HPOS="285.0"
                    VPOS="1120.0"
                    WIDTH="1230.0"
                    HEIGHT="57.0"></String>
          </TextLine>

          
          
          <TextLine ID="line_22"
                    
                    BASELINE="289 1202 1515 1199" 
                    HPOS="287.0"
                    VPOS="1165.0"
                    WIDTH="1228.0"
                    HEIGHT="54.0">
            <Shape><Polygon POINTS="289 1202 289 1216 1513 1219 1515 1199 1513 1173 1375 1165 1373 1165 1372 1165 1371 1165 1360 1171 1359 1171 1294 1165 1293 1165 1198 1171 1191 1171 1184 1171 1122 1165 1121 1165 1005 1171 988 1171 983 1171 951 1165 950 1165 912 1171 896 1174 728 1174 717 1170 703 1166 702 1166 700 1166 661 1170 634 1173 624 1170 609 1166 608 1166 607 1166 556 1170 517 1173 499 1170 475 1166 474 1166 287 1169 289 1202"/></Shape>
	    <String CONTENT="brino del rey, sin poder enumerar tanta nobleza é hidalguía como"
                    HPOS="287.0"
                    VPOS="1165.0"
                    WIDTH="1228.0"
                    HEIGHT="54.0"></String>
          </TextLine>

          
          
          <TextLine ID="line_23"
                    
                    BASELINE="289 1248 1515 1248" 
                    HPOS="289.0"
                    VPOS="1212.0"
                    WIDTH="1226.0"
                    HEIGHT="54.0">
            <Shape><Polygon POINTS="289 1248 289 1263 1514 1266 1515 1248 1514 1217 1156 1219 1113 1215 1079 1212 1077 1212 1042 1215 993 1219 972 1215 959 1212 958 1212 957 1212 951 1215 943 1219 893 1215 868 1212 867 1212 866 1212 859 1214 845 1219 801 1214 784 1212 783 1212 759 1214 691 1219 669 1214 663 1212 662 1212 661 1212 654 1214 629 1219 608 1214 604 1212 603 1212 602 1212 561 1212 333 1219 289 1212 289 1248"/></Shape>
	    <String CONTENT="le adornan, por ser descendiente de los godos; es varon de veinte"
                    HPOS="289.0"
                    VPOS="1212.0"
                    WIDTH="1226.0"
                    HEIGHT="54.0"></String>
          </TextLine>

          
          
          <TextLine ID="line_24"
                    
                    BASELINE="286 1292 1514 1290" 
                    HPOS="285.0"
                    VPOS="1256.0"
                    WIDTH="1229.0"
                    HEIGHT="50.0">
            <Shape><Polygon POINTS="286 1292 286 1306 1513 1303 1514 1290 1510 1261 1304 1262 1292 1261 1250 1256 1248 1256 1247 1256 1235 1261 1233 1263 1039 1263 1035 1262 958 1256 957 1256 955 1256 938 1262 900 1256 899 1256 897 1256 868 1263 865 1263 847 1263 698 1257 696 1257 598 1263 550 1257 549 1257 462 1263 441 1257 440 1257 439 1257 379 1263 304 1257 303 1257 302 1257 285 1263 286 1292"/></Shape>
	    <String CONTENT="años, y su cuerpo manifiesta más edad; su presencia es muy ga-"
                    HPOS="285.0"
                    VPOS="1256.0"
                    WIDTH="1229.0"
                    HEIGHT="50.0"></String>
          </TextLine>

          
          
          <TextLine ID="line_25"
                    
                    BASELINE="286 1337 1515 1337" 
                    HPOS="286.0"
                    VPOS="1302.0"
                    WIDTH="1229.0"
                    HEIGHT="55.0">
            <Shape><Polygon POINTS="286 1337 286 1349 327 1357 328 1357 386 1350 399 1357 400 1357 402 1357 528 1350 608 1357 609 1357 611 1357 638 1350 738 1357 740 1357 796 1350 1460 1357 1461 1357 1515 1349 1515 1337 1514 1302 1460 1308 1301 1302 1300 1302 1201 1308 1164 1302 1163 1302 1162 1302 1160 1302 1150 1309 1003 1309 970 1302 968 1302 967 1302 953 1309 855 1309 791 1302 790 1302 745 1308 719 1302 717 1302 716 1302 715 1302 713 1302 703 1309 640 1309 600 1302 599 1302 598 1302 581 1309 470 1309 429 1302 428 1302 393 1308 377 1302 375 1302 286 1302 286 1337"/></Shape>
	    <String CONTENT="llarda, hermoso de rostro, franco en su porte, buen caballero, de"
                    HPOS="286.0"
                    VPOS="1302.0"
                    WIDTH="1229.0"
                    HEIGHT="55.0"></String>
          </TextLine>

          
          
          <TextLine ID="line_26"
                    
                    BASELINE="283 1382 1517 1379" 
                    HPOS="282.0"
                    VPOS="1345.0"
                    WIDTH="1235.0"
                    HEIGHT="50.0">
            <Shape><Polygon POINTS="283 1382 283 1395 1515 1392 1517 1379 1513 1345 1452 1351 1317 1345 1313 1345 1311 1345 1310 1345 1309 1345 1298 1353 1112 1353 1096 1345 1095 1345 1093 1345 1085 1345 951 1351 909 1345 905 1345 904 1345 903 1345 901 1345 879 1353 858 1346 857 1346 855 1346 854 1346 826 1353 439 1346 437 1346 403 1353 389 1346 387 1346 282 1346 283 1382"/></Shape>
	    <String CONTENT="mucha fuerza y valor sobre cuantos se conocen en su tierra, sin"
                    HPOS="282.0"
                    VPOS="1345.0"
                    WIDTH="1235.0"
                    HEIGHT="50.0"></String>
          </TextLine>

          
          
          <TextLine ID="line_27"
                    
                    BASELINE="286 1425 1514 1422" 
                    HPOS="285.0"
                    VPOS="1387.0"
                    WIDTH="1229.0"
                    HEIGHT="60.0">
            <Shape><Polygon POINTS="286 1425 286 1441 537 1446 538 1446 612 1442 677 1440 683 1442 690 1446 691 1446 692 1447 787 1447 787 1446 788 1446 796 1443 807 1440 924 1443 971 1445 972 1445 984 1443 1026 1438 1104 1443 1120 1445 1121 1445 1130 1445 1184 1438 1333 1445 1344 1445 1346 1445 1347 1445 1369 1438 1511 1445 1514 1422 1511 1396 1375 1396 1356 1387 1355 1387 1354 1387 1314 1396 1208 1396 1184 1387 1183 1387 1181 1387 1180 1387 1179 1387 1166 1396 1113 1396 1089 1387 1088 1387 1087 1387 1085 1387 1066 1395 1045 1387 1043 1387 916 1387 914 1387 859 1397 720 1397 679 1388 678 1388 677 1388 659 1396 599 1390 598 1390 558 1396 545 1388 544 1388 542 1388 541 1388 507 1395 482 1388 481 1388 479 1388 478 1388 448 1396 424 1388 423 1388 320 1388 319 1388 318 1388 285 1397 286 1425"/></Shape>
	    <String CONTENT="advertírsele jamás ningun pesar ni tristeza, antes por el contra-"
                    HPOS="285.0"
                    VPOS="1387.0"
                    WIDTH="1229.0"
                    HEIGHT="60.0"></String>
          </TextLine>

          
          
          <TextLine ID="line_28"
                    
                    BASELINE="285 1471 1517 1468" 
                    HPOS="283.0"
                    VPOS="1432.0"
                    WIDTH="1234.0"
                    HEIGHT="56.0">
            <Shape><Polygon POINTS="285 1471 285 1484 1514 1488 1517 1468 1514 1440 1480 1432 1478 1432 1477 1432 1460 1438 1425 1432 1423 1432 1327 1438 1326 1438 1210 1432 1209 1432 1208 1432 1191 1438 1154 1432 1152 1432 1113 1438 1112 1438 1099 1432 1097 1432 1096 1432 1012 1438 1008 1438 1003 1438 936 1432 934 1432 903 1438 895 1440 882 1438 836 1433 834 1433 800 1438 788 1441 684 1441 680 1438 670 1433 669 1433 667 1433 640 1438 628 1440 617 1438 588 1433 587 1433 563 1438 553 1440 283 1438 285 1471"/></Shape>
	    <String CONTENT="rio, siempre placentero y alegre. Informada la emperatriz de la"
                    HPOS="283.0"
                    VPOS="1432.0"
                    WIDTH="1234.0"
                    HEIGHT="56.0"></String>
          </TextLine>

          
          
          <TextLine ID="line_29"
                    
                    BASELINE="285 1516 1515 1512" 
                    HPOS="283.0"
                    VPOS="1478.0"
                    WIDTH="1232.0"
                    HEIGHT="52.0">
            <Shape><Polygon POINTS="285 1516 285 1530 1514 1529 1515 1512 1511 1483 1382 1484 1375 1483 1351 1478 1350 1478 1309 1483 1300 1484 1293 1483 1262 1478 1260 1478 1259 1478 1244 1484 1243 1484 1242 1484 1233 1478 1231 1478 1230 1478 1156 1478 1155 1478 1112 1484 1101 1486 1067 1484 926 1479 925 1479 924 1479 911 1486 909 1487 794 1487 794 1486 753 1479 751 1479 750 1479 728 1486 704 1479 703 1479 702 1479 700 1479 674 1487 671 1487 657 1487 500 1480 499 1480 433 1487 365 1480 364 1480 283 1488 285 1516"/></Shape>
	    <String CONTENT="residencia de dicho caballero, se aderezó muy bien de gala, man-"
                    HPOS="283.0"
                    VPOS="1478.0"
                    WIDTH="1232.0"
                    HEIGHT="52.0"></String>
          </TextLine>

          
          
          <TextLine ID="line_30"
                    
                    BASELINE="283 1559 1515 1556" 
                    HPOS="282.0"
                    VPOS="1521.0"
                    WIDTH="1233.0"
                    HEIGHT="53.0">
            <Shape><Polygon POINTS="283 1559 283 1574 1514 1571 1515 1556 1513 1530 1308 1530 1306 1529 1290 1521 1289 1521 1288 1521 1287 1521 1262 1529 1259 1530 1191 1530 1188 1529 1173 1521 1172 1521 1171 1521 1170 1521 1151 1529 1148 1529 1145 1529 1105 1521 1104 1521 1031 1528 1016 1529 997 1528 909 1521 908 1521 907 1521 905 1521 896 1528 891 1531 832 1531 825 1528 815 1522 813 1522 812 1522 766 1528 736 1530 719 1528 694 1522 692 1522 669 1526 650 1530 631 1526 604 1522 603 1522 569 1526 538 1530 508 1526 478 1522 477 1522 456 1526 435 1530 408 1526 385 1522 383 1522 282 1525 283 1559"/></Shape>
	    <String CONTENT="dando preparar la mejor nave que tenia; é hizo descender una nu-"
                    HPOS="282.0"
                    VPOS="1521.0"
                    WIDTH="1233.0"
                    HEIGHT="53.0"></String>
          </TextLine>

          
          
          <TextLine ID="line_31"
                    
                    BASELINE="286 1602 1515 1600" 
                    HPOS="285.0"
                    VPOS="1566.0"
                    WIDTH="1230.0"
                    HEIGHT="54.0">
            <Shape><Polygon POINTS="286 1602 286 1620 1514 1616 1515 1600 1513 1574 1364 1566 1363 1566 1361 1566 1342 1572 1340 1572 1331 1572 1237 1566 1235 1566 1234 1566 1233 1566 1225 1572 1222 1574 1129 1574 1121 1571 1093 1566 1092 1566 1091 1566 1070 1571 1063 1572 1055 1571 1028 1566 1026 1566 958 1571 929 1572 921 1571 904 1566 903 1566 901 1566 900 1566 884 1570 871 1574 285 1568 286 1602"/></Shape>
	    <String CONTENT="be, subió en ella llevando consigo la nave por encantamiento, cuyo"
                    HPOS="285.0"
                    VPOS="1566.0"
                    WIDTH="1230.0"
                    HEIGHT="54.0"></String>
          </TextLine>

          
          
          <TextLine ID="line_32"
                    
                    BASELINE="285 1647 1515 1644" 
                    HPOS="283.0"
                    VPOS="1610.0"
                    WIDTH="1232.0"
                    HEIGHT="52.0">
            <Shape><Polygon POINTS="285 1647 285 1662 1514 1659 1515 1644 1513 1618 900 1610 899 1610 897 1610 872 1618 846 1612 845 1612 843 1612 811 1618 765 1612 763 1612 671 1618 527 1612 525 1612 478 1618 377 1612 375 1612 283 1620 285 1647"/></Shape>
	    <String CONTENT="estudio y enseñanza habia adquirido con otras muchas cosas se-"
                    HPOS="283.0"
                    VPOS="1610.0"
                    WIDTH="1232.0"
                    HEIGHT="52.0"></String>
          </TextLine>

          
          
          <TextLine ID="line_33"
                    
                    BASELINE="285 1692 1515 1692" 
                    HPOS="285.0"
                    VPOS="1656.0"
                    WIDTH="1230.0"
                    HEIGHT="55.0">
            <Shape><Polygon POINTS="285 1692 285 1705 1513 1711 1515 1692 1514 1664 1389 1664 1389 1663 1375 1656 1373 1656 1372 1656 1371 1656 1354 1663 1289 1656 1288 1656 1244 1663 1243 1663 1242 1663 1180 1656 1179 1656 285 1662 285 1692"/></Shape>
	    <String CONTENT="cretas de una aya que tuvo despues de la infidencia de su esposo."
                    HPOS="285.0"
                    VPOS="1656.0"
                    WIDTH="1230.0"
                    HEIGHT="55.0"></String>
          </TextLine>

          
          
          <TextLine ID="line_34"
                    
                    BASELINE="286 1738 1515 1734" 
                    HPOS="285.0"
                    VPOS="1697.0"
                    WIDTH="1230.0"
                    HEIGHT="55.0">
            <Shape><Polygon POINTS="286 1738 286 1751 1513 1752 1515 1734 1513 1706 1315 1706 1314 1705 1302 1697 1301 1697 1300 1697 1196 1697 1194 1697 1160 1704 1155 1705 1152 1704 1139 1697 1138 1697 1137 1697 1095 1704 1077 1706 1060 1704 1026 1698 1025 1698 991 1704 970 1706 928 1704 868 1698 867 1698 832 1702 803 1706 786 1702 769 1698 767 1698 766 1698 734 1702 694 1708 677 1702 669 1700 667 1700 666 1700 665 1700 658 1702 644 1708 616 1702 604 1700 603 1700 602 1700 595 1702 578 1706 557 1701 546 1700 545 1700 544 1700 542 1700 540 1701 531 1708 504 1701 495 1700 494 1700 285 1700 286 1738"/></Shape>
	    <String CONTENT="Llegó frente de la sierra de Ardeña, dejando la nave fondeada en"
                    HPOS="285.0"
                    VPOS="1697.0"
                    WIDTH="1230.0"
                    HEIGHT="55.0"></String>
          </TextLine>

          
          
          <TextLine ID="line_35"
                    
                    BASELINE="286 1781 1518 1779" 
                    HPOS="285.0"
                    VPOS="1743.0"
                    WIDTH="1233.0"
                    HEIGHT="55.0">
            <Shape><Polygon POINTS="286 1781 286 1794 1515 1798 1518 1779 1514 1744 1321 1750 1302 1746 1293 1743 1292 1743 1290 1743 1289 1743 1279 1746 1262 1750 1251 1746 1244 1743 1243 1743 1046 1743 1045 1743 1025 1747 1013 1750 995 1747 959 1743 958 1743 957 1743 945 1748 939 1750 916 1748 863 1744 862 1744 861 1744 859 1744 853 1748 847 1752 758 1752 742 1750 699 1744 698 1744 696 1744 679 1750 675 1752 538 1752 536 1751 506 1744 504 1744 503 1744 502 1744 492 1751 491 1751 415 1746 414 1746 285 1752 286 1781"/></Shape>
	    <String CONTENT="una ensenada, y partió para el castillo de Bles, donde el conde"
                    HPOS="285.0"
                    VPOS="1743.0"
                    WIDTH="1233.0"
                    HEIGHT="55.0"></String>
          </TextLine>

          
          
          <TextLine ID="line_36"
                    
                    BASELINE="285 1827 1518 1823" 
                    HPOS="283.0"
                    VPOS="1786.0"
                    WIDTH="1235.0"
                    HEIGHT="56.0">
            <Shape><Polygon POINTS="285 1827 285 1839 1517 1842 1518 1823 1514 1789 1413 1793 1404 1789 1401 1786 1400 1786 1398 1786 1397 1786 1385 1789 1363 1793 1310 1789 1280 1786 1279 1786 1277 1786 1271 1789 1258 1793 1229 1789 1212 1786 1210 1786 1194 1789 1168 1793 1145 1789 1130 1786 1129 1786 1110 1789 1072 1796 913 1796 896 1789 891 1788 889 1788 888 1788 874 1789 828 1794 779 1789 762 1788 761 1788 751 1789 726 1794 708 1789 703 1788 702 1788 700 1788 699 1788 698 1788 696 1789 684 1796 283 1790 285 1827"/></Shape>
	    <String CONTENT="Partinoples habitaba; á su llegada encontró al rey de Francia y al"
                    HPOS="283.0"
                    VPOS="1786.0"
                    WIDTH="1235.0"
                    HEIGHT="56.0"></String>
          </TextLine>

          
          
          <TextLine ID="line_37"
                    
                    BASELINE="283 1870 1515 1865" 
                    HPOS="282.0"
                    VPOS="1832.0"
                    WIDTH="1233.0"
                    HEIGHT="60.0">
            <Shape><Polygon POINTS="283 1870 283 1885 489 1892 490 1892 694 1884 715 1884 723 1884 792 1890 794 1890 865 1884 897 1890 899 1890 900 1890 916 1882 917 1882 945 1882 1113 1889 1114 1889 1116 1889 1142 1882 1143 1882 1151 1882 1396 1888 1397 1888 1398 1888 1414 1881 1514 1881 1515 1865 1513 1838 1204 1832 1202 1832 1175 1839 1172 1839 1171 1839 1158 1832 1156 1832 1155 1832 1125 1839 1122 1839 1113 1832 1112 1832 1110 1832 997 1832 996 1832 964 1839 962 1839 794 1834 792 1834 730 1840 728 1840 719 1834 717 1834 716 1834 602 1834 600 1834 599 1834 583 1842 582 1842 581 1842 562 1835 561 1835 560 1835 433 1842 428 1842 423 1842 304 1835 303 1835 302 1835 282 1840 283 1870"/></Shape>
	    <String CONTENT="conde, jugando al ajedrez. Púsose á mirar al conde muy á su sa-"
                    HPOS="282.0"
                    VPOS="1832.0"
                    WIDTH="1233.0"
                    HEIGHT="60.0"></String>
          </TextLine>

          
          
          <TextLine ID="line_38"
                    
                    BASELINE="285 1913 1513 1910" 
                    HPOS="283.0"
                    VPOS="1878.0"
                    WIDTH="1230.0"
                    HEIGHT="54.0">
            <Shape><Polygon POINTS="285 1913 285 1928 1510 1932 1513 1910 1510 1881 283 1878 285 1913"/></Shape>
	    <String CONTENT="tisfaccion, sin que nadie pudiese notarla, y le pareció tan bien,"
                    HPOS="283.0"
                    VPOS="1878.0"
                    WIDTH="1230.0"
                    HEIGHT="54.0"></String>
          </TextLine>

          
          
          <TextLine ID="line_39"
                    
                    BASELINE="283 1959 1513 1953" 
                    HPOS="282.0"
                    VPOS="1920.0"
                    WIDTH="1231.0"
                    HEIGHT="61.0">
            <Shape><Polygon POINTS="283 1959 283 1973 565 1981 566 1981 567 1981 591 1973 602 1973 878 1980 879 1980 880 1980 896 1972 897 1972 900 1972 936 1978 937 1978 1010 1972 1013 1972 1018 1972 1201 1978 1202 1978 1513 1969 1513 1953 1510 1927 1369 1920 1368 1920 1336 1927 1319 1920 1318 1920 1317 1920 1315 1920 1292 1927 1244 1920 1243 1920 1206 1928 1202 1928 1194 1928 1127 1922 1126 1922 1125 1922 1112 1928 1110 1930 1020 1930 1006 1930 995 1922 993 1922 992 1922 991 1922 943 1930 891 1930 842 1930 828 1923 826 1923 825 1923 824 1923 803 1930 803 1931 774 1931 638 1931 619 1923 617 1923 616 1923 282 1932 283 1959"/></Shape>
	    <String CONTENT="que desde luego se propuso ganar su corazon por voluntad, ó"
                    HPOS="282.0"
                    VPOS="1920.0"
                    WIDTH="1231.0"
                    HEIGHT="61.0"></String>
          </TextLine>

          
          
          <TextLine ID="line_40"
                    
                    BASELINE="283 2002 1244 1999" 
                    HPOS="282.0"
                    VPOS="1964.0"
                    WIDTH="962.0"
                    HEIGHT="68.0">
            <Shape><Polygon POINTS="283 2002 283 2029 348 2024 360 2029 364 2031 365 2031 366 2032 520 2032 520 2031 521 2031 523 2031 528 2027 533 2023 560 2027 595 2031 596 2031 598 2031 599 2031 606 2026 613 2020 652 2026 678 2028 679 2028 680 2028 682 2028 686 2024 691 2019 765 2019 795 2023 830 2028 832 2028 833 2028 847 2023 853 2020 858 2023 874 2029 875 2029 876 2029 933 2022 951 2019 1101 2019 1105 2019 1167 2029 1168 2029 1170 2029 1171 2029 1185 2018 1244 2016 1244 1999 1242 1973 1150 1964 1148 1964 1147 1964 1116 1972 1113 1972 1108 1972 1058 1965 1056 1965 1055 1965 1054 1965 1046 1972 1045 1973 917 1973 912 1970 897 1964 896 1964 895 1964 893 1964 872 1970 866 1972 861 1970 846 1964 845 1964 843 1964 842 1964 841 1964 834 1969 832 1973 761 1974 721 1974 713 1969 708 1965 707 1965 705 1965 704 1965 684 1969 659 1973 642 1968 631 1965 629 1965 574 1965 573 1965 571 1965 570 1965 567 1968 562 1973 549 1968 542 1965 541 1965 540 1965 514 1968 470 1972 458 1966 453 1965 452 1965 450 1965 449 1965 443 1966 419 1973 282 1966 283 2002"/></Shape>
	    <String CONTENT="bien por la habilidad de su arte de encantamiento."
                    HPOS="282.0"
                    VPOS="1964.0"
                    WIDTH="962.0"
                    HEIGHT="68.0"></String>
          </TextLine>

          
        </TextBlock>
        

        
      </PrintSpace>
    </Page>
  </Layout>
</alto>
