1716 2403
851.0 136.0 150.0 60.0 — 24 —

279.0 196.0 1235.0 64.0 el buque se aproximó á tierra, y tanto qué se oyó relinchar un ca-

281.0 245.0 1234.0 56.0 ballo. Preguntó Oriana al capitan, qué tierra era aquella; y él la

277.0 289.0 1238.0 58.0 contestó: señora, estas montañas que veis se llaman las sierras de

281.0 332.0 1236.0 59.0 Ardeña, las mas desiertas y áridas de la Francia: entonces Oriana

281.0 376.0 1233.0 60.0 le dijo que echase la lancha al agua, porque deseaba saltar en tier-

279.0 423.0 1235.0 58.0 ra: el capitan le manifestó era tierra de muchas fieras, y seria

277.0 467.0 1241.0 60.0 exponerse mucho; mas insistió en ello aquella heroina, y el capi-

280.0 511.0 1233.0 57.0 tan tuvo que ceder, dando fondo y echando un esquife al agua, en

277.0 555.0 1238.0 57.0 el cual se embarcó la intrépida Oriana precedida del capitan, su tri-

277.0 604.0 1237.0 52.0 pulacion, y la graciosa Pérsides: llegaron á tierra, y se internaron

276.0 644.0 1235.0 58.0 en el bosque, donde hallaron las huellas de un caballo: el capitan

277.0 696.0 1234.0 50.0 dijo entonoes á Oriana: señora, ¿quereis que sigamos el rastro de

277.0 732.0 1234.0 58.0 estas pisadas que parecen estar teñidas de sangre? á lo que con-

280.0 782.0 1233.0 51.0 testó ésta: sí, veamos dónde van á parar. Siguieron, en efecto, los

275.0 822.0 1236.0 60.0 referidos rastros de la sangre, hasta llegar á una fuente, en la que

275.0 867.0 1238.0 58.0 encontraron un leon muerto con un pedazo de carne en la boca que

277.0 910.0 1234.0 59.0 parecia ser de caballo. Todos quedaron dudosos sobre lo que le po-

277.0 954.0 1233.0 61.0 dia haber sucedido á aquel animal, y el capitan dijo: esto debe

276.0 999.0 1229.0 60.0 haber sido que el leon habrá querido devorar algun caballo, y

276.0 1043.0 1234.0 62.0 como el animal se sintiera herido, le daria un par de coces deján-

276.0 1097.0 1234.0 49.0 dole muerto: en efecto, así era, pues observaron que el leon estaba

276.0 1133.0 1233.0 59.0 herido en la frente y roto el cráneo. El capitan dijo á Oriana que

277.0 1180.0 1229.0 52.0 se quedase allí con su doncella en el ínterin que ellos se dirigian

275.0 1222.0 1230.0 60.0 en busca del caballo que no debia estar muy lejos de aquel sitio,

275.0 1268.0 1231.0 58.0 como así lo hicieron. Estando las dos entretenidas en la contem-

276.0 1314.0 1230.0 59.0 placion de la aspereza de aquellas sierras, obsérvaron un bulto de

276.0 1357.0 1229.0 54.0 una forma horrible que salia de una cueva. Oriana preguntó á

276.0 1401.0 1230.0 60.0 su doncella sobrecogida de miedo: ¿qué clase de animal era aquel

276.0 1451.0 1227.0 52.0 que se dirige hácia ellas? á lo que contestó el mónstruo mismo:

275.0 1492.0 1228.0 60.0 soy un desdichado; á lo cual enmudeció Oriana; pero conociendo

276.0 1536.0 1222.0 59.0 ser persona humana y parecida su voz á la del conde Partinoples,

275.0 1579.0 1231.0 55.0 se imaginó que por lo acontecido con la emperatriz habria perdi-

275.0 1627.0 1230.0 51.0 do el juicio, no dudó ya de que fuese él mismo quien le habia ha-

277.0 1668.0 1228.0 62.0 blado y veia de aquella suerte; y así es, de que con la mayor ama-

279.0 1715.0 1228.0 60.0 bilidad le dijo: amigo, dime quién eres, no te me niegues, pues

277.0 1760.0 1228.0 59.0 me será bastante sensible, y para mas obligarte has de saber que

279.0 1804.0 1224.0 55.0 yo mo llamo Oriana, [d]ama de una emperatriz, y vengo en busca

276.0 1847.0 1230.0 55.0 de un caballero francés para darle una buena noticia. Entonces el

276.0 1893.0 1222.0 53.0 incógnito la dijo se explicase con mas franqueza; lo que ella hizo,

276.0 1937.0 1230.0 56.0 declarándole todo cuanto le habia dicho la emperatriz en favor del

273.0 1978.0 1229.0 61.0 conde Partinoples. Al oir esto, exclamó: ¿dónde está esa mujer mag-

275.0 2025.0 1227.0 70.0 nánima, que quiero verla y pedirle perdon del agravio que la hice?
