1715 2411
752.0 128.0 185.0 67.0 —17—

209.0 187.0 1239.0 71.0 cederia lo mismo al sobrino de su rey, sufriendo igual suerte

213.0 246.0 1234.0 58.0 que el conde de Mars. Regresaron los mensajeros á París con

210.0 287.0 1238.0 57.0 esta embajada, y el pueblo se amotinó contra los moros. En vista

209.0 332.0 1238.0 60.0 de esto mandó el rey publicar un bando, por el que se prohibia bajo

211.0 377.0 1238.0 56.0 pena de la vida, que nadie fuese osado de hacer el menor daño á

210.0 423.0 1234.0 57.0 los moros prisioneros; volvieron de nuevo, con acuerdo del rey

214.0 467.0 1231.0 60.0 Lisuarte, á enviar los mensajeros á los jefes del real, diciéndolés

209.0 517.0 1234.0 53.0 de que viviesen seguros de que su soberano, ni ninguno de los

209.0 558.0 1235.0 54.0 demás moros prisioneros no recibirian el más leve daño, y que

207.0 600.0 1234.0 57.0 dispusiesen el regreso del conde á París, sin ningun recelo.  Los

209.0 645.0 1234.0 58.0 enviados fueron presentados al conde, dándole cuenta del motivo

206.0 689.0 1230.0 61.0 de aquella embajada, y se mandaron disponer algunos caballos,

209.0 734.0 1229.0 57.0 sacándolo de su encierro y tomaron el camino para la ciudad,

207.0 778.0 1230.0 60.0 donde los dos reyes salieron á recibirlo acompañado de muchos

204.0 823.0 1236.0 52.0 caballeros. A su llegada fué el conde á ponerse á los piés de su tio

213.0 867.0 1227.0 57.0 y besarle la mano. El rey Lisuarte abrazó al que habia sido su

207.0 910.0 1231.0 62.0 rival, y le dijo: ¡Oh, caballero valiente y esforzado! ¡cuán bien

207.0 956.0 1231.0 60.0 puedo decir que no hay otro que os iguale! Entraron en la ciudad

204.0 999.0 1232.0 56.0 asidos ambos campeones hecho amigos, acreditando de esta mane-

206.0 1046.0 1228.0 51.0 ra el conde sus excelentes virtudes y caballerosidad á la faz del

206.0 1090.0 1230.0 52.0 inmenso público que le victoreaba sin cesar hasta su llegada al

207.0 1135.0 1227.0 58.0 palacio, donde declaró á presencia de los caballeros que el rey Li-

207.0 1178.0 1226.0 56.0 suarte á quien habia vencido en el campo del honor, quedaba

203.0 1228.0 1230.0 55.0 relevado de la condicion bajo la cual pelearon, pero que debia de

204.0 1268.0 1222.0 54.0 abandonar la Francia, dejando á su legítimo soberano dueño y

203.0 1312.0 1231.0 60.0 señor de ella, en quieta y pacífica posesion. Así prometió hacer-

203.0 1356.0 1230.0 62.0 lo bajo su palabra de honor, y lo ejecutó, retirándose al dia si-

203.0 1402.0 1231.0 57.0 guiente con todo el ejército. De esta manera terminó el ruidoso

204.0 1446.0 1226.0 56.0 asunto del desafío, y con él la guerra que amenazaba á la Fran-

203.0 1492.0 678.0 63.0 cia con muy fatales consecuencias.

324.0 2077.0 253.0 68.0 PARTINOPLES.

1202.0 2073.0 84.0 94.0 3
