1701 2389
821.0 135.0 164.0 60.0 — 28—

273.0 204.0 1226.0 54.0 qué se pudo hacer de él; á su inmediacion se hallaban los reyes

273.0 244.0 1228.0 61.0 que debian decidir de la suerte de la emperatriz y del caballero

277.0 290.0 1175.0 56.0 afortunado que por armas la ganase en los tres dias de torneo.

339.0 331.0 1162.0 57.0 Se mandó por los reyes pudiesen tornear todos los caballeros

280.0 379.0 1220.0 58.0 turcos, moros, cristianos y demás que quisiesen, sin escepcion de

278.0 422.0 1221.0 61.0 naciones; mas entre ellos tuvieron disputas sobre la bizarría del

274.0 465.0 1221.0 59.0 caballero de la divisa azul, y la valentía del soldan de Persia, que,

276.0 517.0 1221.0 49.0 en efecto, sabian que era muy valiente; pero esta cuestion cesó

270.0 554.0 1226.0 63.0 tan luego como hicieron la señal de dar principio al torneo to-

277.0 601.0 345.0 55.0 cando los clarines.

341.0 647.0 1156.0 56.0 El conde, como se ha dicho, se andaba paseando por delante

273.0 687.0 1222.0 61.0 del palco real, y observando debajo de él un apuesto caballero ar-

274.0 739.0 1218.0 54.0 mado de muy lucidas armas, acompañado de un grande séquito;

276.0 783.0 1216.0 55.0 preguntó á Guadin si sabia quién era aquel personaje, y este le

276.0 822.0 1212.0 59.0 contestó que el soldan de Persia, hombre esforzado y valiente,

274.0 865.0 1219.0 61.0 bien conocido por sos hazañas. El conde le respondió: me parece

276.0 919.0 1216.0 52.0 que en mal sitio se ha colocado: y en seguida se separó de Guadin

277.0 952.0 1212.0 61.0 y se fué para el soldan de Persia: este, apenas le vió delante de sí

277.0 998.0 1210.0 61.0 y en ademan de desafiarlo, salió de entre los suyos, en cuyo acto

273.0 1043.0 1214.0 59.0 fué Guadin al conde y le dijo disimuladamente: muy poderoso es

272.0 1092.0 1212.0 56.0 el soldan, andad con cuidado; pues si por desgracia lo pasara mal,

276.0 1133.0 1211.0 58.0 vendrán en su ayuda los demas parciales suyos: el conde le

273.0 1185.0 1214.0 50.0 contestó: si Dios me quiere ayudar no he menester otra ayu-

272.0 1225.0 1215.0 54.0 da. En esto salió el soldan y se vino para el conde, y ambos se die-

272.0 1267.0 1212.0 58.0 ron tan terrible encuentro que las lanzas volaron echas pedazos:

269.0 1312.0 1216.0 57.0 en seguida metieron mano á las espadas con las que se daban tan

266.0 1353.0 1219.0 61.0 recios golpes que hacian salir chispas de los yelmos: tan diestro

270.0 1398.0 1215.0 60.0 y ligero andaba el conde, que apenas le daba lugar al soldan para

266.0 1446.0 1218.0 53.0 alzar el brazo; en esto, dijo uno de los reyes á otro: mirad qué bien

264.0 1485.0 1219.0 62.0 se bate este caballero del penacho azul: á cuyo tiempo, no pudién-

264.0 1530.0 1217.0 58.0 dolo ya resistir el soldan, volvió las riendas al caballo y el conde

264.0 1575.0 1217.0 61.0 lo siguió hasta que le hizo meterse entre los suyos. Todos los ca-

265.0 1619.0 1214.0 59.0 balleros dijeron: si conforme ha principiado este campeon, con-

264.0 1664.0 1219.0 57.0 cluye el último dia, sin duda que es el hombre más valiente del

264.0 1706.0 1217.0 61.0 mundo. Al aproximarse el conde á los favoritos del soldan, salie-

262.0 1751.0 1221.0 60.0 ron estos y le cercaron dándole varios golpes, pero al que llegaba

261.0 1797.0 1220.0 59.0 á alcanzar el conde le hacia rodar por tierra; lo que visto por Gua-

260.0 1839.0 1221.0 61.0 din se puso el yelmo en la cabeza, y con la lanza en la mano se

261.0 1885.0 1220.0 60.0 dirigió hácia sus contrarios, é hizo tales proezas en ellos que hu-

261.0 1927.0 1219.0 55.0 yeron despavoridos. Retiráronse á su primer puesto, y habiendo

262.0 1972.0 1219.0 59.0 sido armado de nuevo el conde con una gruesa lanza, salió al frente

258.0 2016.0 1223.0 81.0 otra vez para aguardar caballero que quisiese batirse; por lo cual
