1729 2352
824.0 159.0 145.0 56.0 — 6 —

271.0 226.0 1231.0 61.0 aquello que observaba, ó si iba conducido por algunos genios in-

269.0 267.0 177.0 58.0 fernales.

339.0 307.0 1162.0 60.0 Tres dias con sus noches andubo de esta suerte sin tomar ali-

267.0 358.0 1231.0 53.0 mento alguno, y alzando los ojos al cielo imploraba su ayuda y fa-

271.0 405.0 1227.0 53.0 vor diciendo algunas veces: ¡desventurado de mí, y en qué ma-

266.0 446.0 1234.0 54.0 la hora me metí en el mar! Si me hallara en tierra podia buscar

269.0 496.0 1229.0 50.0 algun asilo, más aquí no observo otra cosa que cielo y agua. Así

266.0 535.0 1229.0 60.0 se quejaba el desdichado conde, de modo que su desconsuelo po-

265.0 581.0 1226.0 56.0 dia ablandar el corazon más empedernido. Pasados los tres dias,

265.0 625.0 1231.0 59.0 apareció el tiempo sereno y la tierra inmediata, en la que vió

269.0 672.0 1227.0 55.0 un hermoso castillo blanco como una paloma el cual pertenecía

265.0 717.0 1227.0 56.0 á la emperatriz. Este castillo era el de Cabezadoire, formado en

267.0 760.0 1226.0 59.0 una isla bastante amena y deliciosa, á la cual se podia arribar de

263.0 802.0 1230.0 55.0 todas partes; luego que el conde la descubrió, hincóse humilde-

263.0 846.0 1230.0 56.0 mente de rodillas, suplicando á Dios le permitiese saltar en tier-

263.0 892.0 1228.0 60.0 ra: en efecto, la nave dió fondo en la bahía, y observó que le to-

263.0 942.0 1228.0 54.0 maban por la mano en señal de que se embarcase en la lanchita

262.0 981.0 1225.0 61.0 pequeña, la cual le condujo á tierra; pero era tal su debilidad,

262.0 1027.0 1226.0 60.0 que apenas podia dar un paso por el grande desfallecimiento que

260.0 1070.0 1228.0 56.0 sentia: miraba á todas partes por si descubria alguna persona á

258.0 1123.0 1230.0 53.0 quien poder preguntar, pero no vió ni advirtió cosa que le diese

261.0 1160.0 1226.0 59.0 indicio de estar habitado aquel terreno. Mucho se admiró de ver

258.0 1204.0 1227.0 60.0 aquel castillo tan magnífico y lujoso en aquella soledad, por lo que

258.0 1249.0 1227.0 61.0 exclamó diciendo: ¡Vírgen Santísima, sedme en mi ayuda y so-

254.0 1297.0 1230.0 56.0 corro! me parece que esto que pasa por mí es sueño porque esto

253.0 1339.0 1231.0 57.0 sucede muchas veces; mas yo conozco que me hallo bien despier-

253.0 1382.0 1232.0 61.0 to. Dirigióse como pudo al castillo, y observó ser un soberbio pa-

254.0 1428.0 1230.0 57.0 lacio, de cuya chimenea salia humo, y se decidió á penetrar en él:

253.0 1479.0 1231.0 48.0 se internó en sus salas llenas de tapicerías y ricas colgaduras que

254.0 1517.0 1230.0 54.0 las adornaban, y en una de ellas vió una expléndida mesa cubier-

254.0 1561.0 1230.0 63.0 ta de ricos y esquisitos manjares, la que anticipadamente se ha-

253.0 1609.0 1234.0 57.0 llaba dispuesta por órden de la emperatriz, quien se mantenia

253.0 1649.0 1230.0 62.0 invisible observando todas las operaciones del conde, el que se di-

252.0 1696.0 1232.0 57.0 rigió á la mesa, y sentándose, satisfizo su necesidad hasta quedar

254.0 1745.0 1226.0 55.0 saciado. Despues se dirigió á un salon magníficamente adornado,

254.0 1783.0 1228.0 60.0 y fué grande su admiracion al mirar tanta riqueza de jovas esmal-

256.0 1830.0 1226.0 56.0 tadas y piedras preciosas, sin observar ninguna clase de personas

254.0 1875.0 1226.0 54.0 que cuidasen de tan vasta y suntuosa posesion: aun fué mayor su

250.0 1916.0 1228.0 59.0 asombro al advertir que por una mano invisible se le prodigaban

250.0 1960.0 1232.0 57.0 cuantos obsequios y finezas pudiese él apetecer, por lo que decía

249.0 2004.0 1231.0 56.0 entre sí: caso que yo muera en este palacio, daré por bien em-

252.0 2047.0 1232.0 71.0 pleada mi muerte. A la noche, observando de nuevo la mesa
