1649 2336
782.0 165.0 185.0 74.0 — 14—

249.0 240.0 1232.0 62.0 aun más sensible que la misma muerte, en cuya inteligencia, ca-

247.0 288.0 1237.0 57.0 ballero conde Partinoples, el rey de Francia os otorga la libertad

250.0 332.0 1230.0 57.0 para que vuestra voluntad sea cumplida. No bien hubo concluido

246.0 376.0 1239.0 58.0 este razonamiento, cuando en todos los ángulos del salon fué sa-

249.0 420.0 1227.0 58.0 ludado por los circunstantes con prolongados vivas y aclamaciones,

246.0 464.0 1234.0 61.0 en cuyo estado el jóven, prosternado á los pies del monarca, im-

249.0 510.0 1231.0 59.0 ploraba su bendicion para partir al sitio marcado donde debia de

253.0 554.0 1040.0 54.0 verificarse el combate, el cual fué del modo siguiente:

316.0 599.0 1165.0 58.0 Los franceses aprestaron al conde de todo lo necesario lo mejor

250.0 643.0 1228.0 60.0 que pudieron, y lo mismo hicieron los moros con su rey Lisuarte.

250.0 687.0 1230.0 52.0 A espaldas del conde iba su tio con diez mil hombres de todas ar-

249.0 734.0 1231.0 53.0 mas, y al rey moro le seguia el conde de Mars, que era su mayor-

249.0 777.0 1229.0 56.0 domo mayor con un numeroso acompañamiento, en cuya forma

249.0 826.0 1229.0 51.0 llegaron unos y otros al campo. El rey de Francia acompañó á su

250.0 866.0 1230.0 55.0 sobrino al sitio del combate, en el que le dió su bendicion enco-

250.0 909.0 1225.0 60.0 mendándole á Dios, y lo propio hizo el conde de Mars con su rey.

249.0 956.0 1231.0 57.0 En seguida se aproximaron los dos campeones saludándose con

247.0 999.0 1231.0 57.0 toda cortesía, y luego cada uno se encomendó á su Dios. Conclui-

247.0 1046.0 1234.0 54.0 da la plegaria, montaron á caballo colocándose á cierta distancia

247.0 1088.0 1230.0 51.0 el uno del otro. Durante estas ceremonias reinó un silencio se-

247.0 1130.0 1231.0 63.0 pulcral entre los espectadores, cuyo número era incalculable, por-

250.0 1177.0 1227.0 54.0 que salió todo el pueblo de París á presenciar el combate. Estan-

247.0 1222.0 1231.0 57.0 do los dos caballeros dispuestos y decididos á batirse, echaron ma-

247.0 1266.0 1231.0 53.0 no á las lanzas, y poniéndose en ristre, se acometieron con tal de-

246.0 1309.0 1231.0 54.0 nuedo y se dieron tan terribles encuentros, que hicieron saltar en

250.0 1356.0 1228.0 59.0 pedazos las lanzas: luego echaron mano á las hachas, con las que

250.0 1402.0 1228.0 51.0 á poco rato se hicieron saltar los yelmos de las cabezas, sin que

249.0 1447.0 1228.0 55.0 hasta entonces se reconociese ventaja por parte de ninguno: al ver-

246.0 1493.0 1230.0 52.0 se ambos de esta conformidad, sacaron las espadas, con las que se

245.0 1533.0 1230.0 59.0 daban tan recios golpes que hacian salir una lluvia de chispas de

249.0 1580.0 1228.0 53.0 sus armaduras. El rey Lisuarte era hombre muy brioso, y á los

249.0 1624.0 1228.0 59.0 primeros tajos de su espada mató el caballo á su rival; pero como

246.0 1674.0 1227.0 53.0 el conde era tan ligero, sacó con presteza los pies de los estribos y

247.0 1713.0 1229.0 58.0 púsose en guardia contra el rey con su espada en la mano y el es-

245.0 1755.0 1231.0 54.0 cudo ante el pecho. El rey su tio y los franceses, que le vieron des-

246.0 1801.0 1230.0 56.0 montado, comenzaron á temer por la muerte del conde; pero lo disi-

245.0 1848.0 1226.0 55.0 mularon por no hacerle desmayar; mas los moros, por el contrario,

245.0 1890.0 1230.0 54.0 tuvieron un gra placer, haciéndose cuenta de que el conde quedaba

247.0 1936.0 1229.0 58.0 vencido. En este estado le dijo el moro que se entregase y se cum-

245.0 1979.0 1230.0 58.0 pliese lo pactado; á cuya intimacion le contestó el conde que se de-

244.0 2023.0 1228.0 59.0 fendiese, pues él no le tenia miedo Entonces el moro picó con las

240.0 2067.0 1232.0 66.0 espuelas á su caballo queriendo atropellar al conde; pero este, con
