1706 2398
833.0 185.0 151.0 56.0 —22 —

282.0 250.0 1216.0 61.0 tar; cuando salga el otro, matadle: pues este es un escudero que

282.0 298.0 701.0 51.0 se envía á una comision importante.

347.0 339.0 1155.0 55.0 Cuando se vieron fuera del palacio, tomaron precipitadamen-

282.0 383.0 1221.0 56.0 te el camino del puerto, y Oriana dijo al conde: tomad el caballo

282.0 428.0 1220.0 62.0 que aquí dejásteis, y entregadlo al capitan de aquella nave, en-

283.0 475.0 1220.0 59.0 cargándole que os lleve á vuestro país; y ella se metió en otra

287.0 518.0 1217.0 53.0 nave, temiendo la venganza de la emperatriz, dándose á la vela

287.0 562.0 1215.0 60.0 para Constantinopla, donde tenia su padre; pero tan enamorada

286.0 604.0 734.0 66.0 del conde, que nunca jamás le olvidó.

742.0 787.0 313.0 64.0 CAPITULO VI.

290.0 915.0 1216.0 62.0 Destierro voluntario del conde á las sierras de Ardeña, y lo

366.0 963.0 1058.0 60.0 demás que á el se siguió por encuentro de Oriana.

359.0 1088.0 1152.0 64.0 Cuando el conde llegó al castillo de Bles halló á su madre

289.0 1139.0 1221.0 60.0 sumamente afligida por ignorar su paradero; y al verle, le abra-

291.0 1187.0 1219.0 53.0 zó con la mayor ternura, alegrándose en estremo de tan feliz é

291.0 1230.0 1217.0 55.0 inesperado encuentro. Al momento se divulgó por todas partes

287.0 1270.0 1223.0 62.0 el arribo del jóven conde, presentándose á visitarle todos sus

289.0 1316.0 1221.0 56.0 compañeros de armas, celebrando su vuelta con grandes fiestas

295.0 1358.0 1215.0 62.0 y regocijos públicos. El conde dijo á los que le tributaban tantos

291.0 1402.0 1219.0 59.0 obsequios estas misteriosas palabras: «no es digno un hombre que

293.0 1446.0 1218.0 60.0 viene aquí á espiar un delito, de tanta merced.» Ninguno com-

293.0 1490.0 1219.0 63.0 prendió el sentido de estas palabras, guardando el conde en ello

294.0 1538.0 335.0 54.0 la mayor reserva.

354.0 1578.0 1161.0 59.0 Concluidos los festejos, continuó el conde viviendo retirado

291.0 1623.0 1224.0 60.0 en su habitacion, donde descansó de sus pasadas fatigas y pesa-

293.0 1669.0 1222.0 60.0 res, é instruyendo á su madre de todo cuanto le habia acontecido

291.0 1713.0 1223.0 60.0 con la emperatriz, mas sin mostar por eso arrepentimiento, ni

293.0 1757.0 1222.0 61.0 querer desistir de su empeño. El rey su tio continuaba en su pa-

294.0 1802.0 1225.0 59.0 lacio de París, y la sobrina del Papa, desengañada del proyectado

295.0 1849.0 1225.0 61.0 enlace, se habia marchado para su patria acompañada del carde-

294.0 1891.0 448.0 50.0 nal y demás comitiva.

362.0 1930.0 1158.0 65.0 Al cabo de cinco meses que el conde permanecia en su retiro lle-

297.0 1979.0 1225.0 57.0 gó á su noticia que el marido de la emperatriz habia muerto: efec-

299.0 2028.0 1223.0 55.0 tivamente, así era; y en su consecuencia se habian reunido en su

294.0 2068.0 1226.0 82.0 palacio todos los grandes del imperio para concertar el matrimonio
