1701 2340
730.0 204.0 188.0 23.0 - 21 -

195.0 224.0 1229.0 65.0 las y los primeros rayos del dia prestaban suficiente luz para dis-

196.0 279.0 1229.0 57.0 tinguir claramente los objetos. Despues que la emperatriz perma-

195.0 323.0 1229.0 57.0 neció algun tiempo en aquella posicion, se dirigió al jefe de la fuer-

193.0 366.0 1234.0 59.0 za armada y le habló secretamente, mostrándose este decidido á

195.0 412.0 1229.0 57.0 consumar un ejemplar castigo en la persona del indiscreto caballe-

193.0 456.0 1229.0 57.0 ro. Luego que la emperatriz hubo comunicado sus órdenes, penetró

195.0 499.0 1227.0 52.0 en el interior del palacio acompañada de Oriana, notándose en su

195.0 544.0 1221.0 57.0 semblante triste la compasion que al parecer le inspiraba la ter-

195.0 587.0 1226.0 56.0 rible situacion del hombre á quien ella iba á sacrificar tan seve-

195.0 633.0 1227.0 54.0 ra é inhumanamente. El conde así que la vió entrar se arrojó á

196.0 681.0 1225.0 54.0 sus pies implorando clemencia, pero fué en vano, ni siquiera le

196.0 721.0 1225.0 56.0 miró, y pasando de largo se ocultó en seguida; mas la sensible

195.0 764.0 1223.0 61.0 Oriana, conmovido su corazon á la vista de tan gallardo jóven,

196.0 812.0 1225.0 56.0 con cierto pretesto se quedó con él dándose á conocer, á cuyo

197.0 856.0 1227.0 54.0 tiempo entraron en el aposento los hombres armados, y aquel

196.0 899.0 1229.0 56.0 desventurado se puso á temblar, tomando á Oriana de las manos

197.0 941.0 1227.0 62.0 y diciéndole despues de besárselas muchas veces: señora, sabed

196.0 988.0 1225.0 55.0 que yo fuí vilmente engañado por un traidor; lo que oido por

195.0 1034.0 1232.0 55.0 Oriana mandó detener aquellos hombres, y se fué á encontrar con

197.0 1077.0 1227.0 59.0 la emperatriz, pidiéndola encarecidamente por gracia particular,

197.0 1120.0 1229.0 63.0 que se dignase perdonar al incauto jóven, pues que habia sido

197.0 1164.0 1228.0 60.0 seducido á cometer tal atentado. La emperatriz insistió, diciendo,

197.0 1210.0 1232.0 54.0 que no le perdonaria de ninguna manera. Con esto se fué la noble

196.0 1253.0 1231.0 60.0 Oriana al conde, el que continuó de nuevo rogándola hiciese

197.0 1297.0 1227.0 56.0 cuanto pudiese para salvarle: volvió Oriana á implorar á la em-

198.0 1339.0 1227.0 65.0 peratriz, besándolas las manos y los pies, rogándola por segunda

201.0 1384.0 1220.0 55.0 vez le concediese la gracia de librarle de la muerte; pero el em-

200.0 1428.0 1222.0 60.0 pedernido corazon de aquella mujer insensible habia decretado

200.0 1472.0 1224.0 58.0 la muerte del amante desgraciado, y solo deseaba cohonestar su

197.0 1514.0 1224.0 59.0 conducta impura cometiendo con aquel infeliz tan horrendo de-

198.0 1561.0 1226.0 56.0 creto: así es que cuantos esfuerzos hizo Oriana para alcanzar el

201.0 1602.0 1219.0 65.0 perdon fueron inútiles. Todavía esta mujer tierna y sensible in-

198.0 1649.0 1224.0 60.0 sistia con singular firmeza y resolucion en salvarle, predicien-

197.0 1693.0 1227.0 59.0 do á la emperatriz que con su cabeza respondia de la muerte

198.0 1743.0 1224.0 52.0 del sobrino de un rey, á quien iba á sacrificar; mas ni aun esta

198.0 1783.0 1219.0 57.0 amenaza pudo retraerla de su criminal empeño; por último,

198.0 1825.0 1220.0 62.0 se decidió la protectora del jóven á morir con él en caso nece-

197.0 1878.0 115.0 46.0 sario.

260.0 1909.0 1161.0 56.0 Oriana, le tomó de la mano, y los dos se dirigieron por la

196.0 1956.0 1224.0 60.0 puerta donde estaban los hombres armados, los cuales desenvai-

196.0 2002.0 1220.0 59.0 naron las espadas para decapitarlo; pero Oriana les dijo: deteneos,

192.0 2046.0 1225.0 71.0 señores, que no es este el caballero que la emperatriz manda ma-
