1710 2365
749.0 185.0 142.0 51.0 — 5—

667.0 320.0 299.0 64.0 CAPITULO II.

206.0 459.0 1225.0 54.0 El conde Partinoples se pierde en el monte yendo de caza

206.0 503.0 1222.0 51.0 con el rey su tio.—Es conducido en una nave al castillo de

684.0 533.0 282.0 45.0 Cabezadoire.

268.0 674.0 1162.0 28.0 El rey, después de la diversidad del juego que tenia con su so-

211.0 689.0 1220.0 54.0 brino, mandó llamar sus monteros, y se dirigieron á la sierra de

210.0 730.0 1220.0 55.0 Ardeña, inmediata al castillo, permaneciendo la emperatriz du-

210.0 781.0 1221.0 50.0 rante la cacería á cierta distancia de ellos, emboscada con su nave

211.0 818.0 1220.0 57.0 invisible; despues de haber muerto algunas piezas, se dispusieron

212.0 865.0 1219.0 57.0 para retirarse, y cuando aquella lo advirtió, hizo descender de

211.0 909.0 1219.0 56.0 las nubes una espesa niebla que cubrió todo el campo, que no per-

210.0 952.0 1220.0 55.0 mitia distinguir los objetos á corta distancia: en seguida hizo sa-

210.0 995.0 1222.0 61.0 lir un jabalí; el conde apenas le divisó se empeñó en seguirle por

210.0 1040.0 1223.0 59.0 la sierra, y su tio en pos de él diciéndole que se volviese; pero el

210.0 1086.0 1225.0 55.0 conde, sin atender á ello, no sabia si iba ó venia, andando así

212.0 1131.0 1221.0 58.0 hasta que anocheció y se perdió. El rey pudo regresar á su pa-

212.0 1175.0 1221.0 58.0 lacio, desconsolado por la ausencia del conde. Dejémosle sumerji-

210.0 1219.0 1223.0 58.0 do en el pesar de su sobrino, y sigamos el paradero de este jóven

208.0 1262.0 1225.0 54.0 cuya suerte hubiera sido fatal á no mediar en su favor la influen-

210.0 1308.0 1223.0 58.0 cia de la emperatriz, que tenia encantados á los animales que ha-

211.0 1350.0 1222.0 55.0 bia en todas aquellas inmediaciones. Pasada era ya la mayor

212.0 1399.0 1216.0 56.0 parte de la noche, siempre recorriendo el conde aquella sierra,

210.0 1440.0 1223.0 57.0 sin pober hallar donde guarecerse de la intemperie, dirigiéndo-

210.0 1489.0 1223.0 54.0 se ya á una parte ya á otra; más vagando de esta suerte sin tino

210.0 1528.0 1222.0 61.0 alguno, y ya cerca de la madrugada, se halló de improviso á las

208.0 1572.0 1224.0 57.0 orillas del mar, donde observó fondeada una hermosa nave: todo

208.0 1616.0 1224.0 55.0 su esfuerzo lo puso en llamar á la gente de la tripulacion ; y no

207.0 1660.0 1226.0 59.0 solo nadie le respondia; sino que no observó señal de persona al-

208.0 1709.0 1225.0 54.0 guna; creido sin duda de que se hallaria desamparada la nave

208.0 1751.0 1224.0 56.0 por algun incidente que no podia penetrar; y observando en la

208.0 1792.0 1225.0 56.0 ribera ó playa la lancha ó bote de aquella embarcacion, se metió

206.0 1836.0 1226.0 59.0 en ella y se dirigió á bordo, donde con efecto no vió persona al-

208.0 1882.0 1224.0 58.0 guna. Apenas aclaró el dia, queriendo regresar á tierra, no solo

208.0 1932.0 1222.0 53.0 no veia ya á esta, sino que se encontró en medio de un inmenso

214.0 1970.0 1217.0 53.0 golfo de aguas y nubes que le conducian y rodeaban. En esta

208.0 2014.0 1224.0 58.0 ocasion, comenzó á afligirse encomendándose á Dios, rogándole

208.0 2058.0 1222.0 70.0 le hiciese la merced de manifestarle el misterio que encerraba
