1737 2389
808.0 122.0 128.0 79.0 — 9 —

306.0 201.0 1170.0 63.0 Por la noche, como por ensalmo, se vió rodeado de muchas ha-

244.0 253.0 1232.0 54.0 chas encendidas, á las que siguió sin poder divisar quiénes fuesen

245.0 293.0 1230.0 60.0 los que las llevaban. Le condujeron á un hermoso salon del palacio:

243.0 338.0 1232.0 61.0 sentóse en un rico estrado, en cuyo estado sintió le desnudaban

245.0 383.0 1234.0 60.0 de ropa y le conducian en seguida á la cama, desapareciendo las

247.0 428.0 1232.0 61.0 luces: al poco rato de estar acostado, sintió pasos que se dirígian

247.0 472.0 1233.0 61.0 hácia él; en efecto, era la emperatriz que venia á oscuras á acostar-

245.0 524.0 1230.0 50.0 se: al entrar en la cama, que ya el conde la aguardaba impaciente,

247.0 560.0 1228.0 57.0 acercóse é ella y la estrechó en sus brazos lleno de satisfaccion,

245.0 605.0 1233.0 55.0 manteniéndose en deliciosa conversacion ambos con el mayor

247.0 652.0 1231.0 59.0 placer hasta la madrugada, en cuya hora le dijo la emperatriz:

245.0 694.0 1233.0 62.0 amigo Partinoples, te encargo y ruego me seas fiel, y con particu-

249.0 741.0 1229.0 57.0 laridad el que no descubras á nadie de este mundo lo que ha pasado

247.0 788.0 1225.0 54.0 entre los dos, porque nos resultaria un gran pesar á entrambos;

245.0 828.0 1231.0 58.0 cualquiera otra cosa os la perdonaría, más esto no; á lo que con-

250.0 877.0 1228.0 49.0 testo el conde: os prometo, señora, el preferir antes la muerte que

248.0 915.0 1228.0 64.0 tal hiciere: la emperatriz volvió á decirle que si queria divertir-

249.0 970.0 1227.0 51.0 se por la ribera del Azores podia hacerlo á su beneplácito, pues ha-

249.0 1004.0 1226.0 63.0 bia muy bnenos halcones; que al amanecer hallaria un buen caba-

248.0 1052.0 1228.0 57.0 llo ensillado á la puerta del alcázar, el cual le conduciria á paraje

247.0 1096.0 1232.0 58.0 donde pudiera divertirse sin recelo de nada, supuesto que ella

247.0 1141.0 1231.0 57.0 siempre se hallaba á su lado, aunque no la viese. Cuando amane-

247.0 1183.0 1229.0 61.0 ció, ya la emperatriz habia desaparecido de la cama; y viendo el

245.0 1227.0 1234.0 61.0 conde que ya era tarde se levantó y vistió; á su salida halló toda

249.0 1275.0 1229.0 58.0 la prevenciou necesaria para la caza; monta en el caballo que le

249.0 1319.0 1230.0 58.0 habia preparado la emperatriz, y marchó atravesando una hermo-

249.0 1361.0 1229.0 57.0 sa floresta: llegó al sitio del monte que el caballo debia condu-

245.0 1406.0 1231.0 60.0 cirle, donde oyó tocar una bocina, á cuyo eco se vió cercado de

247.0 1449.0 1225.0 62.0 lebreles, todos con sus collares de diversos colores y demás avíos

247.0 1495.0 1225.0 63.0 propios de caza; no tardó en presentarse un javalí, al que acome-

249.0 1544.0 1229.0 57.0 tió con la mayor velocidad hasta alcanzarle y darle muerte, el

245.0 1586.0 1230.0 54.0 cual se llevaron con toda presteza y voceriío, pero sin ver á na-

245.0 1628.0 1223.0 61.0 die, de lo que estaba maravillado, y más al oir tanto ruido de ca

250.0 1674.0 1229.0 59.0 ballos, siendo causa, á pesar de las seguridades que le habia dado

245.0 1716.0 1233.0 58.0 la emperatriz, de que á toda prisa se retirase del campo dirigién-

245.0 1763.0 1231.0 60.0 dose á palacio, donde fué recibido y obsequiado por una música

247.0 1810.0 1232.0 49.0 muy sonora, sin poder distinguir persona alguna, ni á la misma

247.0 1854.0 1231.0 58.0 emperatriz, aunque no le perdia de vista, y á pesar de sus conver-

247.0 1904.0 382.0 44.0 saciones nocturnas.

309.0 1936.0 1169.0 58.0 Así pasaron un año cumplido, en cuyo tiempo trataba de con-

241.0 1982.0 1238.0 57.0 quistar el reino de Francia un rey moro llamado Lisuarte, el cual

240.0 2026.0 1236.0 68.0 llevaba en su ejército dos jefes llamados Casion y Ausin, los que

407.0 2082.0 241.0 64.0 PARTINOPLES.

1281.0 2081.0 33.0 74.0 2
