1702 2390
733.0 144.0 158.0 64.0 — 27—

183.0 223.0 1230.0 50.0 diez dias. La sultana, enamorada de su presencia gallarda, le dijo

186.0 256.0 1230.0 62.0 no se afligiese, y que si le daba la palabra de volver á la prision an-

187.0 306.0 1228.0 53.0 tes que regresase el rey su esposo, ella le dejaria marchar dándole

186.0 347.0 1230.0 55.0 caballo y armas: el conde le aseguró con juramento volver á su pre-

186.0 391.0 1230.0 59.0 sencia, segun se lo ordenaba. Proveido de todo lo necesario empren-

186.0 436.0 1230.0 52.0 dió su viaje encomendándose á Dios de todas veras: tres dias an-

184.0 479.0 1234.0 57.0 dubo sin encontrar poblado alguno donde descansar; mas al cuarto

187.0 527.0 1231.0 51.0 dia se encontró con un caballero moro, armado de todas armas, que

191.0 570.0 1229.0 51.0 tambien se dirigía al torneo, el cual iba acompañado de sus cria-

187.0 613.0 1231.0 54.0 dos: ambos se saludaron marchando en union por el camino. El

189.0 666.0 1228.0 51.0 moro llamado Guadin, le preguntó si era moro ó cristiano, y cómo

188.0 702.0 1232.0 57.0 se llamaba, á lo cual le contestó, que aunque tenia recelo de ma-

189.0 746.0 1224.0 57.0 nifestarse, solo le diria su nombre conociendo era buen caballero,

196.0 790.0 1219.0 61.0 y le reservaria el secreto. Al oir Guadin el nombre de conde Par-

192.0 835.0 1217.0 59.0 tinoples le dijo: por cierto, amigo, que deseo seamos compañeros,

192.0 888.0 1226.0 48.0 rogándoos al mismo tiempo me digais sin la menor reserva, si sois

193.0 925.0 1225.0 57.0 sobrino del rey de Francia, porque tengo oido hablar de otro Par-

195.0 969.0 1221.0 58.0 tinoples. El conde contestó se lo diria de muy buena gana siem-

197.0 1014.0 1223.0 57.0 pre que prometiese, bajo palabra de caballero, guardar secreto

196.0 1055.0 1222.0 60.0 hasta que él se lo mandase descubrir: lo que ofrecido por Guadin

196.0 1102.0 1226.0 57.0 le manifestó el conde, que en efecto era el mismo por quien pre-

196.0 1144.0 1226.0 61.0 guntaba: Guadin se alegró en extremo, le abrazó y besó en la fren-

197.0 1188.0 1223.0 61.0 te, diciéndole, que su corazon le anunciaba debia ser muy buen

197.0 1236.0 1224.0 58.0 caballero, y túvose por muy feliz en ser su compañero. En segui-

196.0 1281.0 1224.0 50.0 da que llegaron á la isla se dirigieron á una sierra contigua al

197.0 1323.0 1223.0 56.0 palacio de Cabezadoire, en cuyo sitio puso una famosa tienda de

196.0 1364.0 1225.0 60.0 campaña que llevaba muy cómoda para ellos, los criados y las ca-

200.0 1407.0 1225.0 57.0 ballerías. Allí descansaron dos dias hasta el siguiente que debia

197.0 1452.0 487.0 53.0 ser el primero del torneo.

263.0 1495.0 1157.0 61.0 Al amanecer se armaron los dos campeones, y Guadin dijo al

197.0 1542.0 1223.0 59.0 conde, le parecia conveniente el hallarse de los primeros en la

199.0 1586.0 1223.0 60.0 palestra: en efecto; cabalgaron en sus caballos, y se fueron para

199.0 1630.0 1219.0 60.0 el palenque: el caballo que montaba el conde era negro y muy

200.0 1673.0 1222.0 54.0 fogoso; el escudo primorosamente labrado, y en campo azul pues-

201.0 1716.0 1224.0 60.0 tas estas polabras: Solo lidio por amor: en el penacho llevaba una

200.0 1761.0 1007.0 56.0 pluma azul que manifestaba los celos de un amante.

224.0 1804.0 1197.0 60.0 Al presentarse los dos en la plaza del combate, fijaron la vis-

199.0 1848.0 1223.0 62.0 ta en ellos todo el concurso de gente, elogiando con particularidad

200.0 1893.0 1224.0 62.0 la bizarría del caballero de la divisa azul, quien se puso á pasear

199.0 1934.0 1226.0 65.0 por delante del palco real donde se encontraba la emperatriz acom-

201.0 1977.0 1217.0 70.0 pañada de Oriana, que manifestaba en su semblante algun pesar,

197.0 2028.0 1228.0 69.0 siendo, sin duda, el no saber el paradero del conde Partinoples ni
