1707 2382
749.0 117.0 172.0 62.0 — 23—

199.0 187.0 1237.0 53.0 Arrepentida ya la emperatriz de su mal comportamiento con el con-

197.0 226.0 1238.0 62.0 de, quiso consultar con Oriana sobre el particular, y la envió un men-

198.0 279.0 1237.0 53.0 sajero de toda su confianza para que regresase á su compañía; pero

197.0 325.0 1237.0 52.0 ella no quiso condescender, temerosa de alguna venganza por su re-

195.0 361.0 1239.0 61.0 sentimtento en haber salvado al conde, por quien la emperatriz va-

197.0 408.0 1234.0 57.0 rias veces la habia escrito preguntándole si era vivo ó muerto, y

199.0 449.0 1236.0 59.0 nunca la habia querido contestar. Todo esto traia desconsolada á

197.0 496.0 1235.0 59.0 la emperatriz, y no sabia de quién tomar consejo, por cuya causa

197.0 539.0 1231.0 55.0 cayó enferma de gravedad; recibida esta infausta noticia por Oria-

198.0 591.0 1228.0 53.0 na, y aunque con algun temor, marchó inmediatamente á su lado,

193.0 625.0 1234.0 57.0 encontrándola, en efecto, en muy triste situacion, delirando de

194.0 674.0 1232.0 59.0 continuo por su amante el conde Partinoples á quien llamaba su

195.0 714.0 1227.0 56.0 esposo. La sensible Oriana, compadecida del lastimoso estado en

195.0 758.0 1227.0 63.0 que la veía, lloraba desconsolada, y con todo, desde luego procu-

195.0 805.0 1229.0 53.0 ró favorecerla en cuanto estuvo de su parte, siendo tan eficaces

195.0 849.0 1229.0 62.0 los auxilios que le prodigó con el mayor celo, que consiguió en

195.0 898.0 1228.0 54.0 pocos dias recuperar la salud de la emperatriz, la que la agradeció

193.0 938.0 1229.0 57.0 en extremo sus afectuosos desvelos. Restablecida completamente

194.0 983.0 1225.0 61.0 de su enfermedad, suplicó á Oriana interpusiese toda su zagaci-

195.0 1029.0 1221.0 58.0 dad é influencia con el conde para que accediese en ser su esposo.

259.0 1073.0 1157.0 53.0 La noble Oriana tan condescendiente como generosa, contestó

195.0 1118.0 1221.0 58.0 á la emperatriz: mi corazon está dispuesto siempre á complaceros,

198.0 1160.0 1221.0 62.0 y quisiera en esta ocasion satisfacer vuestros deseos; mas un obs-

195.0 1206.0 1225.0 60.0 táculo invencible se opone á ello, el cual no debeis ignorar. A

194.0 1251.0 1226.0 59.0 cuyas expresiones se entristeció la emperatriz, vertiendo lágrimas

194.0 1295.0 1224.0 56.0 de dolor, porque comprendia la causa; pero dió tambien una prue-

195.0 1339.0 1223.0 58.0 ba de arrepentimiento de sus pasados errores, diciendo: el con-

194.0 1382.0 1224.0 61.0 de ya me habrá olvidado; y nunca perdonará mi debilidad,

190.0 1426.0 1225.0 61.0 recordando el fatal dia que decreté su muerte. En la misma per-

190.0 1475.0 1226.0 57.0 suasion se hallaba Oriana, y este convencimiento la retraía de dar

190.0 1517.0 1226.0 57.0 niugun paso en su favor: no obstante, se decidió, por fin, á partir

189.0 1564.0 1226.0 58.0 para el castillo de Bles, donde creia hallar al conde y suplicarle

189.0 1605.0 1225.0 59.0 encarecidamente se sirviese admitir la mano de la empreratriz que

190.0 1650.0 1224.0 55.0 tan enamorada estaba de él. Oido esto por aquella, la abrazó

190.0 1696.0 1224.0 57.0 tiernamente arrebatada del placer que sentia interiormente, dando

189.0 1737.0 1224.0 60.0 las disposiciones necesarias para el viaje, que se verificó al siguien-

189.0 1782.0 1222.0 50.0 le dia, acompañándola hasta el puerto donde se despidieron con el

188.0 1826.0 1222.0 57.0 mayor cariño, embarcándose Oriana, y con esta su doncella llama-

186.0 1867.0 1225.0 59.0 da Pérsides, en un hermoso navío, el cual se dió á la vela al mo-

186.0 1912.0 1225.0 55.0 mento que se presentó el viento favorable, volviendo la empera-

188.0 1959.0 728.0 60.0 triz á su palacio con toda su comitiva.

247.0 1998.0 1164.0 73.0 Con feliz viaje llegó el navío á la vista de la sierra de Ardeña:
