1650 2365
777.0 140.0 127.0 66.0 — 10 —

205.0 218.0 1222.0 53.0 tanto se internaron en el reino de Francia, que llegaron á poner

202.0 257.0 1227.0 55.0 sitio á París. Todo cuanto allí pasaba lo sabia la emperatriz por

206.0 302.0 1224.0 63.0 medio de su arte; pero no queria decir nada al conde, porque no

205.0 348.0 1224.0 59.0 tomase desazon y tratase de querer ir en ayuda de su tio, pues

205.0 395.0 1224.0 54.0 como lo amaba de corazon, no queria se separase de ella. Estando

206.0 436.0 1224.0 59.0 un dia el conde desde una torre del palacio mirando los campos

210.0 480.0 1221.0 62.0 y acordándose de su patria, exhaló un suspiro, el que repitió á la

207.0 526.0 1223.0 57.0 noche estando acostado, lo cual, oido por la emperatríz, le di-

210.0 574.0 1220.0 59.0 jo: mi querido Partinoples, ¿por qué suspirais? ¿os falta algo de

207.0 614.0 1223.0 62.0 lo que habeis de menester? Por cierto, dijo el conde, que no; mas

210.0 660.0 1221.0 58.0 si no os ocasionara pesar, yo os diria la causa. La emperatriz res-

210.0 705.0 1223.0 59.0 pondió estuviese seguro que no le pesaria el saberlo, por lo que

211.0 751.0 1220.0 58.0 le rogaba se lo dijese. Entonces la contestó el conde: señora, por

210.0 797.0 1221.0 55.0 el gran cuidado que tengo de mi madre y de mi tio es por lo que

211.0 840.0 1222.0 56.0 suspiro. La emperatriz le replicó: sabed que la sangre os llama á

211.0 885.0 1222.0 59.0 vuestra patria, porque se trata de conquistar la Francia por el

212.0 931.0 1222.0 57.0 rey moro llamado Lisuarte, quien tiene cercado á vuestro tio en

214.0 977.0 1221.0 58.0 París; y así, quiero que marcheis á socorrerle, guardándoos, so-

214.0 1019.0 1220.0 57.0 bre todo, de descubrir nada de lo que ha pasado entre los dos cuando

215.0 1065.0 1219.0 55.0 volvais, porque seria mi deshonra y vuestra muerte: yo os daré

214.0 1112.0 1220.0 57.0 diez mil lanzas para que armeis vuestras gentes, y camellos car-

216.0 1156.0 1221.0 58.0 gados de oro y plata, y un hombre de mi confianza por conduc-

215.0 1204.0 1222.0 48.0 tor de estas riquezas: este es un viejo venerable; haced cuanto él

214.0 1245.0 1223.0 58.0 os dijere que nada os faltará: mañana al ser de dia ireis á la puer-

215.0 1292.0 1212.0 50.0 ta del alcázar y hallareis al viejo con los camellos cargados, y

215.0 1338.0 1219.0 52.0 por donde él guiare podeis seguirle, seguro de que os llevará en

212.0 1378.0 558.0 58.0 derechura al castillo de Bles.

278.0 1422.0 1159.0 62.0 El conde se mostró muy agradecido á la emperatriz por el in-

218.0 1470.0 1220.0 58.0 terés que se tomaba en favor del rey de Francia, prometiéndole

216.0 1513.0 1222.0 53.0 no descubrirla en nada hasta que se efectuase el casamiento que

218.0 1558.0 1213.0 59.0 tenian proyectado. Despidióse de ella partiendo para su patria,

218.0 1605.0 1219.0 57.0 ofreciéndole el regreso tan luego como terminase la guerra, mar-

219.0 1646.0 1212.0 58.0 chándose en seguida, llevándose las lanzas, camellos, riquezas y

218.0 1692.0 681.0 59.0 al viejo conductor para su custodia.

285.0 1731.0 1149.0 63.0 El viaje desde la isla hasta las costas de Francia se verificó

220.0 1779.0 1082.0 64.0 como se habia hecho antes, envuelto en una densa nube.
