1680 2341
757.0 193.0 152.0 67.0 — 11 —

666.0 318.0 311.0 86.0 CAPTTULO III.

208.0 478.0 1226.0 59.0 Lo que sucedió en Francia al conde Partinoples á su regre-

409.0 525.0 825.0 62.0 so al castillo de Bles.—Llegada á París.

270.0 650.0 1167.0 65.0 Llegó felizmente el conde Partinoples al castillo de Bles, donde

210.0 697.0 1227.0 65.0 se hallaba su madre, la que le recibió con el mayor cariño estre-

210.0 742.0 1229.0 61.0 chándole en sus brazos como hijo que consideraba perdido ó muer-

212.0 786.0 1228.0 63.0 to, creyendo que las fieras le hubieran devorado en las sierras de Ar-

210.0 829.0 1230.0 59.0 deña. Alborotáronse las gentes á la llegada del conde, todos con

212.0 873.0 1228.0 66.0 deseos de verle y ofrecerle sus personas é intereses en defensa del

214.0 918.0 1225.0 62.0 rey su tio, cuya generosa oferta fué aceptada por aquel con mues-

216.0 962.0 1224.0 62.0 tras de gratitud. En seguida convocó á los suyos para hacer un alis-

217.0 1005.0 1224.0 65.0 tamiento general: además, pidió á España diez mil lanceros, los

216.0 1052.0 1227.0 58.0 cuales se presentaron al poco tiempo en el castillo de Bles: todos eran

219.0 1095.0 1225.0 67.0 jóvenes, gente muy lucida y valiente; luego que vieron al conde,

218.0 1140.0 1227.0 61.0 fué grande su placer haciéndole pleito-homenaje de morir con él

219.0 1182.0 1224.0 63.0 antes que desistir de su empresa. Mandó el conde fuesen aposen-

221.0 1227.0 1222.0 63.0 tados en el castillo y sus arrabales, dándoles muy buen trato: allí

222.0 1270.0 1222.0 64.0 descansaron en dia; y al siguiente ordenado el ejército en divisio-

222.0 1316.0 1225.0 69.0 nes se dirigieron á París, poniéndose al frente de ellos el conde

225.0 1366.0 235.0 62.0 Partinoples.

283.0 1404.0 1164.0 72.0 Cuando llegaron á las inmediaciones de la capital, tocaron las

225.0 1448.0 1222.0 68.0 trompetas y tambores con el objeto de reunir las tropas que se ha-

225.0 1495.0 1223.0 64.0 llaban vagando por la ciudad, creyendo que seria otra cosa, pues

223.0 1539.0 1225.0 64.0 así lo indicaban las voces de alarma y el repique de campanas. Los

225.0 1580.0 1223.0 70.0 parisienses se dispusieron á la defensa, temerosos de que sus ene-

225.0 1624.0 1220.0 70.0 migos intentasen penetrar en la ciudad. El conde les dirigió un

225.0 1668.0 1223.0 64.0 mensajero para que le dijese al rey, que el que se presentaba con

225.0 1714.0 1223.0 62.0 aquellas tropas imponentes era su sobrino; mas no dándole asenso,

227.0 1760.0 1220.0 64.0 por creer no existia ya en el mundo el conde, le dijo al mensajero

227.0 1796.0 1220.0 67.0 no le daba crédito alguno, á lo cual contestó este: dígnese V. M.

230.0 1842.0 1218.0 71.0 pasar conmigo al campamento y quedará convencido de mi verdad,

230.0 1887.0 1222.0 71.0 pues venimos á dar auxilio á su capital y reino. El rey, oyendo

230.0 1931.0 1222.0 62.0 afirmativa tan lisonjera, se dirigió lleno de confianza al encuen-

232.0 1972.0 1218.0 72.0 tro de su sobrino; abriéronse de su órden las puertas de la ciudad,

238.0 2017.0 1215.0 74.0 y á poco rato tuvieron el placer de abrazarse. Toda la córte celebró

231.0 2062.0 1222.0 82.0 con regocijos públicos el socorro que les habia venido tan inopi-
