1744 2410
809.0 140.0 177.0 94.0 — 32 —

267.0 230.0 1238.0 68.0 festejos de la córte, pidió licencia para regresar á su patria con

265.0 283.0 1236.0 59.0 sus criados: cuando el emperador lo oyó le causó gran pesar su

267.0 330.0 1238.0 60.0 peticion, y por ello le rogó no se partiese de allí, pues desearia

267.0 374.0 1230.0 59.0 tenerle á su lado, en cuyo caso ofreció hacerle grande de su im-

267.0 419.0 1231.0 62.0 perio. Guadin que apreciaba mucho al emperador, le contes-

270.0 464.0 1231.0 60.0 tó que lo aceptaba de muy buena gana: en seguida se fué el em-

267.0 508.0 1231.0 63.0 perador á su esposa y contóle lo ocurrido con su compañero de

266.0 554.0 1232.0 61.0 armas, y lo que le estaba agradecido, por lo que él habia hecho.

269.0 598.0 1228.0 56.0 Mucho placer recibió la emperatriz con semejante uueva, ofre-

263.0 642.0 1235.0 62.0 ciéndose á ser su protectora, como igualmente á todos cuantos

265.0 686.0 787.0 59.0 habian contribuido á labrar su felicidad.

277.0 725.0 1217.0 66.0 Reinaron en paz ambos esposos largos años con la sucesion

263.0 773.0 1229.0 65.0 que les dió el cielo en los hijos que tuvieron, estimados y obse-

263.0 820.0 1227.0 63.0 quiados de todo su imperio, cuyos súbditos á porfía se esmeraron

265.0 867.0 1225.0 60.0 siempre en complacerlos hasta la muerte, que recibieron con la

315.0 913.0 1103.0 97.0 vor resignacion, dejando gratos recuerdos á la posteridad.

825.0 1425.0 100.0 65.0 FIN.
