1689 2333
749.0 173.0 147.0 57.0 —13 —

203.0 226.0 1239.0 68.0 las familias más necesitadas de la capital: asi terminó su brillan-

207.0 282.0 224.0 47.0 te entrada.

264.0 320.0 1178.0 59.0 Avergonzado el rey Lisuarte de la derrota que acababa de su-

203.0 369.0 1241.0 58.0 frir por los franceses, preguntó á sus capitanes, que quién habia

204.0 416.0 1238.0 54.0 sido el valiente campeon que con tanta bizarría y acierto dirigió

204.0 454.0 1238.0 57.0 las huestes enemigas causándole la pérdida de la mayor parte de

203.0 501.0 1238.0 57.0 su gente; á lo cual le contestaron que el conde Partinoples, jóven

203.0 543.0 1235.0 59.0 de unos veinte años, y sobrino del rey de Francia, que el dia an-

204.0 588.0 1233.0 56.0 terior habia llegado en su socorro procedente del castillo de Bles,

207.0 629.0 1235.0 60.0 habiendo venido con diez mil lanceros aliados. Irritado aquel or-

204.0 676.0 1240.0 57.0 gulloso monarca al contemplar que un mancebo de tan corta edad

211.0 720.0 1231.0 60.0 y sin experiencia fuese causa de su afrenta y humillacion, le en-

207.0 766.0 1235.0 53.0 vió un mensajero emplazándole á singular combate en las orillas

206.0 808.0 1236.0 53.0 del Sena, con la precisa condicion, de que el vencido seria sumer-

207.0 854.0 1187.0 59.0 gido en el rio para que su cuerpo sirviese de pasto á las peces.

273.0 896.0 1168.0 59.0 Así que el conde recibió el mensaje se mostró sumamente com-

209.0 942.0 1232.0 59.0 placido, y temeroso al mismo tiempo de que su tio, bajo cuya tu-

207.0 986.0 1231.0 56.0 tela se hallaba, no consintiera en ello por la condicion expresada;

207.0 1030.0 1234.0 56.0 mas, sin embargo la aceptó el jóven héroe contestando al moro su

206.0 1074.0 989.0 56.0 conformidad, señalándole dia y hora para el desafío.

272.0 1119.0 1170.0 60.0 Informado que fué el rey por su sobrino del compromiso que es-

208.0 1163.0 1234.0 59.0 te tenia contraido con su rival, le negó su consentimiento; cuyo

207.0 1207.0 1231.0 59.0 suceso se hizo público en París, y un gran número de moradores,

208.0 1252.0 1232.0 53.0 sin distincion de clases, acudieron á palacio suplicando al rey im-

209.0 1296.0 1233.0 54.0 pidiese á su sobrino la salida de la córte el dia señalado para aquel

209.0 1340.0 1232.0 50.0 horrible combate, en mérito de su corta edad, y las ventajas que

208.0 1384.0 1232.0 55.0 sobre él tenia su contrario; pues además de ser hombre de treinta

208.0 1427.0 1232.0 53.0 años, manejaba las armas con la mayor destreza por su larga es-

209.0 1472.0 1232.0 57.0 esperiencia en la guerra. El rey dió gracias al pueblo por el interés

208.0 1515.0 1233.0 54.0 que en favor de su sobrino habia tomado en tan critico asunto: di-

208.0 1557.0 1233.0 61.0 rijióse al conde en seguida diciéndole, que de su órden se mantu-

212.0 1601.0 1229.0 56.0 viese sin salir de palacio, añadiendo, que si el rey Lisuarte era ca-

213.0 1647.0 1228.0 52.0 ballero tambien lo era él. Al oir esto el pundonoroso conde, con-

211.0 1691.0 1230.0 56.0 testó á su tio en los términos siguientes: señor, un rey moro me

211.0 1734.0 1230.0 59.0 ha tirado el guante, yo le he recogido; decidme ahora ¿qué debo

209.0 1778.0 1231.0 59.0 hacer? ¡Batirse! gritaron los caballeros que á la sazon se hallaban

211.0 1823.0 1230.0 61.0 presentes. A esta indicacion terminante de los nobles el rey tuvo

209.0 1868.0 1227.0 58.0 que ceder; y estrechando tiernamente á su amado sobrino, le dijo,

213.0 1913.0 1228.0 57.0 vertiendo de sus ojos copiosas lágrimas: hijo mio, tu virtud y he-

208.0 1958.0 1233.0 57.0 roismo han cautivado mi corazon, enterneciéndome de tal mo-

208.0 2001.0 1232.0 62.0 do, que mi sensibilidad me hace presumir de que yo voy á per-

209.0 2046.0 1235.0 66.0 derte para siempre; pero por otra parte tu deshonra fuera para mí
