1689 2333
801.0 182.0 175.0 66.0 — 12 —

270.0 246.0 1228.0 68.0 nadamente. El rey y el conde se retiraron á palacio, pasando la

270.0 299.0 1227.0 62.0 mayor parte de la noche en referirse ambos lo ocurrido desde su

272.0 353.0 220.0 52.0 separacion.

339.0 386.0 1159.0 61.0 Al siguiente dia por la madrugada se oyó tocar á rebato las

269.0 435.0 1228.0 52.0 campanas, y las cajas y clarines á una alarma general: el conde

270.0 476.0 1227.0 56.0 enterado de ello, saltó al momento de la cama, suplicando á su tio

272.0 521.0 1223.0 60.0 le permitiese salir al campo para averiguar por sí mismo la causa

269.0 566.0 1226.0 60.0 de aquella novedad: en este momento se presentaron sus ayudantes

270.0 614.0 1225.0 53.0 anunciando la aproximacion del rey Lisuarte con sus tropas á las

269.0 654.0 1225.0 60.0 puertas de la ciudad: al oir esto el conde, corrió inmediatamente

269.0 698.0 1226.0 61.0 á exhortar á los suyos, escogiendo entre ellos tres mil lanceros los

270.0 743.0 1224.0 61.0 más esforzados y valientes, con los que salió al campo al frente

268.0 789.0 1225.0 58.0 de esta fuerza, la que acometió á sus contrarios, causándoles

269.0 833.0 1217.0 56.0 una pérdida considerable; pues de diez mil que eran los moros,

268.0 877.0 1221.0 65.0 solo dos mil pudieron escapar, quedando los demás muertos ó

269.0 924.0 230.0 58.0 prisioneros.

719.0 1092.0 314.0 61.0 CAPITULO IV.

264.0 1224.0 1225.0 64.0 Entrada triunfante del conde Partinoples en París despues

368.0 1272.0 1002.0 60.0 de la batalla dada á las huestes del rey Lisuarte.

325.0 1410.0 1163.0 55.0 Al regresar el conde á París despues de alcanzar tan gran vic-

260.0 1456.0 1228.0 55.0 toria, le salió á recibir su tio, que le abrazó con particular cariño

263.0 1504.0 1225.0 57.0 y en medio de públicas aclamaciones en que todos á porfía se lan-

260.0 1550.0 1226.0 53.0 zaban sobre las riendas del caballo para detenerle, contemplando

257.0 1595.0 1228.0 57.0 de cerca á un guerrero tan gallardo y valiente. El conde presentó

259.0 1636.0 1226.0 63.0 prisioneros al rey cincuenta caballeros moros, todos de espuela do-

257.0 1682.0 1227.0 58.0 rada, los que fueron hospedados segun su clase, quedando en se-

259.0 1727.0 1225.0 57.0 guro depósito los demás prisioneros hechos en aquella memorable

259.0 1773.0 1220.0 57.0 accion. Llegado que fué el conde á palacio acompañado de su tio y

256.0 1813.0 1224.0 55.0 de la multitud de gentes que le seguia victoreándolo, salió á reci-

259.0 1859.0 1223.0 52.0 birle en triunfo y con palmas guarnecidas de flores toda la gran-

256.0 1902.0 1224.0 59.0 deza del reino, distinguiéndose en estos obsequios debidos á su

260.0 1949.0 691.0 57.0 valor y heroismo, todo el bello sexo.

322.0 1990.0 1153.0 63.0 Agradecido el conde al público por los favores que le prodigaba,

256.0 2036.0 1224.0 59.0 se desprendió de todas las riquezas que la emperatriz su querida le

259.0 2078.0 1221.0 74.0 habia regalado en su despedida, mandando se distribuyesen entre
