1730 2389
819.0 145.0 99.0 64.0 — 7—

231.0 240.0 1232.0 40.0 puesta, se sentó a ella, y vió que con direccion á él venia una

229.0 262.0 1232.0 60.0 copa de licor, de la que pendia un hermoso canastillo y encima

228.0 305.0 1231.0 62.0 de él una piedra preciosa de inestimable valor: tomó la copa y bebió,

228.0 350.0 1233.0 58.0 despues le fueron sirviendo diferentes clases de viandas muy es-

231.0 396.0 1230.0 52.0 quisitas, ricos manjares y delicados licores hasta quedar satisfe-

229.0 440.0 1234.0 53.0 cho: despues le sirvieron el aguamanil con su fuente de plata

229.0 485.0 1231.0 57.0 dorado y tohallas bordadas con el mayor gusto y primor. Recos-

231.0 529.0 1229.0 58.0 tóse en lasilla y descansó un rato, en cuyo estado soñó que una le-

231.0 577.0 1228.0 54.0 gion de demonios le cogian por las espaldas para arrojarle al fuego:

229.0 621.0 1224.0 57.0 despertóse despavorido y asustado, no cesando de santiguarse,

232.0 666.0 1228.0 56.0 poniendo mano á su espada para defenderse; pero no observando

231.0 707.0 1228.0 57.0 cosa que viniese á hacerle daño, se serenó del todo; mas sí vió á

232.0 756.0 1228.0 53.0 un extremo de la sala una antorcha encendida, y con deseo de ver

231.0 800.0 1229.0 57.0 quién estuviese allí, se dirigió á ella: mas á su llegada, se movió

229.0 845.0 1230.0 50.0 dirigiéndose á otras hermosísimas habitaciones, cuyos estrados

229.0 887.0 1230.0 55.0 eran de finísíma seda guarnecidos de brocados de oro, donde se

229.0 934.0 1230.0 57.0 divisada una cama tan preciosa, que en el mundo no se encontra-

229.0 975.0 1228.0 56.0 ria otra igual, en la que habia un hermoso escudo de armas: en

232.0 1021.0 1227.0 59.0 los ángulos de la colcha se veian bordados con el mayor primor

232.0 1073.0 1225.0 51.0 varios retratos de reyes y príncipes, adornados con oro y piedras

228.0 1114.0 1228.0 53.0 preciosas. Visto por el conde esta grandeza, maravillóse mucho;

227.0 1152.0 1230.0 59.0 mas creido de que la mesa provista de viandas y manjares habia

228.0 1198.0 1228.0 60.0 sido prevenida para él, tambien lo seria aquella riquísima cama:

227.0 1242.0 1229.0 56.0 desnudóse de sus ropas y se metió en ella, confiado en la volun-

227.0 1284.0 1021.0 56.0 tad de Dios, de quien creia emanaban tantos favores.

294.0 1328.0 1162.0 62.0 La emperatriz que habia permanecido invisible siempre á la

227.0 1371.0 1226.0 62.0 vista del conde, como igualmente lo habian sido todos los de su

223.0 1416.0 1225.0 62.0 córte, contó á Oriana (dama que se hallaba en su compañía),

221.0 1458.0 1230.0 64.0 cuanto habia acaecido al conde Partinoples, cómo lo habia traido

221.0 1505.0 1223.0 63.0 allí y con qué objeto. Oriana manifestó grandes deseos de verle,

223.0 1548.0 1225.0 65.0 pidiéndola encarecidamente se lo mostrase. La emperatriz la dijo

223.0 1593.0 1226.0 67.0 que no podia ser al presente por ciertos inconvenientes que se

221.0 1635.0 1227.0 62.0 oponian á ello, y que resultaria desvanecerse todo el encanta-

221.0 1680.0 1224.0 66.0 miento, cayendo en una gran vergüenza, por cuantos sus tuto-

221.0 1728.0 1222.0 57.0 res le habian prefijado dos años de plazo para que tomase marido,

223.0 1770.0 718.0 62.0 y ella se habia adelantado á hacerlo.

285.0 1807.0 1160.0 67.0 En seguida la emperatriz se dirigió al aposento donde descan-

219.0 1858.0 1225.0 59.0 sabe el conde, y se acostó en el mismo lecho, diciendo en alta voz:

220.0 1900.0 1220.0 61.0 encomiéndome á Dios, á María Santisima y á todos los santos y

220.0 1941.0 1224.0 64.0 santas de la Córte celestial. Al oirla el conde sintiéndola á su la-

219.0 1985.0 1224.0 68.0 do, exclamó: ¡Oh Dios mio! ¿quién está aquí conmigo? Ella con-

220.0 2033.0 1220.0 71.0 testándole, dijo: soy emperatriz, tengo siete reyes á mi mando,
