1739 2401
836.0 146.0 150.0 48.0 — 8 —

284.0 232.0 1230.0 32.0 duques, condes y marqueses, sin ser nadie osado á entrar en este

282.0 250.0 1234.0 59.0 mi palacio; más vos, quien quiera que seais, que aquí os hallo

282.0 296.0 1235.0 58.0 acostado, decidme al punto quién sois. Contestóle entonces aquel

282.0 340.0 1236.0 53.0 revelándole su nombre y circunstancias, implorándola el perdon

284.0 385.0 1234.0 59.0 de su imprudencia; pero la emperatriz con tono altivo le dijo: le-

288.0 429.0 1228.0 59.0 vantaos de aquí y marchad en seguida por donde habeis venido,

284.0 473.0 1234.0 59.0 porque de lo contrario, daré voces para que os echen ignominio-

284.0 516.0 1232.0 61.0 samente. Oyendo esto el conde, la dijo: señora, yo os voy á com-

286.0 561.0 1231.0 55.0 placer al momento; mas como el palacio es tan grande, ignoro por

285.0 605.0 1232.0 59.0 dónde me tengo que ir, al paso que todo está á oscuras y me hallo

286.0 649.0 1231.0 60.0 tan cansado y rendido que apenas puedo moverme de aquí. La em-

288.0 694.0 1226.0 58.0 peratriz volvió á decirle, que si no se levantaba inmediatamente,

288.0 738.0 1232.0 59.0 ella lo haría é iria á buscar á sus caballeros para que le quitasen

288.0 781.0 1228.0 62.0 la vida. El conde volvió á suplicar, la tuviese compasion de él, y

290.0 829.0 1230.0 59.0 se puso muy afligido, en tales térmiuos, que no pudo menos de

290.0 873.0 1224.0 54.0 verter lágrimas. Ella al observarle de este modo se enterneció y

288.0 916.0 1229.0 60.0 quedó quieta sin decirle nada. El conde, creyendo que la interlo-

286.0 960.0 1232.0 60.0 cutora voz habia quedado convencida de las razones que habia

289.0 1007.0 1231.0 58.0 expuesto, qued ó profundamente dormido á causa de la gran sen-

289.0 1051.0 639.0 52.0 sacion que habia experimentado.

353.0 1092.0 1167.0 56.0 Al siguiente dia, al dispertarse el conde, se encontró solo en

290.0 1136.0 1230.0 56.0 el lecho, creyendo desde luego que cuanto le acababa de suceder

288.0 1184.0 1232.0 60.0 era una mera ilusion ó un delicioso sueño de su imaginacion tras-

290.0 1235.0 1231.0 50.0 tornada; pero no era así, pues se convenció de lo contrario al mirar

289.0 1271.0 1231.0 60.0 que los vestidos que habia dejado al acostarse no estaban allí, en-

288.0 1320.0 1233.0 48.0 contrando en su lugar otros muy distintos, y entre ellos un manto

290.0 1360.0 1234.0 52.0 de terciopelo carmesí forrado de seda finísima y bordado de oro con

289.0 1404.0 1233.0 57.0 las armas de la emperatriz: vistióse y se dirigió en seguida al es-

292.0 1451.0 1232.0 57.0 trado donde se encontró el tocador y recados para aderezarse, lo que

289.0 1493.0 1235.0 54.0 ejecutado salió á la sala en la que habia una grande estufa: sentó-

289.0 1543.0 1233.0 49.0 se en un sillon que habia, y despues que se hubo calentado salió

288.0 1583.0 1234.0 56.0 del palacio á pasear por sus inmediaciones, admirado de sus pre-

290.0 1628.0 1234.0 58.0 ciosos jardines, adornados de bellas fuentes y de diversidad de

289.0 1671.0 1235.0 60.0 flores olorosas que exhalaban diferentes olores aromáticos que re-

289.0 1716.0 505.0 56.0 creaban los sentidos.

357.0 1762.0 1165.0 54.0 La emperatriz estaba tan segura de salir bien con su empresa,

289.0 1806.0 1236.0 50.0 que contó el hecho á sus confidentes, los cuales quedaron asombra-

289.0 1851.0 1239.0 49.0 dos de su astucia y sagacidad. Cuando llegó la hora de comer volvió

290.0 1894.0 1236.0 52.0 el conde al palacio y halló la mesa bien cubierta de cuantas viandas

292.0 1940.0 1234.0 58.0 pudiese apetecer: sentóse en la silla y fué tan bien servido deman-

288.0 1983.0 1240.0 59.0 jares y frutas, que no podia desear más el mayor monarca del mun-

288.0 2027.0 1237.0 79.0 do. Despues de haber comido se levantó y fué á pasear por el alcázar.
