1713 2413
757.0 179.0 172.0 73.0 — 31—

236.0 276.0 1224.0 40.0 negro era quien habia ganado el torneo; pero se ignoraba quién fue-

234.0 298.0 1228.0 58.0 se, á lo que contestó el conde: yo soy el conde de Bles, sobrino

236.0 341.0 1222.0 59.0 del rey de Francia, y mi nombre es Partinoples: al oir la empera-

234.0 384.0 1226.0 62.0 triz la relacion del conde, cayó sin sentido en tierra, recogiéndola

233.0 430.0 660.0 57.0 Oriana al momento en sus brazos.

293.0 471.0 1167.0 58.0 Grande fué la cuestion que tuvieron los reyes sobre la eleccion

232.0 516.0 1226.0 56.0 de emperador entre el soldan y el conde, y por último, determi-

233.0 563.0 1226.0 59.0 naron que la emperatriz eligiese por esposo aquel que más le agra-

232.0 605.0 1227.0 57.0 dase de los dos: así lo hicieron llevándolos ante su presencia: ente-

233.0 650.0 1226.0 59.0 rada de lo convenido por los reyes, mandó al conde se quitase el

234.0 693.0 1225.0 61.0 yelmo: al momento le conoció muy bien, y se fué para él toda

234.0 738.0 1225.0 60.0 trémula del placer que esperimentaba interiormente: le echó los

234.0 782.0 1226.0 62.0 brazos al cuello, diciendo: mi voluntad es, segun lo pactado por

233.0 828.0 1223.0 59.0 los reyes, de que este caballero sea mi esposo. Al momento se oye-

230.0 872.0 1228.0 61.0 ren varios golpes de música que daban la enhorabuena al nuevo

230.0 922.0 1225.0 56.0 emperador: todos los caballeros fueron besándole la mano, siendo

230.0 963.0 1221.0 58.0 el primero Guadin, diciéndole: viva, viva mi señor el emperador;

234.0 1009.0 1116.0 58.0 y los reyes le tomaron en brazos y le proclamaron por tal.

296.0 1052.0 1154.0 56.0 El soldan de Persia, con todo su séquito y acompañamiento,

228.0 1095.0 1224.0 63.0 despues de besar la mano y prestado la debida obediencia al nue-

232.0 1147.0 1216.0 52.0 vo emperador, se despidió, marchando en seguida para sus tierras,

230.0 1185.0 1221.0 56.0 llevándose el desconsuelo de que la emperatriz hubiese elegido

230.0 1234.0 1221.0 58.0 por esposo á su rival; pero hubo de conformarse con la suerte que

228.0 1277.0 674.0 56.0 le habia tocado, bien á pesar suyo.

288.0 1317.0 1159.0 59.0 Grandiosas fueron las fiestas que se hicieron en todo el impe-

225.0 1363.0 1219.0 53.0 rio, en la coronacion del nuevo emperador, cuyas noticias llegadas

226.0 1408.0 1214.0 57.0 á Francia fueron igualmente celebradas por la madre del conde,

225.0 1451.0 1219.0 61.0 el rey y demás grandeza del reino, que manifestaron el grande

226.0 1501.0 1217.0 55.0 placer que les causaba en haber sido reconocido y coronado por

225.0 1541.0 1217.0 51.0 emperador el conde de Partinoples; á cuyo efecto le enviaron em-

225.0 1584.0 1217.0 60.0 bajadores, felicitándole por su elevacion, y ofreciéndole los refuer-

222.0 1630.0 1220.0 59.0 zos y auxilios que pudiese necesitar; y formando desde aquella

222.0 1683.0 951.0 47.0 época una completa alianza entre ambas naciones.

244.0 1718.0 1195.0 58.0 Pasados los primeros momentos del placer que todos en ge-

221.0 1764.0 1218.0 56.0 neral habian disfrutado, quiso la emperatriz saber de la misma

224.0 1807.0 1212.0 57.0 boca de su esposo cuanto le habia ocurrido desde su huida del pa-

219.0 1848.0 1217.0 59.0 lacio, pues informada por Oriana, le habia estimulado su curiosi-

219.0 1892.0 1217.0 58.0 sidad. Muy sensible le fué, verdaderamente, el escuchar los pa-

221.0 1941.0 1214.0 59.0 padecimientos que por causa suya habia sufrido; pero la satisfac-

217.0 1982.0 1218.0 65.0 cion que disfrutaban en aquellos instantes, les disipaba los pesares

221.0 2028.0 1043.0 61.0 pasados y que ya se les presentaba un dichoso porvenir.

287.0 2071.0 1152.0 72.0 El moro Guadin, compañero de armas del conde, pasados los
