1700 2340
792.0 167.0 190.0 59.0 — 20—

267.0 224.0 1231.0 63.0 descubierto, por ser la emperatriz muy perspicaz y advertida.

269.0 274.0 1231.0 64.0 Llegada la noche se dirigió hácia el alcázar temblándole las car-

269.0 319.0 1233.0 58.0 nes: penetró, en fin, hasta la pieza donde estaba la cámara de la

270.0 365.0 1229.0 60.0 emperatriz, y se arrimó á un rincon junto á la cama, cuidando

267.0 410.0 1230.0 60.0 de tener la linterna bien tapada. Estando así muy pensativo,

265.0 455.0 1234.0 57.0 oyó pasos y no creyéndose bastanle seguro en aquel sitio se

267.0 500.0 1230.0 55.0 ocultó entre unas cortinas: pronto vió que venia la emperatriz,

270.0 540.0 1228.0 65.0 la que llegada á la estancia se desnudó y metió en la cama, que-

269.0 590.0 1230.0 57.0 dándose dormida al poco tiempo; el conde al observarlo, sacó la

270.0 639.0 1227.0 53.0 linterna con mucho cuidado, y la fué descubriendo el rostro sin

273.0 677.0 761.0 61.0 que ella hiciese el menor movimiento.

332.0 721.0 1168.0 59.0 El conde embriagado de placer al contemplar aquella hermo-

270.0 767.0 1229.0 57.0 sura tan perfecta, no se hartaba de mirarla: pero inadvertidamente

271.0 816.0 1229.0 58.0 dejó que le cayera una gota de aceite en los pechos, y despertó

270.0 859.0 1232.0 56.0 despavorida. Luego que la emperatriz se vió descubierta de la ro-

274.0 900.0 1232.0 63.0 pa, dió un grito, diciendo: ¡ay Dios mio, soy perdida! y se desma-

279.0 945.0 1220.0 61.0 yó: el conde echó á huir con la linterna por los salones del pala-

275.0 989.0 1222.0 61.0 cio tan atropelladamente, que se le cayó al suelo y se quebró,

278.0 1038.0 1219.0 56.0 quedando en completa oscuridad: con este nuevo contratiempo,

278.0 1081.0 1221.0 57.0 se vió tan apurado que se puso á maldecirse á si mismo y al que

278.0 1121.0 1224.0 56.0 le habia dado tan diabólico consejo. A poco rato volvió en sí la

277.0 1171.0 1223.0 58.0 emperatriz, y bañada en llanto, exclamó diciendo: ¡Oh doncel

279.0 1210.0 1223.0 57.0 traidor, yo haré que hoy mismo os quiten la vida en viniendo el

277.0 1255.0 1223.0 60.0 dia, pues que me habeis deshonrado! Saltó de la cama, y mientras

277.0 1300.0 1226.0 61.0 se estaba vistiendo, se le presentó el conde todo compungido, se

278.0 1344.0 1224.0 62.0 postró á sus piés pidiéndola por merced le perdonase, y ella le

275.0 1389.0 1229.0 59.0 contestó con arrogancia: no, no, me habeis perdido y teneis que

277.0 1436.0 1227.0 57.0 morir. En seguida la emperatriz se salió del palacio é hizo que se

275.0 1480.0 1228.0 56.0 cerraran las puertas dejando dentro al conde, y dirigióse al

275.0 1531.0 1228.0 53.0 de Oriana, á quien contó lo acaecido con él en haberla descubier-

278.0 1571.0 1224.0 59.0 to y deshonrado; por cuya razon, el encantamiento estaba deshe-

278.0 1613.0 1222.0 53.0 cho, estando expuestos por lo mismo á que todos sus vasallos los

279.0 1658.0 1221.0 54.0 viesen. A eso Oriana le contestó: pues yo me llevaré hombres bien

278.0 1701.0 1221.0 63.0 armados y me dirigiré con ellos adonde está, á fin de que lo hagan

280.0 1748.0 1219.0 61.0 pedazos. La emperatriz mandó llamar sesenta hombres, previnién-

279.0 1794.0 1221.0 57.0 doles se pusiesen en acecho de un caballero que habia entrado en

279.0 1836.0 1224.0 60.0 su palacio; y ella se fué á colocar frente de la ventana donde el

279.0 1879.0 1223.0 64.0 conde se encoutraba asomado, el que á pesar del peligro que le

280.0 1925.0 1222.0 62.0 amenazaba, no hacia sino mirarla, pareciéndole cada vez más

282.0 1966.0 177.0 59.0 hermosa.

347.0 2018.0 1156.0 50.0 A todo esto, las puertas del palacio, abiertas por órden de la em-

283.0 2057.0 1219.0 72.0 peratriz, se hallaban perfectamente guardadas por muchos centine-
