1590 2377
702.0 159.0 180.0 57.0 — 15—

169.0 215.0 1233.0 68.0 mucha agilidad, dió un salto al través, alzó el brazo cuanto pu-

169.0 264.0 1226.0 63.0 do, y dió con la espada un gran golpe á la cabeza del caballo,

171.0 310.0 1228.0 54.0 que le hendió los sesos, de modo que cayó el rey dándose tan fuer-

174.0 353.0 1227.0 64.0 te golpe que creyeron se habia muerto; mas en seguida se levan-

172.0 404.0 1229.0 48.0 tó y agarró al conde pensando derribarle. Anduvieron así abra-

172.0 442.0 1226.0 62.0 zados uno al otro un gran rato, por lo cual el rey dijo: caballero,

171.0 485.0 1228.0 63.0 si os parece bien, podemos descansar un poco y despues volvere-

171.0 530.0 1231.0 55.0 mos á nuestra contienda. El conde contestó que se conformaba

174.0 575.0 1225.0 61.0 con ello; á cuyo efecto apartáronse el uno del otro, yéndose el rey

171.0 619.0 1230.0 61.0 moro á sentar encima de su caballo que estaba muerto; y el con-

174.0 665.0 1229.0 58.0 de, en lugar de sentarse, hincó la punta de su espada en tierra

174.0 711.0 1225.0 60.0 mirando siempre á su enemigo, y así estuvieron bastante rato,

176.0 755.0 1226.0 59.0 hasta que dijo el conde: levantaos de ahí que ya es tiempo que

174.0 798.0 1228.0 61.0 acabemos nuestra pendencia, pues los caballeros que nos obser-

176.0 845.0 1226.0 54.0 van están impacientes, y no es cosa de dejar pasar el tiempo en

175.0 888.0 1223.0 61.0 balde: poniéndose en pié el moro con mucha calma y presuncion,

174.0 933.0 1228.0 61.0 le respondió: continuemos, pues, nuestro combate; y peleando

174.0 979.0 1225.0 56.0 como dos enemigos capitales, bien cubiertos de sus escudos, se

174.0 1020.0 1225.0 61.0 daban tan recios golpes, que se hacian saltar los yelmos y escu-

175.0 1065.0 1226.0 61.0 dos á pedazos. Quebróse la espada al conde por la inmediacion de

174.0 1115.0 1227.0 57.0 la cruz, quedándose desarmado, y su contrario comenzó á herirle

174.0 1156.0 1227.0 60.0 sin compasion, de modo que los franceses ya le creyeren muerto.

176.0 1201.0 1223.0 53.0 Los moros principiaron á gritar: ¡victoria! ¡victoria! cuyas voces

175.0 1243.0 1220.0 61.0 en vez de amilanar al desventurado conde que se veia perdido,

176.0 1288.0 1219.0 61.0 le animaron, y dirigiéndose con la mayor presteza al sitio

175.0 1333.0 1222.0 54.0 donde estaba su caballo muerto, sacó una espada que estaba

176.0 1374.0 1219.0 64.0 pendiente del arzon de la silla, la misma que le habia regala-

176.0 1420.0 1221.0 62.0 do la emperatriz, y cobró tan grande esfuerzo, que fué ma-

174.0 1465.0 1225.0 60.0 ravilla, porque le vino á la memoria la persona de cuya mano la

174.0 1508.0 1225.0 64.0 habia recibido, y que solo por ella se batia: con efecto, así lo de-

175.0 1556.0 1220.0 59.0 mostró desde aquel momento por su denuedo, coraje y bizarría,

174.0 1603.0 1224.0 55.0 acometiendo al moro con toda serenidad: viéndose el rey á tan

175.0 1648.0 1220.0 55.0 mal traer sin dejarle respirar, esclamó en voz baja diciendo: ¡vál-

178.0 1691.0 1220.0 57.0 game Mahoma! ¡parece que este caballero dá principio ahora al

175.0 1731.0 1223.0 55.0 combate, al paso que á mi me van faltando las fuerzas para resis-

176.0 1777.0 1223.0 61.0 tirlo! Así era, efectivamente, pues estaba ya tan fatigado que no

176.0 1819.0 1222.0 54.0 podia alzar el brazo, viéndose precisado á hincar las rodillas en

174.0 1864.0 1225.0 60.0 tierra delante del conde, [r]indiéndose á él por su vasallo. En esto

172.0 1906.0 1226.0 62.0 el traidor conde de Mars, que guardaba el campo bajo su fé y ju-

174.0 1955.0 1224.0 57.0 ramento de que ninguno de los suyos habia de tomar parte en

171.0 2000.0 1228.0 56.0 aquella parcial contienda, hizo que todos los que estaban allí con

171.0 2041.0 1227.0 71.0 él arrojaseu las capas con que tenian cubiertas las armas, ponien-
