1672 2400
840.0 209.0 134.0 27.0 — 26 —

268.0 237.0 1236.0 63.0 sitios teniendo cuidado de que el conde estuviese inmediato á la

270.0 289.0 1231.0 56.0 puerta donde no le pudiese advertir la emperatriz; despues del

268.0 334.0 1234.0 55.0 razonamiento que les hizo, se levantó y fué armándolos uno

270.0 380.0 1231.0 58.0 por uno, presentándoselos la infanta: llegó á tocarle al conde, que

269.0 430.0 1229.0 54.0 hincado de rodillas y con la cabeza baja no le pudo conocer na-

269.0 470.0 1232.0 58.0 die y recibió la espada de mano de su querida, en cuyo acto arre-

270.0 512.0 1230.0 56.0 batado de placer hubo de caer en tierra: mas Oriana acudió al mo-

268.0 557.0 1229.0 57.0 mento, y dándole en las espaldas con la mano le advirtió el peligro

270.0 602.0 1228.0 55.0 que corria si era descubierto; diciendo á la emperatriz no lo extra-

272.0 649.0 1220.0 55.0 ñase, pues eran jóvenes que no habian tomado nunca las armas, y

270.0 690.0 1223.0 55.0 se hallaban sofocados con las armaduras que llevaban puestas.

270.0 740.0 1227.0 52.0 Pasadas las ceremonias necesarias para semejante acto, se despi-

268.0 778.0 1228.0 59.0 dió Oriana de la emperatriz y se fué á la ciudad, llevándose al

266.0 824.0 450.0 58.0 conde en su compañía.

718.0 1005.0 322.0 73.0 CAPITULO VII.

270.0 1137.0 1222.0 69.0 Como un dia divirtiendose el conde por la orilla del mar, fué

297.0 1198.0 1192.0 40.0 apresado y conducido á tierra de moros: y lo que le suce-

297.0 1228.0 1191.0 52.0 dió Iuego hasta ganar á fuerza de armas en el torneo Ia

300.0 1268.0 481.0 54.0 mano de la emperatriz.

329.0 1406.0 1163.0 59.0 Mientras que se hacian los preparativos para el torneo, y en

265.0 1450.0 1221.0 59.0 uno de los dias que se divertia el conde por las orillas del mar,

262.0 1494.0 1227.0 59.0 observó una lancha á su orilla, en la cual se metió é internó tanto,

265.0 1542.0 1224.0 55.0 que cuando quiso volver atrás ya no pudo, por causa de un fuerte

266.0 1584.0 1222.0 53.0 viento que le llevó á las costas del moro, donde le hicieron prisio-

264.0 1628.0 1224.0 58.0 nero, presentándole á su rey Herman, quien al pronto mandó qui-

266.0 1674.0 1218.0 58.0 tarle la vida; mas la sultana interpuso su poderoso influjo y

264.0 1720.0 1225.0 52.0 le salvó de aquel conflicto; pero mandó le encerrasen en una maz-

261.0 1765.0 1228.0 52.0 morra subterránea; y teniendo el rey que ausentarse para asistir

264.0 1809.0 1026.0 49.0 al torneo, emprendió la marcha con toda su comitiva.

329.0 1850.0 1163.0 54.0 El esforzado conde, viéndose preso y sin poder asistir á aquella

265.0 1897.0 1227.0 53.0 fiesta, se quejaba amargamente de su suerte. Informada la sultana

266.0 1941.0 1224.0 56.0 de los tristes lamentos del cautivo, le mandó sacar y traer á su pre-

265.0 1986.0 1225.0 55.0 sencia, y por medio de su intérprete, le preguntó la causa de su pe-

268.0 2033.0 1220.0 53.0 sar, á lo que satisfizo con manifestarle el compromiso en que se

269.0 2072.0 1219.0 78.0 veia, de no poder asistir al torneo que debia celebrarse dentro de
