1753 2480
351.0 142.0 39.0 58.0 2

264.0 202.0 593.0 54.0 Si oyes doblar las campanas,

219.0 241.0 632.0 66.0 no preguntes quién ha muerto:

221.0 299.0 471.0 54.0 que pronto te lo diràn,

221.0 351.0 512.0 60.0 niña tus remordimientos.

264.0 427.0 581.0 75.0 No llores, mi bien, no llores

214.0 481.0 592.0 72.0 del bien perdido la ausencia,

219.0 533.0 640.0 64.0 que para el bien nunca es tarde

217.0 580.0 570.0 75.0 cuando en la fé se alimenta.

260.0 663.0 475.0 74.0 Ayer despertaba alegre

217.0 723.0 589.0 74.0 y hoy me despierto llorando,

217.0 783.0 442.0 58.0 Ayer soñaba ilusiones

217.0 826.0 508.0 77.0 y hoy recojo desengaños.

260.0 915.0 475.0 74.0 No te asomes, vecinita,

212.0 973.0 573.0 60.0 muy temprano á la ventana;

212.0 1027.0 590.0 55.0 mira que á mí me despiertan

212.0 1072.0 542.0 72.0 conforme el sol se levanta.

260.0 1161.0 436.0 64.0 Ayer me dijo un loco

208.0 1217.0 379.0 62.0 desde su encierro:

223.0 1250.0 552.0 85.0 —¿Quieres tener juicio?.....

210.0 1318.0 383.0 70.0 deja á los cuerdos.

254.0 1392.0 473.0 85.0 Gloria, poder y riqueza

208.0 1457.0 517.0 62.0 vanos fantasmas los creo;

212.0 1506.0 494.0 70.0 y poder, riqueza y gloria

208.0 1562.0 594.0 64.0 siempre son mi pensamiento.

254.0 1651.0 492.0 70.0 De la lisonja el incíenso

210.0 1713.0 513.0 49.0 ciega, turba y enloquece;

208.0 1750.0 631.0 60.0 No hay una muerte mas dulce,

210.0 1795.0 697.0 79.0 pero ¡ay, de aquellos que mueren!

258.0 1884.0 444.0 77.0 No me vengas á decir

204.0 1942.0 507.0 68.0 lo que yo debiera hacer:

214.0 1996.0 526.0 68.0 ¡que me tengo que morir,

210.0 2050.0 459.0 70.0 ó la tengo que querer!

254.0 2122.0 583.0 91.0 Siempre que miro tus lábios

206.0 2190.0 449.0 70.0 envidio á la mariposa,

210.0 2238.0 604.0 66.0 que vé la miel, para el vuelo,

208.0 2285.0 567.0 95.0 la bebe..... y el vuelo toma.

973.0 179.0 513.0 87.0 Es el Templo de la fama

932.0 254.0 546.0 56.0 para algunos ¡tan pequeño!

934.0 303.0 585.0 58.0 que dicen, que nadie cabe...

932.0 351.0 634.0 56.0 despues que están ellos dentro.

979.0 434.0 519.0 74.0 El pensamiento es el rayo

934.0 498.0 504.0 53.0 que lanza la inteligencia;

934.0 547.0 587.0 52.0 rayo que abrasa los mundos,

932.0 597.0 622.0 66.0 rayo que alumbra ó que ciega.

977.0 673.0 571.0 75.0 Árboles que estais sin hojas,

926.0 727.0 444.0 68.0 La primavera vendrá.

926.0 783.0 593.0 64.0 Lágrimas que un amor causa

926.0 834.0 405.0 73.0 otro amor enjugará.

973.0 923.0 560.0 64.0 Al hombre que mata á otro

928.0 977.0 465.0 66.0 van y le quitan la vída:

934.0 1027.0 680.0 70.0 ¡Para la que engaña á un hombre

926.0 1074.0 587.0 66.0 no hay en el mundo justicia!

973.0 1159.0 484.0 70.0 Yo no sé si las mugeres

924.0 1215.0 626.0 70.0 quieren tanto como el hombre;

926.0 1264.0 483.0 64.0 pero que olvidan mejor,

926.0 1326.0 452.0 52.0 ninguno lo desconoce.

969.0 1395.0 558.0 84.0 Tu amor con la golondrina

926.0 1457.0 448.0 66.0 lo tengo de comparar;

926.0 1516.0 454.0 62.0 en la primavera viene,

924.0 1560.0 454.0 83.0 y on el invierno se vá.

971.0 1638.0 449.0 85.0 Género que vale poco

926.0 1713.0 531.0 56.0 es el que mas se pregona:

924.0 1760.0 554.0 56.0 Anda vé y dile á tu madre,

921.0 1806.0 701.0 64.0 que no está el tiempo de compras.

975.0 1884.0 563.0 81.0 Las gentes me llaman loco,

934.0 1948.0 521.0 69.0 porque digo lo que siento:

926.0 1998.0 473.0 60.0 Si soy loco por decirlo,

928.0 2046.0 612.0 76.0 ¡Dios me libre de los cuerdos!

967.0 2136.0 513.0 71.0 Los ojos de una morena,

926.0 2192.0 552.0 62.0 dicen, que mirando matan:

926.0 2242.0 521.0 64.0 ¡Mil vidas que yo tuviera,

924.0 2294.0 485.0 88.0 mil en los tuyos dejára!
