1753 2480
217.0 192.0 535.0 68.0 En los brazos de una niña

165.0 252.0 577.0 58.0 náufrago soy que me ahogo:

169.0 303.0 548.0 58.0 Llevadme á puerto seguro,

169.0 343.0 482.0 66.0 Madre mia del Socorro.

212.0 431.0 557.0 83.0 El vicio es mar borrascoso,

167.0 487.0 504.0 66.0 la virtud, tranquilo lago;

167.0 541.0 457.0 62.0 este se cruza apacible,

169.0 593.0 608.0 68.0 y en aquel todos son náufrago.

217.0 673.0 471.0 73.0 El árbol está sin hojas,

165.0 733.0 585.0 68.0 las fuentes ya no murmuran,

163.0 789.0 574.0 60.0 nieves cubren las montañas,

167.0 828.0 661.0 91.0 ¡mi amor duerme en una tumba!

219.0 911.0 411.0 81.0 Vistiéndo sedas te ví

163.0 977.0 498.0 60.0 en la calle esta mañana,

167.0 1027.0 610.0 74.0 y en cambio siempre de jerga,

167.0 1072.0 451.0 62.0 vestida llevas el alma.

214.0 1149.0 490.0 82.0 ¡Me quisiera usted decir

163.0 1215.0 546.0 68.0 qué clase de gente es esta.

165.0 1264.0 490.0 73.0 que para decir verdades

161.0 1316.0 488.0 64.0 necesita una careta.....!

206.0 1405.0 529.0 78.0 Hombres, las hijas de hoy

159.0 1469.0 533.0 54.0 serán las madres mañana:

163.0 1519.0 585.0 57.0 pensad en que vuestras hijas

165.0 1574.0 575.0 52.0 téndrán ellas que educarlas.

208.0 1651.0 536.0 72.0 Con el dulce de tus lábios

161.0 1711.0 531.0 64.0 se puede endulzar el mar,

165.0 1754.0 523.0 68.0 y con la sal de tu cuerpo,

167.0 1808.0 473.0 62.0 ¿qué no se puede salar?

210.0 1903.0 561.0 64.0 Siempre que se pone el sol

163.0 1953.0 531.0 70.0 se ha de llevar mi alegría,

167.0 1996.0 469.0 62.0 y ya no me la devuelve

165.0 2048.0 490.0 68.0 hasta que nace otro dia.

206.0 2134.0 585.0 83.0 Cuando me dices «te quiero»

163.0 2192.0 434.0 66.0 el aire triste suspira,

163.0 2248.0 535.0 52.0 que al dueño de tu cariño

163.0 2296.0 546.0 103.0 hasta el aire tiene envidia.

1409.0 128.0 33.0 91.0 3

928.0 192.0 469.0 72.0 El talento una limosna

882.0 254.0 455.0 58.0 pide en oscuro rincon,

884.0 297.0 465.0 62.0 y la ignorancia le dice:

890.0 349.0 619.0 62.0 —Perdone, hermano, por Dios.

930.0 438.0 541.0 70.0 Al marcharse los franceses

878.0 489.0 459.0 62.0 una bala me encontré;

878.0 543.0 488.0 62.0 llorando estaba la pobre

880.0 595.0 562.0 72.0 porque no mató un francés.

928.0 671.0 471.0 81.0 Te ries cuando me vés,

882.0 733.0 629.0 66.0 y me han muerto tus desdenes;

882.0 785.0 562.0 64.0 las campanas son de bronce

880.0 832.0 593.0 71.0 y doblan por los que mueren.

926.0 915.0 562.0 81.0 Tus ojos me están matando,

876.0 977.0 571.0 62.0 me hacen vivir tus sonrisas;

878.0 1033.0 509.0 62.0 desde que te quiero estoy

878.0 1072.0 517.0 75.0 entre la muerte y la vida.

919.0 1167.0 445.0 70.0 Con afeites y pinturas

876.0 1229.0 475.0 60.0 se pone blanca la cara:

876.0 1264.0 568.0 64.0 no hay pintura en el mundo

880.0 1326.0 533.0 60.0 para poner blanca el alma.

921.0 1405.0 594.0 76.0 Mi muerto amor de su tumba

876.0 1469.0 566.0 66.0 salió al ver tus ojos negros,

880.0 1523.0 490.0 58.0 porque tus ojos morena,

876.0 1568.0 492.0 64.0 resucitan á los muertos,

926.0 1653.0 562.0 72.0 Tras la noche vuelve el dia,

878.0 1713.0 556.0 62.0 tras la tempestad la calma;

880.0 1758.0 451.0 62.0 pero tras el desengaño

878.0 1808.0 542.0 72.0 nunca vuelve la esperanza.

928.0 1895.0 475.0 70.0 Hay un letrero que dice

878.0 1948.0 513.0 60.0 en la puerta del presidio:

880.0 2006.0 424.0 52.0 «Esta casa dá posada

878.0 2050.0 502.0 72.0 à todos los malos hijos.»

921.0 2141.0 505.0 72.0 En el jardin de su pecho

876.0 2192.0 484.0 66.0 suspiros plantó mi niña:

876.0 2242.0 494.0 58.0 con lágrimas de sus ojos

878.0 2289.0 484.0 89.0 los riega todos los dias.
