1831 2541
311 753 1130 117 COL-LOQUI DE QUATRE APRENENTS:

218 838 1286 104 UN TEIXIDOR, UN FORNER, UN SASTRE Y UN SABATER.

237 906 415 65 Confrares de la alegría

199 946 436 70 y devots del bon humor,

186 999 526 72 si estau un poch de patxorra,

186 1046 356 63 escolteu ab atenció,

186 1092 521 72 que'us vull referir un cuento

186 1141 392 65 alegre, gustós y nou.

192 1185 450 68 Una tarde de estas festas

190 1236 409 66 passava jo desdel Born

192 1289 458 59 per la vora del gran rech

184 1331 504 70 dret á la plassa dels porchs,

186 1378 481 64 quant vegí sobre un pedrís

182 1427 508 74 dels que fan barana al pont,

182 1475 396 62 quatre canaris novells

182 1522 485 72 que estavan prenent lo sol,

188 1575 411 61 y que passavan lo cant

180 1619 438 68 ab molta gala y primor.

190 1660 458 72 Viu allí quatre aprenents,

182 1706 430 68 que formavan entre tots

180 1753 409 74 la mes pícara quatreta

184 1806 517 70 que se haja vist de minyons.

180 1848 557 95 Lo un se diu Climent Borruga,

180 1899 370 72 es natural de Ripoll,

178 1943 459 83 es fill de un pedrenyaler,

186 1994 405 68 y es aprenent teixidor.

180 2047 400 66 Altre que fa de forner,

173 2096 475 68 se anomena Blay Cendrós,

184 2140 504 62 y es fill de una pobre viuda

173 2191 416 64 de la vila de Riudoms.

175 2233 467 68 Lo ters es fill de un pagés

173 2289 490 82 que fou batlle de Puiggrós,

898 938 441 46 se diu Bernat Pastanaga,

898 959 394 74 fa cara de gran bribó,

904 1014 556 65 y, segons diu, se ha fet sastre

904 1065 528 59 per no anar detras dels bous.

902 1107 496 76 Lo quart es lo mes vergant,

898 1156 437 65 si bè apareix un mussol,

919 1202 462 66 (que prou vegadas als fets

894 1249 409 65 la cara no correspon):

898 1298 415 76 es de la plana de Vich,

892 1340 328 74 batejat en Torelló,

892 1395 354 63 es aprenent sabater,

900 1439 394 66 y s' diu Celdoni Clicot.

892 1482 407 70 Estavan los quatre allí

890 1537 453 70 dihentse quatre mil mots,

898 1583 477 70 quant jo reparant la bulla,

902 1636 456 66 procurí acostarmehi prop,

892 1683 481 66 assentantme detras de ells,

894 1729 458 64 com qui no hi es per axó.

892 1772 470 78 En aquest temps lo forner,

896 1823 396 70 parlant ab lo teixidor,

892 1873 447 64 li deya: ¡Ay desditxat!

892 1916 430 76 No sé com fores tan boig,

892 1971 449 59 que prenguesses eix ofici

894 2017 415 68 en que serás un pobrot,

894 2066 500 79 un perdut, un mort de fam,

892 2111 424 74 desconegut, sense nom,

894 2155 568 98 puig lo mes que pots preténdrer

887 2212 403 66 es ser mestre teixidor.

883 2257 502 72 Si lo mestratge no alcansas,

885 2310 456 76 si no logras aqueix goig,
