1927 2637
351 184 500 68 con una bizarra Dama,

356 239 539 62 con un peregrino objeto,

354 285 591 62 con la muger mas hermosa

354 334 688 74 que habia en todo aquel Reyno,

354 382 587 72 tan discreta, y tan bizarra,

345 432 530 69 que si á Venus eligieron

356 483 587 66 por Diosa de la hermosura,

351 538 647 64 dando la manzana en premio,

351 586 669 75 en Doña Inés, con mas gracia,

356 637 660 74 se halla Palas, Juno, y Venus,

356 681 517 68 Se llama aquesta Señora

354 727 530 77 Doña Inés Portocarrero,

356 782 554 72 su esposo Don Alejandro,

356 830 607 84 que adora sus pensamientos,

354 887 490 62 la tierra que pisa besa,

360 942 563 62 y de continuo en su pecho

354 984 448 70 la idolatra retratada,

365 1035 550 65 por tener algun consuelo.

356 1085 567 62 Este tal tiene un hermano

356 1133 563 75 dentro de Palacio mesmo,

354 1182 488 66 que se llama Federico,

356 1228 596 79 liviano, altivo, y sobervio;

358 1283 530 68 aqueste se queda en casa

356 1333 570 64 para despachar los pliegos,

358 1388 528 64 quando el hermano salia

354 1434 583 71 á cumplir con sus empleos,

354 1487 539 64 siendo pirata de esclavos,

356 1533 528 68 y verdugo de los negros,

354 1586 497 57 enfado de las doncellas

354 1628 543 70 que le estaban asistiendo;

360 1687 526 66 porque á todos les servia

351 1727 588 77 de muy grande contrapeso,

354 1784 594 75 que lo que pasa en Palacio,

354 1834 545 80 en todo se está metiendo.

354 1885 431 61 Este tal se enamoró,

349 1931 550 68 con mal nacidos intentos,

351 1975 594 77 de la muger de su hermano,

354 2030 528 64 Doña Inés Portocarrero:

349 2078 526 73 anda triste, y desvelado,

351 2133 495 68 sin color, y macilento;

351 2175 533 75 hasta las aves le enfadan

354 2226 618 83 quando buelen con el viento.

354 2278 424 126 En fin se determinó

1106 184 620 79 cierto dia, entre unos versos

1108 241 539 73 que su esposo le escrivió,

1108 290 610 70 echando un papel en medio

1104 345 506 57 darle parte de su amor

1110 393 515 59 con infernales intentos:

1115 439 585 75 Tomó Doña Inés las cartas,

1108 494 533 64 con alegria, y contento,

1108 542 563 71 por ser de Don Alejandro

1106 588 585 71 su consorte, y compañero.

1110 639 484 68 Estandolas repasando,

1110 694 535 68 reparó con aquel pliego,

1108 740 559 75 estava muy poco hollado,

1110 793 539 66 y escrito de poco tiempo.

1108 830 623 79 Rompió la nema; y al punto

1108 892 588 61 que ha comenzado à leerlo

1106 940 530 59 en su presencia le arroja

1108 984 535 68 hecho pedazos al viento.

1110 1037 526 66 Detente muger heroyca,

1113 1078 613 84 guarda el papel en tu pecho,

1110 1140 561 70 que podrá ser que te sirva

1108 1188 508 71 algun dia de provecho:

1104 1241 541 62 mas en fin ya lo rompió,

1106 1296 629 62 que lastima! no hay remedio.

1106 1336 565 70 Mas viendo Don Federico

1102 1388 580 71 el desayre que le ha hecho,

1106 1439 433 66 colerico, y enojado

1108 1485 526 79 brota por los ojos fuego.

1106 1529 440 68 Mas ella disimulava,

1110 1586 498 73 y à solas está diciendo:

1104 1621 677 90 Quien ha de guardar mi honor,

1102 1685 580 68 quiere ofender mi respeto!

1104 1731 460 75 Mira por si Federico,

1106 1784 502 72 y respetese à si mesmo,

1099 1837 592 63 supuesto que dos hermanos

1104 1883 618 81 son dos almas en un cuerpo.

1104 1929 497 64 No le quiso decir mas:

1099 1973 588 79 él se metió en su aposento,

1102 2030 512 66 maldiciendo su fortuna,

1102 2083 528 74 jura por los altos Cielos,

1102 2129 649 90 que à pesar de todo el mundo

1104 2177 510 73 ha de lograr sus deseos.

1106 2230 491 64 Miró Doña Inés un dia

1102 2272 503 132 à Don Federico atento,

1733 2340 44 88 y
