1890 2620
303 139 415 66 Hizole una cortesia

310 189 467 66 y lamiendo los dedos,

305 240 512 65 le entregó su canastrillo

303 296 531 62 à su Señora, y su dueño,

310 336 529 72 y á la puerta de la cueva

312 386 516 79 paseandose, y rugiendo,

308 443 472 65 anda hecho centinela,

308 489 535 76 guardandola muy atento.

310 541 446 65 Al otro dia siguiente

305 589 597 68 bolvió á ejecutar lo mesmo,

312 635 478 76 pasando todos los dias

305 685 551 70 las cosas que aqui refiero.

312 740 507 63 Vamos á Don Federico,

308 788 640 70 que preguntó á los Monteros,

308 842 600 64 si es verdad que la mataron,

310 888 583 72 que les guardará el secreto,

314 934 487 72 y que tambien les dará

316 986 527 72 gran cantidad de dinero.

314 1032 498 74 Todos dijeron, que no,

312 1089 463 70 y contaron el suceso,

310 1139 594 68 como se quedó en el monte

310 1187 555 64 sin agraviarla en un pelo,

308 1235 526 66 Don Federico responde:

310 1279 601 70 en el alma os lo agradezco;

312 1336 524 72 todos juntos hemos de ir

312 1384 546 70 á buscarla muy de cierto,

312 1434 577 63 antes hoy que no mañana;

319 1486 581 70 y á mi hermano le diremos,

316 1530 512 70 que á una rica montería

319 1576 554 70 voy con otros Caballeros.

312 1630 579 75 Salen del Palacio, y llegan

314 1687 442 66 á el segundo Pirineo

314 1731 579 68 de aquel encumbrado risco

323 1775 572 80 peñas, y montes batiendo:

316 1833 549 70 mas quiso su mala suerte,

321 1882 546 69 que con la boveda dieron

314 1930 538 69 donde Doña Inés estaba,

321 1975 561 81 para la perdicion de ellos;

321 2026 609 74 que el Leon de que los vido,

319 2082 600 66 muy enojado, y sangriento,

319 2135 439 65 à los tres despedazó,

321 2157 649 94 en menos que puede un Credo

319 2235 594 94 rezarse en Latin, y el otro,

1057 133 572 80 aunque vivo, casi muerto;

1057 192 505 70 mas Doña Inés lo libró,

1057 233 627 77 que hiciera con él lo mesmo;

1064 290 550 70 porque era Don Federico,

1066 334 557 78 y lo conoció al momento:

1059 377 601 88 no cupo en su sangre noble

1057 438 511 66 aquel refran verdadero,

1061 486 540 75 porque ella la mala obra

1061 539 590 63 la pagó con buen estremo:

1064 587 528 63 Va la vuelta del Palacio,

1064 641 596 68 con mentiras, y embelecos,

1057 687 513 72 diciendo, que un Javalí

1057 733 527 63 le mató los compañeros,

1061 775 566 80 y que él con cinco heridas

1057 831 642 72 se subió encima de un Cedro;

1064 886 496 68 y que de allí se escapó,

1061 927 536 68 de aquel tirano sobervio.

1064 982 522 68 Dejemos ya tanta prosa,

1064 1037 563 63 no quiero ser tan molesto,

1064 1082 539 68 no me diga mi auditorio,

1064 1137 504 68 si es cabeza de proceso,

1066 1181 513 74 y me dén campanillazo,

1064 1227 579 74 como al que predica necio.

1061 1279 413 72 En un dia señalado

1048 1303 651 100 de la Encarnacion del Verbo,

1066 1382 520 63 se apareció à Doña Inés

1064 1427 583 72 la Virgen de los Remedios,

1064 1482 546 63 alegrando plantas, flores,

1066 1532 548 70 riscos, valles, y desiertos,

1066 1576 581 72 diciendole; Dios te guarde,

1066 1628 568 72 hija, ya se llegó el tiempo

1066 1683 476 61 de que dejes este sitio,

1070 1733 496 68 y te vayas á tu Pueblo,

1072 1785 464 64 y curarás á tu esposo,

1072 1805 643 92 que dias ha que esté enfermo;

1072 1879 496 70 y tambien à tu cuñado,

1072 1927 540 66 que las heridas vertiendo

1070 1980 507 65 todavia la están sangre,

1075 2028 487 57 y perdonale sus yerros.

1072 2067 540 79 El Leon que te ha traído

1066 2124 507 68 el quotidiano alimento,

1066 2178 542 68 ha sido por mi mandado,

1070 2231 614 146 que asi pago quando quiero,

1667 2233 59 116 re-
