1860 2629
868 109 156 105 — 6 —

219 170 561 108 valgam Den, casí 'm rebentu.

217 265 548 63 Aixó si que 's un bon cuentu

214 313 522 52 que casi be 's pot escriure,

412 352 285 62 (Surt Bertrán)

171 394 642 72 BERT. Jayu, ya torno ha se aquí.

171 440 647 79 JAYU. Senyál que yá hi has estát.

171 486 576 74 BERT. Me feu quedá tot parát

212 536 413 55 que féu partidas així.

219 578 445 88 Aixó passa de brometa.

168 622 329 74 JAYU. ¿De aque?

168 670 579 57 BERT. ¿Que no me eu entés?

214 714 547 76 De llogá 'l ruch ha tots tres.

212 764 485 55 Au; torneume la pesseta.

166 804 531 56 JAYU. Altu noy, pénsati be

208 843 482 70 que yó no soch embrolla;

208 885 590 78 me has fet vení aquí una colla,

210 935 513 64 hi no me han dát cap diné.

164 972 722 79 BERT. Com. ¿Que ya son dal ha ballá?

168 1025 689 87 JAYU. Caram, no 'n fa poch de ratu,

210 1080 412 59 si móuen un desacanu

212 1117 441 59 que tot ho fan tremulá.

206 1152 541 79 Si vas dal, ya ls' ho pots dí;

206 1202 491 64 ballá un ratu mes hi fora:

212 1248 650 79 que de aquí un cuart ho mitg hora

208 1296 430 62 tutóm ha fora de aquí.

162 1332 695 94 JAYU. ¡Quin nyenyu tens ha la cara!

166 1386 538 77 BERT. ¿Que s' conéix mol?

166 1439 441 61 JAYU. Un puquét.

162 1463 719 101 BERT. Lu Quicu, aquell me ho ha fét,

206 1522 476 70 batua 'l cul de son pare.

208 1573 425 63 Pero éll, mes tóu está

208 1608 511 67 que una coca ab espináchs;

206 1654 544 76 li ey dat uns cuáns pinyachs

201 1700 500 63 que ya deu jaure ben plà.

157 1741 608 79 JAYU. Que torneu ha fer la píu

199 1792 448 76 hi no arribén mes així;

206 1842 386 59 va véstán ha divertí

195 1877 419 64 un ratét dal al saráu.

160 1912 761 88 BERT. Ho, hi que portu uns cuans cra¬

199 1971 731 79 ¿que ya molta gen? [melos.

160 2015 416 72 JAXU. No gaires:

199 2046 720 92 deu dones, «once xerraires» (apart)

201 2105 485 59 hi set ho vúit xixarétlus.

201 2147 481 63 Tambe ya cosinas teves.

157 2186 757 83 BERT. Men hi vay que 'l tems se passa.

157 2236 632 81 JAYU. Mira tu: Si triguéu massa

197 2298 502 50 na feré una de las mevas.

155 2331 739 94 BERT. Bueno home, ya ho tinch entès,

201 2381 432 59 encara tinch confiansa

993 166 522 127 de ballá una contradansa...

995 273 485 92 Apa Jayu, hasta després.

1412 295 296 110 (puija al sasau)

954 350 596 81 JAYU. Balléu, balleu calaveras,

991 411 434 57 parellas de enamorats;

993 446 478 64 perque cuan seréu casáts

989 492 513 75 ya passaréu mes quimeras.

995 538 417 60 Vayám la dona que fa

991 587 515 65 perque ya 'm corra la rata;

987 630 543 64 tinch una gana que 'm m ta;

982 670 720 94 cap ha fe arreglá 'l sopá. (sen va dins.

1191 720 267 62 Surt lo Benet

949 755 595 77 BEN. Jayu, ay ¡no se com feru!

982 804 632 78 Los que me han vis, vinga riure,

984 858 568 66 mentres que yó no puch viure

991 904 509 55 perque tinch un desesperu.

984 937 597 75 Ni ha la claró, ni ha las foscas,

980 992 476 59 ni ha casa, ni p'el carré;

982 1029 513 62 en cap puestu no estích be

984 1071 628 83 perque se 'm menjan las moscas.

984 1126 516 63 Hasta vespas, hasta bellas,

982 1165 496 72 brumaróts, ratas penadas;

982 1215 443 60 me pegan unas picadas

982 1255 584 77 que 'm fan veure las estrellas.

980 1299 535 72 Jayu, Jayu, hoy, ahónt sóu;

973 1351 533 73 yó aixó no ho puch ressistí;

984 1402 391 50 si no cuitéu ha surtí

978 1437 425 65 me tiru de cap al póu.

1256 1467 439 99 (fense fuigí las moscas)

982 1509 568 101 Martxéu de aquí, ay quin bol;

980 1577 450 63 quin aixám, ave maría;

982 1621 430 63 si fossim al bo del dia

978 1651 699 95 taparían tot lo sol. (Surt lo Jayu)

943 1700 528 70 JAYU. No cridis escandelós

976 1748 508 70 sinó tutóm ne aurá esmén.

971 1787 566 75 De allá, hasta la dona 't sen.

938 1835 573 75 BEN. Tot es pera mor de vos.

976 1884 596 83 ¿Veyéu las moscas com entran?

969 1936 461 57 hasta véspes an entrát.

976 1984 537 57 De llevors que 'm éu, untát

978 2022 574 57 que sens pará me atormentan.

936 2059 757 94 Durán aquesta escena, tots dos se van

976 2116 344 59 donán clatelledas.

932 2138 673 83 JAYU. Mira quin una, ya es morta.

938 2199 588 68 BEN. Mireu quin altre, xafada.

973 2245 461 59 Redeu quina clatellada.

934 2291 612 59 JAYU. Como ves tanca la porta.

914 2335 638 68 BEN. Oy, oy, no pageu tan fort.

916 2374 722 86 JAYU. ¿Que no véns que te las matu?
