1860 2629
826 111 154 55 — 2 —

173 124 717 108 La escena representa un carrè curt. A

129 216 759 75 la dreta una porta que es la casa del Jayu.

168 265 275 61 Surt Baltasá.

131 284 761 88 BaLrasá. Váija, da un ras mes no puch.

177 341 597 73 ¡Válgam Deu que estich cansát!

173 394 533 61 Dos cops tot Reus ey boltát

171 431 585 77 y en cap puestu trobu un rúch.

175 475 535 74 Veyám si 'l Jayu te 'l seu. . .

177 525 568 70 pero no crech que me 'l deixi.

173 580 539 61 Li llogaré; que no 's quéixi;

175 626 520 50 no renyirém pas pí el preu.

173 652 660 75 Jayu... Jayu.. ¿si hi será? (cridán)

173 716 467 55 Jayu, Jayu... ha, ya ve.

127 749 741 68 SURT LO JAYU. A que cridas baladré...

171 799 438 64 Hola; ¿que ya Baltasá?

133 843 544 66 BALr. Necesitu, pero llogat;

175 887 515 66 lo rúch vostru, desseguida.

131 937 542 64 JAYU. Be: li posaré la brida

177 983 496 64 y enseguida está arreglát.

135 1012 641 72 BALT. No mes lo vull per un ratu

173 1066 471 71 per treijinà una caixeta.

138 1119 658 61 JAYU. Be xich... dem una pesseta;

175 1163 504 59 yó sempre 'l llogu barato.

135 1207 595 61 BALT. Teníu: vos teníu costúm

173 1246 425 64 de cobrá per endevan.

135 1283 588 77 JAYU. Aixís no m' enganyarán

175 1334 559 65 que 'ls dinés son com lo fúm.

138 1375 647 75 BALT. Ara, me eu de fe un favort

177 1430 529 57 que molt be me 'l podéu fe.

135 1470 698 61 JAYU. Ja saps que als homens de be

177 1522 542 57 may del mon los fay lo sort.

142 1544 744 79 BALT. Uns cuans jovens, «gén de páu»

182 1614 526 53 «no per fer cap cosa malar.

179 1656 625 76 Que al vespre, els deixéu la sala

182 1693 506 64 per fe un puquét de saráu.

138 1737 539 68 JAYU Buenu: tot ab orde si:

184 1778 568 73 ya saps que yó vay molt dret.

190 1842 509 57 Al ser fosch, allà á las set

184 1884 423 61 tot cristu fora de allí.

144 1919 658 70 BALT. Be; ha vegadas hi ha desitg

184 1969 495 59 de ballà algún ballet mes,

182 2006 592 68 perque algú 'l te comprumés...

142 2052 728 68 JAYU. Cá, no no; ni un cuart, ni mitg.

146 2103 689 68 BALT. Bueno donchs, quedém així...

188 2153 426 55 en fi, tot se arreglará.

188 2193 437 61 Lo rúch podeu arreglá

186 2225 717 75 que yo luegu torno ha se aquí. (Sen va)

149 2280 660 70 JAYU. Re, son cosas de companys;

193 2333 484 85 diverticións de las sevas.

936 127 489 98 També feya de las mevas

938 214 467 64 cuan yo tenía vint anys.

945 258 397 61 Ara soch assossegat:

938 291 535 72 lo qui no 'm conéix, deu dí:

945 359 517 48 (Aquet dayu que está aqui,

943 389 577 75 may, may ha trencat cap plat)

1072 427 417 68 (Surt lo Quien y diu):

912 457 673 86 QUICU. Ep Jayu, ¡Que 'm veniu be!

897 521 730 63 JAYU. Dech se un jech ho un pantalón

905 571 687 64 QUICU. No home: am caso lu mon...

901 615 575 59 JAYU. Ya tindrás bona mullé.

908 659 723 68 QUICU. Si no 'm deixéu dir ni un mot.

901 709 581 53 JAYU. Lo que no sabrás callà.

890 738 715 81 QUICU. ¿Mireu que m' entorno aná?

903 788 581 70 JAYU. Ya no foras bo per bot.

901 834 704 75 QUICU. Buenu, prou, ya está acabat,

945 880 603 62 vay depressa, y me interessa...

905 928 628 68 JAYU. Si que vas ben adepressa,

943 968 480 72 si mes camina un armat.

914 1005 663 79 QUICU. Be, ¿que 'm voleu despedí?

916 1066 614 66 JAYU. Va digas, veyám, que ya.

908 1108 629 77 QUICU. Si 'm voléu lo rúch llogá

947 1152 463 61 si ha acas lo teníu aquí.

910 1200 653 57 JAYU. A dintre l' estable 'l tinch.

954 1235 451 83 ¿que 's per molt temps?

921 1279 594 77 QUICU. Per mitja hora;

951 1323 564 70 sols per dur dos sachs á fora.

919 1375 675 77 JAYU. Au, paga; vinga 'l pistrinch.

916 1419 608 62 QUICU. De paga ya m' aconortu

954 1474 500 55 cuan turnaré 'l ruch aquí.

958 1507 518 68 ¡Ay! ¿Que no 's fiéu de mi?

905 1551 623 65 JAYU. Ni á la camisa que portu.

916 1605 658 55 QUICU. Au donchs, arregléumel be

951 1647 279 90 ¿cuan es aixó?

910 1660 559 97 JAYU. Son sich rals.

925 1730 755 77 QUICU. Teniu, justos y cabals. (los hi dona)

958 1781 669 59 De aquí á un ratu tornaré. (sen va)

916 1829 687 63 JAYU. Ya ey fet nou ralets, hoy da.

962 1875 555 55 Es precís que un se bellugui.

960 1916 555 62 Lu ruquet, que se l' endugui

962 1962 531 57 qui primé 'l vindrá á buscá.

962 2013 558 55 Estich que era al any passat,

960 2050 456 68 que ma filla y ma mullé

965 2098 432 59 per forsa varen vulgué

969 2144 474 66 Las portés á Montserrat.

965 2193 419 48 Lo ruquet vay arrelá:

960 2228 397 61 y sense gaire treball

969 2278 415 66 puijo las dos á cavall,

960 2320 399 103 butifarras y vi y pá.
