<?xml version="1.0" encoding="UTF-8"?>
<alto xmlns:xsi="http://www.w3.org/2001/XMLSchema-instance"
      xmlns="http://www.loc.gov/standards/alto/ns-v4#"
      xsi:schemaLocation="http://www.loc.gov/standards/alto/ns-v4# http://www.loc.gov/standards/alto/v4/alto-4-2.xsd">
  <Description>
    <MeasurementUnit>pixel</MeasurementUnit>
    <sourceImageInformation>
      <fileName>Varios_287_2.jpg</fileName>
      
    </sourceImageInformation>
  </Description>
  
  <Tags>
    <OtherTag ID="BT221" LABEL="CustomZone:impresorNum" DESCRIPTION="block type CustomZone:impresorNum"/><OtherTag ID="BT222" LABEL="CustomZone:numero_pliego" DESCRIPTION="block type CustomZone:numero_pliego"/><OtherTag ID="BT223" LABEL="CustomZone:title" DESCRIPTION="block type CustomZone:title"/><OtherTag ID="BT224" LABEL="GraphicZone:illustration" DESCRIPTION="block type GraphicZone:illustration"/><OtherTag ID="BT225" LABEL="GraphicZone:ornamentation" DESCRIPTION="block type GraphicZone:ornamentation"/><OtherTag ID="BT226" LABEL="MainZone" DESCRIPTION="block type MainZone"/><OtherTag ID="BT227" LABEL="MainZone:columns" DESCRIPTION="block type MainZone:columns"/><OtherTag ID="BT228" LABEL="MarginTextZone:colophon" DESCRIPTION="block type MarginTextZone:colophon"/><OtherTag ID="BT229" LABEL="MarginTextZone:note" DESCRIPTION="block type MarginTextZone:note"/><OtherTag ID="BT230" LABEL="MusicZone" DESCRIPTION="block type MusicZone"/><OtherTag ID="BT231" LABEL="NumberingZone:page" DESCRIPTION="block type NumberingZone:page"/><OtherTag ID="BT232" LABEL="QuireMarksZone:catchwords" DESCRIPTION="block type QuireMarksZone:catchwords"/><OtherTag ID="BT233" LABEL="QuireMarksZone:signature" DESCRIPTION="block type QuireMarksZone:signature"/><OtherTag ID="BT234" LABEL="RunningTitleZone" DESCRIPTION="block type RunningTitleZone"/>
    <OtherTag ID="LT81" LABEL="CustomLine:propriedad" DESCRIPTION="line type CustomLine:propriedad"/><OtherTag ID="LT82" LABEL="CustomLine:trailer" DESCRIPTION="line type CustomLine:trailer"/><OtherTag ID="LT83" LABEL="DefaultLine" DESCRIPTION="line type DefaultLine"/><OtherTag ID="LT84" LABEL="HeadingLine" DESCRIPTION="line type HeadingLine"/>
  </Tags>
  
  <Layout>
    <Page WIDTH="1753"
          HEIGHT="2480"
          PHYSICAL_IMG_NR="189"
          ID="eSc_dummypage_">
      <PrintSpace HPOS="0"
                  VPOS="0"
                  WIDTH="1753"
                  HEIGHT="2480">
        
        <TextBlock HPOS="132.0"
                   VPOS="74.0"
                   WIDTH="626.0"
                   HEIGHT="2189.0"
                   ID="eSc_textblock_2f474eb3"
                   TAGREFS="BT227">
          <Shape><Polygon POINTS="626 289 609 419 684 479 642 636 675 669 667 816 758 851 609 1025 684 1155 659 1196 593 1215 709 1297 709 1361 667 1397 692 1552 634 1595 675 1711 675 1767 642 1777 659 1932 692 1984 659 2163 700 2254 157 2263 132 140 148 99 214 82 562 74 675 107 601 264"/></Shape>
          
          
          <TextLine ID="eSc_line_4f89242a"
                    TAGREFS="LT83"
                    BASELINE="190 132 651 122" 
                    HPOS="186.0"
                    VPOS="74.0"
                    WIDTH="463.0"
                    HEIGHT="72.0">
            <Shape><Polygon POINTS="620 90 599 84 578 78 558 74 537 74 518 74 496 80 491 80 485 80 458 74 454 76 434 76 413 76 392 76 372 78 351 78 330 78 310 78 289 80 268 80 248 80 227 80 206 82 186 88 188 130 188 140 489 146 491 146 506 144 551 134 644 144 649 121 632 95 620 90"/></Shape>
	    <String CONTENT="Adios, parientes y amigos;"
                    HPOS="186.0"
                    VPOS="74.0"
                    WIDTH="463.0"
                    HEIGHT="72.0"></String>
          </TextLine>

          
          
          <TextLine ID="eSc_line_09d14e0b"
                    TAGREFS="LT83"
                    BASELINE="142 165 595 161" 
                    HPOS="140.0"
                    VPOS="126.0"
                    WIDTH="455.0"
                    HEIGHT="55.0">
            <Shape><Polygon POINTS="142 165 142 181 593 181 595 161 591 128 140 126 142 165"/></Shape>
	    <String CONTENT="adios, madre tan querida,"
                    HPOS="140.0"
                    VPOS="126.0"
                    WIDTH="455.0"
                    HEIGHT="55.0"></String>
          </TextLine>

          
          
          <TextLine ID="eSc_line_b86da19a"
                    TAGREFS="LT83"
                    BASELINE="152 210 548 205" 
                    HPOS="148.0"
                    VPOS="167.0"
                    WIDTH="399.0"
                    HEIGHT="60.0">
            <Shape><Polygon POINTS="150 208 150 227 545 219 547 204 541 167 148 171 150 208"/></Shape>
	    <String CONTENT="hoy fallece vuestro hijo"
                    HPOS="148.0"
                    VPOS="167.0"
                    WIDTH="399.0"
                    HEIGHT="60.0"></String>
          </TextLine>

          
          
          <TextLine ID="eSc_line_2d41b84a"
                    TAGREFS="LT83"
                    BASELINE="142 248 575 244" 
                    HPOS="138.0"
                    VPOS="210.0"
                    WIDTH="436.0"
                    HEIGHT="56.0">
            <Shape><Polygon POINTS="140 248 140 266 572 266 574 243 568 210 138 214 140 248"/></Shape>
	    <String CONTENT="á quien tu tanto querías."
                    HPOS="138.0"
                    VPOS="210.0"
                    WIDTH="436.0"
                    HEIGHT="56.0"></String>
          </TextLine>

          
          
          <TextLine ID="eSc_line_d3e16e2e"
                    TAGREFS="LT83"
                    BASELINE="179 319 595 312" 
                    HPOS="175.0"
                    VPOS="260.0"
                    WIDTH="418.0"
                    HEIGHT="66.0">
            <Shape><Polygon POINTS="177 318 177 326 593 318 593 310 591 276 558 260 556 260 554 260 551 260 525 270 489 260 487 260 485 260 483 260 442 279 233 279 223 270 223 268 221 268 219 268 217 268 214 268 175 283 177 318"/></Shape>
	    <String CONTENT="Al decir estas palabras"
                    HPOS="175.0"
                    VPOS="260.0"
                    WIDTH="418.0"
                    HEIGHT="66.0"></String>
          </TextLine>

          
          
          <TextLine ID="eSc_line_67facbf0"
                    TAGREFS="LT83"
                    BASELINE="148 361 541 349" 
                    HPOS="144.0"
                    VPOS="314.0"
                    WIDTH="395.0"
                    HEIGHT="60.0">
            <Shape><Polygon POINTS="146 359 146 374 539 361 539 347 533 314 144 320 146 359"/></Shape>
	    <String CONTENT="¡ alto el fuego ! se oyó,"
                    HPOS="144.0"
                    VPOS="314.0"
                    WIDTH="395.0"
                    HEIGHT="60.0"></String>
          </TextLine>

          
          
          <TextLine ID="eSc_line_012fc0bc"
                    TAGREFS="LT83"
                    BASELINE="144 396 568 386" 
                    HPOS="142.0"
                    VPOS="357.0"
                    WIDTH="426.0"
                    HEIGHT="56.0">
            <Shape><Polygon POINTS="144 396 144 413 566 405 568 386 562 357 142 365 144 396"/></Shape>
	    <String CONTENT="y el cabecilla insurrecto"
                    HPOS="142.0"
                    VPOS="357.0"
                    WIDTH="426.0"
                    HEIGHT="56.0"></String>
          </TextLine>

          
          
          <TextLine ID="eSc_line_f490f11d"
                    TAGREFS="LT83"
                    BASELINE="142 436 495 436" 
                    HPOS="140.0"
                    VPOS="405.0"
                    WIDTH="354.0"
                    HEIGHT="47.0">
            <Shape><Polygon POINTS="140 434 140 452 494 452 494 434 494 405 140 405 140 434"/></Shape>
	    <String CONTENT="al militar se acercó."
                    HPOS="140.0"
                    VPOS="405.0"
                    WIDTH="354.0"
                    HEIGHT="47.0"></String>
          </TextLine>

          
          
          <TextLine ID="eSc_line_db12c5f7"
                    TAGREFS="LT83"
                    BASELINE="186 510 651 496" 
                    HPOS="181.0"
                    VPOS="438.0"
                    WIDTH="468.0"
                    HEIGHT="89.0">
            <Shape><Polygon POINTS="642 446 589 438 587 438 585 438 556 452 545 456 520 452 485 448 483 448 436 456 425 458 419 458 361 444 359 444 357 444 355 444 332 462 330 465 297 465 283 465 266 448 266 446 264 446 262 446 260 446 208 448 206 448 204 448 181 462 183 508 183 520 293 516 310 520 330 527 332 527 334 527 376 520 444 510 647 518 649 496 644 448 642 446"/></Shape>
	    <String CONTENT="Has nombrado á Burriana,"
                    HPOS="181.0"
                    VPOS="438.0"
                    WIDTH="468.0"
                    HEIGHT="89.0"></String>
          </TextLine>

          
          
          <TextLine ID="eSc_line_8de2eedf"
                    TAGREFS="LT83"
                    BASELINE="150 551 616 537" 
                    HPOS="146.0"
                    VPOS="500.0"
                    WIDTH="467.0"
                    HEIGHT="68.0">
            <Shape><Polygon POINTS="148 549 148 568 613 555 613 535 607 500 146 510 148 549"/></Shape>
	    <String CONTENT="respóndeme, y con cariño,"
                    HPOS="146.0"
                    VPOS="500.0"
                    WIDTH="467.0"
                    HEIGHT="68.0"></String>
          </TextLine>

          
          
          <TextLine ID="eSc_line_c7c68520"
                    TAGREFS="LT83"
                    BASELINE="149 588 570 576" 
                    HPOS="146.0"
                    VPOS="543.0"
                    WIDTH="422.0"
                    HEIGHT="62.0">
            <Shape><Polygon POINTS="148 586 148 605 566 597 568 574 562 543 146 553 148 586"/></Shape>
	    <String CONTENT="y le contestó el soldado"
                    HPOS="146.0"
                    VPOS="543.0"
                    WIDTH="422.0"
                    HEIGHT="62.0"></String>
          </TextLine>

          
          
          <TextLine ID="eSc_line_b36dfa73"
                    TAGREFS="LT83"
                    BASELINE="144 628 554 617" 
                    HPOS="142.0"
                    VPOS="584.0"
                    WIDTH="412.0"
                    HEIGHT="69.0">
            <Shape><Polygon POINTS="144 628 144 653 554 653 554 617 547 584 142 593 144 628"/></Shape>
	    <String CONTENT="es donde yo he nacido."
                    HPOS="142.0"
                    VPOS="584.0"
                    WIDTH="412.0"
                    HEIGHT="69.0"></String>
          </TextLine>

          
          
          <TextLine ID="eSc_line_23323f72"
                    TAGREFS="LT83"
                    BASELINE="189 694 638 684" 
                    HPOS="186.0"
                    VPOS="632.0"
                    WIDTH="450.0"
                    HEIGHT="83.0">
            <Shape><Polygon POINTS="188 692 188 704 248 715 250 715 252 715 279 704 281 704 285 704 359 713 361 713 636 698 636 682 632 632 574 632 572 632 570 632 568 632 564 636 539 655 487 655 469 642 458 638 456 638 454 638 452 638 450 638 450 640 444 644 432 657 398 657 382 651 355 640 353 640 351 640 349 640 347 640 347 642 334 653 334 655 332 653 314 644 312 644 310 644 308 644 285 655 198 648 196 648 194 648 192 648 192 651 190 651 186 653 188 692"/></Shape>
	    <String CONTENT="Y en donde me ha criado"
                    HPOS="186.0"
                    VPOS="632.0"
                    WIDTH="450.0"
                    HEIGHT="83.0"></String>
          </TextLine>

          
          
          <TextLine ID="eSc_line_c1e833ce"
                    TAGREFS="LT83"
                    BASELINE="146 731 601 725" 
                    HPOS="144.0"
                    VPOS="696.0"
                    WIDTH="457.0"
                    HEIGHT="50.0">
            <Shape><Polygon POINTS="146 731 146 746 599 739 601 725 595 696 144 700 146 731"/></Shape>
	    <String CONTENT="mi madre con gran dolor,"
                    HPOS="144.0"
                    VPOS="696.0"
                    WIDTH="457.0"
                    HEIGHT="50.0"></String>
          </TextLine>

          
          
          <TextLine ID="eSc_line_f842ea48"
                    TAGREFS="LT83"
                    BASELINE="148 772 624 764" 
                    HPOS="146.0"
                    VPOS="727.0"
                    WIDTH="478.0"
                    HEIGHT="58.0">
            <Shape><Polygon POINTS="148 772 148 785 624 777 624 764 618 727 146 735 148 772"/></Shape>
	    <String CONTENT="muchos trabajos ha pasado"
                    HPOS="146.0"
                    VPOS="727.0"
                    WIDTH="478.0"
                    HEIGHT="58.0"></String>
          </TextLine>

          
          
          <TextLine ID="eSc_line_9bfce55e"
                    TAGREFS="LT83"
                    BASELINE="148 816 549 808" 
                    HPOS="146.0"
                    VPOS="768.0"
                    WIDTH="403.0"
                    HEIGHT="73.0">
            <Shape><Polygon POINTS="374 770 353 770 343 770 332 779 260 770 250 772 248 772 237 783 146 783 148 816 148 841 549 826 549 808 545 777 380 768 374 770"/></Shape>
	    <String CONTENT="para darme educación."
                    HPOS="146.0"
                    VPOS="768.0"
                    WIDTH="403.0"
                    HEIGHT="73.0"></String>
          </TextLine>

          
          
          <TextLine ID="eSc_line_038301d3"
                    TAGREFS="LT83"
                    BASELINE="186 880 736 872" 
                    HPOS="181.0"
                    VPOS="822.0"
                    WIDTH="554.0"
                    HEIGHT="89.0">
            <Shape><Polygon POINTS="719 837 709 832 620 834 618 834 607 824 607 822 605 822 603 822 601 822 599 822 597 822 597 824 595 824 587 834 585 839 533 839 529 837 496 824 494 824 491 824 330 839 310 841 299 841 208 828 206 828 204 828 181 839 183 878 183 892 291 905 293 905 328 899 365 890 386 899 403 907 405 907 407 907 409 907 421 901 434 894 448 901 452 903 454 903 456 903 469 903 599 886 628 907 630 909 632 909 634 909 636 911 733 911 735 870 729 841 719 837"/></Shape>
	    <String CONTENT="Di, ¿pues qué no tienes padre?"
                    HPOS="181.0"
                    VPOS="822.0"
                    WIDTH="554.0"
                    HEIGHT="89.0"></String>
          </TextLine>

          
          
          <TextLine ID="eSc_line_7d7adcad"
                    TAGREFS="LT83"
                    BASELINE="148 919 609 915" 
                    HPOS="146.0"
                    VPOS="884.0"
                    WIDTH="463.0"
                    HEIGHT="56.0">
            <Shape><Polygon POINTS="148 919 148 934 529 940 531 940 609 927 609 915 603 884 146 886 148 919"/></Shape>
	    <String CONTENT="sí, al punto ha respondido"
                    HPOS="146.0"
                    VPOS="884.0"
                    WIDTH="463.0"
                    HEIGHT="56.0"></String>
          </TextLine>

          
          
          <TextLine ID="eSc_line_ea7fdf63"
                    TAGREFS="LT83"
                    BASELINE="150 961 463 956" 
                    HPOS="148.0"
                    VPOS="923.0"
                    WIDTH="315.0"
                    HEIGHT="52.0">
            <Shape><Polygon POINTS="150 961 150 975 460 971 463 956 456 923 148 930 150 961"/></Shape>
	    <String CONTENT="pero no le conocí"
                    HPOS="148.0"
                    VPOS="923.0"
                    WIDTH="315.0"
                    HEIGHT="52.0"></String>
          </TextLine>

          
          
          <TextLine ID="eSc_line_202f6d10"
                    TAGREFS="LT83"
                    BASELINE="148 1002 585 996" 
                    HPOS="146.0"
                    VPOS="958.0"
                    WIDTH="439.0"
                    HEIGHT="69.0">
            <Shape><Polygon POINTS="291 961 285 961 268 969 266 971 146 971 148 1002 148 1027 585 1010 585 996 578 963 343 967 341 967 308 958 291 961"/></Shape>
	    <String CONTENT="á mi padre muy querido."
                    HPOS="146.0"
                    VPOS="958.0"
                    WIDTH="439.0"
                    HEIGHT="69.0"></String>
          </TextLine>

          
          
          <TextLine ID="eSc_line_4bfc4b18"
                    TAGREFS="LT83"
                    BASELINE="188 1068 587 1062" 
                    HPOS="186.0"
                    VPOS="1025.0"
                    WIDTH="401.0"
                    HEIGHT="57.0">
            <Shape><Polygon POINTS="188 1068 188 1082 587 1078 587 1062 580 1025 186 1025 188 1068"/></Shape>
	    <String CONTENT="Según decía mi madre"
                    HPOS="186.0"
                    VPOS="1025.0"
                    WIDTH="401.0"
                    HEIGHT="57.0"></String>
          </TextLine>

          
          
          <TextLine ID="eSc_line_1a433c89"
                    TAGREFS="LT83"
                    BASELINE="148 1109 578 1101" 
                    HPOS="146.0"
                    VPOS="1064.0"
                    WIDTH="432.0"
                    HEIGHT="60.0">
            <Shape><Polygon POINTS="148 1109 148 1124 578 1116 578 1101 572 1064 146 1074 148 1109"/></Shape>
	    <String CONTENT="que mi padre se marchó"
                    HPOS="146.0"
                    VPOS="1064.0"
                    WIDTH="432.0"
                    HEIGHT="60.0"></String>
          </TextLine>

          
          
          <TextLine ID="eSc_line_8ab8725b"
                    TAGREFS="LT83"
                    BASELINE="152 1149 642 1140" 
                    HPOS="150.0"
                    VPOS="1103.0"
                    WIDTH="492.0"
                    HEIGHT="64.0">
            <Shape><Polygon POINTS="152 1149 152 1167 642 1167 642 1140 636 1103 150 1116 152 1149"/></Shape>
	    <String CONTENT="y embarazada de tres meses"
                    HPOS="150.0"
                    VPOS="1103.0"
                    WIDTH="492.0"
                    HEIGHT="64.0"></String>
          </TextLine>

          
          
          <TextLine ID="eSc_line_33a966a4"
                    TAGREFS="LT83"
                    BASELINE="150 1190 500 1186" 
                    HPOS="148.0"
                    VPOS="1155.0"
                    WIDTH="352.0"
                    HEIGHT="60.0">
            <Shape><Polygon POINTS="150 1190 150 1206 465 1215 467 1215 469 1215 500 1202 500 1186 494 1155 148 1157 150 1190"/></Shape>
	    <String CONTENT="á mi madre la dejó."
                    HPOS="148.0"
                    VPOS="1155.0"
                    WIDTH="352.0"
                    HEIGHT="60.0"></String>
          </TextLine>

          
          
          <TextLine ID="eSc_line_c0cab895"
                    TAGREFS="LT83"
                    BASELINE="200 1262 543 1252" 
                    HPOS="196.0"
                    VPOS="1209.0"
                    WIDTH="345.0"
                    HEIGHT="66.0">
            <Shape><Polygon POINTS="198 1260 198 1275 541 1266 541 1250 535 1215 361 1219 359 1219 334 1209 332 1209 330 1209 196 1223 198 1260"/></Shape>
	    <String CONTENT="Admirado se quedó"
                    HPOS="196.0"
                    VPOS="1209.0"
                    WIDTH="345.0"
                    HEIGHT="66.0"></String>
          </TextLine>

          
          
          <TextLine ID="eSc_line_42544d91"
                    TAGREFS="LT83"
                    BASELINE="152 1297 518 1291" 
                    HPOS="150.0"
                    VPOS="1262.0"
                    WIDTH="368.0"
                    HEIGHT="54.0">
            <Shape><Polygon POINTS="152 1297 152 1314 514 1316 518 1291 512 1262 150 1266 152 1297"/></Shape>
	    <String CONTENT="al oir estas palabras,"
                    HPOS="150.0"
                    VPOS="1262.0"
                    WIDTH="368.0"
                    HEIGHT="54.0"></String>
          </TextLine>

          
          
          <TextLine ID="eSc_line_81895032"
                    TAGREFS="LT83"
                    BASELINE="155 1339 682 1328" 
                    HPOS="152.0"
                    VPOS="1295.0"
                    WIDTH="530.0"
                    HEIGHT="60.0">
            <Shape><Polygon POINTS="256 1297 239 1297 152 1308 155 1339 155 1355 682 1345 682 1328 678 1299 274 1295 256 1297"/></Shape>
	    <String CONTENT="pues dime, cuál es tu monbre,"
                    HPOS="152.0"
                    VPOS="1295.0"
                    WIDTH="530.0"
                    HEIGHT="60.0"></String>
          </TextLine>

          
          
          <TextLine ID="eSc_line_81990759"
                    TAGREFS="LT83"
                    BASELINE="152 1380 603 1372" 
                    HPOS="150.0"
                    VPOS="1341.0"
                    WIDTH="453.0"
                    HEIGHT="64.0">
            <Shape><Polygon POINTS="152 1380 152 1395 322 1405 324 1405 407 1392 487 1403 489 1403 603 1386 603 1372 597 1341 150 1347 152 1380"/></Shape>
	    <String CONTENT="tu madre cómo se llama?"
                    HPOS="150.0"
                    VPOS="1341.0"
                    WIDTH="453.0"
                    HEIGHT="64.0"></String>
          </TextLine>

          
          
          <TextLine ID="eSc_line_ef829b21"
                    TAGREFS="LT83"
                    BASELINE="188 1444 651 1438" 
                    HPOS="186.0"
                    VPOS="1392.0"
                    WIDTH="465.0"
                    HEIGHT="67.0">
            <Shape><Polygon POINTS="188 1444 188 1459 651 1450 651 1438 644 1392 186 1407 188 1444"/></Shape>
	    <String CONTENT="Me llamo Bautista Cherta,"
                    HPOS="186.0"
                    VPOS="1392.0"
                    WIDTH="465.0"
                    HEIGHT="67.0"></String>
          </TextLine>

          
          
          <TextLine ID="eSc_line_8d2e8c10"
                    TAGREFS="LT83"
                    BASELINE="155 1485 652 1485" 
                    HPOS="152.0"
                    VPOS="1448.0"
                    WIDTH="499.0"
                    HEIGHT="52.0">
            <Shape><Polygon POINTS="152 1483 152 1500 651 1500 651 1483 649 1448 152 1450 152 1483"/></Shape>
	    <String CONTENT="muy triste le ha respondido,"
                    HPOS="152.0"
                    VPOS="1448.0"
                    WIDTH="499.0"
                    HEIGHT="52.0"></String>
          </TextLine>

          
          
          <TextLine ID="eSc_line_09211bdc"
                    TAGREFS="LT83"
                    BASELINE="155 1527 653 1519" 
                    HPOS="152.0"
                    VPOS="1488.0"
                    WIDTH="501.0"
                    HEIGHT="55.0">
            <Shape><Polygon POINTS="155 1527 155 1543 653 1541 653 1519 647 1488 152 1494 155 1527"/></Shape>
	    <String CONTENT="mi madre María Hernández,"
                    HPOS="152.0"
                    VPOS="1488.0"
                    WIDTH="501.0"
                    HEIGHT="55.0"></String>
          </TextLine>

          
          
          <TextLine ID="eSc_line_a2fe2866"
                    TAGREFS="LT83"
                    BASELINE="155 1568 630 1563" 
                    HPOS="150.0"
                    VPOS="1533.0"
                    WIDTH="478.0"
                    HEIGHT="58.0">
            <Shape><Polygon POINTS="152 1566 152 1589 626 1591 628 1562 622 1533 150 1535 152 1566"/></Shape>
	    <String CONTENT="su alma exhaló un suspiro."
                    HPOS="150.0"
                    VPOS="1533.0"
                    WIDTH="478.0"
                    HEIGHT="58.0"></String>
          </TextLine>

          
          
          <TextLine ID="eSc_line_1a6999bd"
                    TAGREFS="LT83"
                    BASELINE="203 1639 580 1630" 
                    HPOS="200.0"
                    VPOS="1585.0"
                    WIDTH="378.0"
                    HEIGHT="68.0">
            <Shape><Polygon POINTS="202 1638 202 1651 574 1653 578 1628 572 1587 361 1595 330 1587 320 1585 318 1585 316 1585 314 1585 312 1585 312 1587 310 1587 299 1597 200 1589 202 1638"/></Shape>
	    <String CONTENT="Hijo mío de mi alma,"
                    HPOS="200.0"
                    VPOS="1585.0"
                    WIDTH="378.0"
                    HEIGHT="68.0"></String>
          </TextLine>

          
          
          <TextLine ID="eSc_line_fcf3b185"
                    TAGREFS="LT83"
                    BASELINE="164 1676 543 1669" 
                    HPOS="161.0"
                    VPOS="1634.0"
                    WIDTH="380.0"
                    HEIGHT="60.0">
            <Shape><Polygon POINTS="347 1636 326 1636 305 1636 285 1636 264 1638 243 1638 223 1638 202 1638 200 1634 161 1634 163 1674 163 1694 539 1694 541 1667 535 1634 357 1634 347 1636"/></Shape>
	    <String CONTENT="el insurrecto esclamó,"
                    HPOS="161.0"
                    VPOS="1634.0"
                    WIDTH="380.0"
                    HEIGHT="60.0"></String>
          </TextLine>

          
          
          <TextLine ID="eSc_line_d4a2b0bf"
                    TAGREFS="LT83"
                    BASELINE="159 1715 549 1707" 
                    HPOS="157.0"
                    VPOS="1680.0"
                    WIDTH="392.0"
                    HEIGHT="51.0">
            <Shape><Polygon POINTS="159 1715 159 1731 547 1723 549 1707 543 1680 157 1680 159 1715"/></Shape>
	    <String CONTENT="qué santo te ha valido"
                    HPOS="157.0"
                    VPOS="1680.0"
                    WIDTH="392.0"
                    HEIGHT="51.0"></String>
          </TextLine>

          
          
          <TextLine ID="eSc_line_9b494957"
                    TAGREFS="LT83"
                    BASELINE="161 1758 640 1748" 
                    HPOS="159.0"
                    VPOS="1705.0"
                    WIDTH="481.0"
                    HEIGHT="82.0">
            <Shape><Polygon POINTS="161 1758 161 1783 293 1775 314 1783 322 1787 324 1787 326 1787 328 1787 336 1783 361 1773 394 1773 407 1783 411 1785 411 1787 413 1787 415 1787 417 1787 454 1783 514 1775 527 1783 529 1785 531 1785 533 1785 535 1785 640 1781 640 1748 636 1717 549 1705 547 1705 545 1705 543 1705 527 1717 527 1719 159 1723 161 1758"/></Shape>
	    <String CONTENT="y te ha dado su protección?"
                    HPOS="159.0"
                    VPOS="1705.0"
                    WIDTH="481.0"
                    HEIGHT="82.0"></String>
          </TextLine>

          
          
          <TextLine ID="eSc_line_c78c17cb"
                    TAGREFS="LT83"
                    BASELINE="198 1822 611 1820" 
                    HPOS="194.0"
                    VPOS="1775.0"
                    WIDTH="415.0"
                    HEIGHT="82.0">
            <Shape><Polygon POINTS="196 1820 196 1835 254 1849 256 1849 258 1849 293 1841 303 1839 396 1845 423 1847 425 1847 427 1847 429 1847 446 1837 456 1845 456 1847 458 1847 460 1847 463 1847 465 1847 494 1839 506 1851 510 1853 510 1855 512 1855 514 1855 516 1857 607 1857 609 1818 603 1777 365 1785 355 1783 308 1775 305 1775 303 1775 301 1775 289 1785 225 1775 223 1775 221 1775 194 1785 196 1820"/></Shape>
	    <String CONTENT="Con alegría y contento"
                    HPOS="194.0"
                    VPOS="1775.0"
                    WIDTH="415.0"
                    HEIGHT="82.0"></String>
          </TextLine>

          
          
          <TextLine ID="eSc_line_2c457e86"
                    TAGREFS="LT83"
                    BASELINE="166 1871 510 1865" 
                    HPOS="163.0"
                    VPOS="1824.0"
                    WIDTH="345.0"
                    HEIGHT="54.0">
            <Shape><Polygon POINTS="165 1870 165 1878 506 1872 508 1864 504 1826 163 1824 165 1870"/></Shape>
	    <String CONTENT="él de su pecho sacó"
                    HPOS="163.0"
                    VPOS="1824.0"
                    WIDTH="345.0"
                    HEIGHT="54.0"></String>
          </TextLine>

          
          
          <TextLine ID="eSc_line_2adb2b31"
                    TAGREFS="LT83"
                    BASELINE="163 1905 620 1900" 
                    HPOS="159.0"
                    VPOS="1868.0"
                    WIDTH="459.0"
                    HEIGHT="49.0">
            <Shape><Polygon POINTS="161 1903 161 1917 616 1913 618 1899 611 1868 159 1870 161 1903"/></Shape>
	    <String CONTENT="el escapulario del Carmen"
                    HPOS="159.0"
                    VPOS="1868.0"
                    WIDTH="459.0"
                    HEIGHT="49.0"></String>
          </TextLine>

          
          
          <TextLine ID="eSc_line_c39731d9"
                    TAGREFS="LT83"
                    BASELINE="163 1946 572 1940" 
                    HPOS="161.0"
                    VPOS="1907.0"
                    WIDTH="411.0"
                    HEIGHT="60.0">
            <Shape><Polygon POINTS="163 1946 163 1967 572 1967 572 1940 568 1909 161 1907 163 1946"/></Shape>
	    <String CONTENT="y á su padre lo enseñó."
                    HPOS="161.0"
                    VPOS="1907.0"
                    WIDTH="411.0"
                    HEIGHT="60.0"></String>
          </TextLine>

          
          
          <TextLine ID="eSc_line_b9ed1545"
                    TAGREFS="LT83"
                    BASELINE="202 2017 663 2004" 
                    HPOS="198.0"
                    VPOS="1950.0"
                    WIDTH="463.0"
                    HEIGHT="79.0">
            <Shape><Polygon POINTS="200 2015 200 2029 661 2019 661 2002 655 1950 198 1967 200 2015"/></Shape>
	    <String CONTENT="Hijo y padre se abrazaron"
                    HPOS="198.0"
                    VPOS="1950.0"
                    WIDTH="463.0"
                    HEIGHT="79.0"></String>
          </TextLine>

          
          
          <TextLine ID="eSc_line_066b12b3"
                    TAGREFS="LT83"
                    BASELINE="169 2055 599 2048" 
                    HPOS="165.0"
                    VPOS="2012.0"
                    WIDTH="432.0"
                    HEIGHT="56.0">
            <Shape><Polygon POINTS="167 2054 167 2066 595 2068 597 2046 591 2012 165 2015 167 2054"/></Shape>
	    <String CONTENT="llorando con gran dolor,"
                    HPOS="165.0"
                    VPOS="2012.0"
                    WIDTH="432.0"
                    HEIGHT="56.0"></String>
          </TextLine>

          
          
          <TextLine ID="eSc_line_89d1f8f8"
                    TAGREFS="LT83"
                    BASELINE="167 2093 590 2094" 
                    HPOS="163.0"
                    VPOS="2058.0"
                    WIDTH="426.0"
                    HEIGHT="47.0">
            <Shape><Polygon POINTS="165 2091 163 2105 587 2103 589 2093 587 2060 165 2058 165 2091"/></Shape>
	    <String CONTENT="y á la Virgen le rezaban"
                    HPOS="163.0"
                    VPOS="2058.0"
                    WIDTH="426.0"
                    HEIGHT="47.0"></String>
          </TextLine>

          
          
          <TextLine ID="eSc_line_960769c2"
                    TAGREFS="LT83"
                    BASELINE="165 2136 626 2126" 
                    HPOS="163.0"
                    VPOS="2083.0"
                    WIDTH="463.0"
                    HEIGHT="74.0">
            <Shape><Polygon POINTS="165 2136 165 2155 396 2157 398 2157 401 2157 405 2155 446 2145 624 2155 626 2126 620 2083 508 2099 163 2099 165 2136"/></Shape>
	    <String CONTENT="los dos con grande fervor."
                    HPOS="163.0"
                    VPOS="2083.0"
                    WIDTH="463.0"
                    HEIGHT="74.0"></String>
          </TextLine>

          
          
          <TextLine ID="eSc_line_b451dea6"
                    TAGREFS="LT83"
                    BASELINE="214 2203 634 2194" 
                    HPOS="210.0"
                    VPOS="2147.0"
                    WIDTH="422.0"
                    HEIGHT="78.0">
            <Shape><Polygon POINTS="212 2201 212 2213 291 2225 293 2225 396 2223 398 2223 415 2215 427 2211 630 2217 632 2192 628 2159 556 2147 554 2147 551 2147 549 2147 549 2149 539 2159 210 2159 212 2201"/></Shape>
	    <String CONTENT="Te quedarás en mis filas"
                    HPOS="210.0"
                    VPOS="2147.0"
                    WIDTH="422.0"
                    HEIGHT="78.0"></String>
          </TextLine>

          
          
          <TextLine ID="eSc_line_16f81f93"
                    TAGREFS="LT83"
                    BASELINE="165 2244 558 2238" 
                    HPOS="163.0"
                    VPOS="2201.0"
                    WIDTH="395.0"
                    HEIGHT="84.0">
            <Shape><Polygon POINTS="165 2244 165 2285 233 2285 233 2283 235 2283 237 2283 237 2281 239 2281 250 2271 277 2279 291 2283 293 2283 295 2283 297 2283 310 2277 334 2265 361 2275 378 2281 380 2281 382 2281 384 2281 411 2273 432 2267 558 2267 558 2238 551 2201 163 2211 165 2244"/></Shape>
	    <String CONTENT="y el hijo le respondió:"
                    HPOS="163.0"
                    VPOS="2201.0"
                    WIDTH="395.0"
                    HEIGHT="84.0"></String>
          </TextLine>

          
        </TextBlock>
        
        <TextBlock HPOS="893.0"
                   VPOS="74.0"
                   WIDTH="609.0"
                   HEIGHT="2180.0"
                   ID="eSc_textblock_eb8eed6c"
                   TAGREFS="BT227">
          <Shape><Polygon POINTS="1296 372 1304 518 1323 553 1411 578 1403 725 1370 750 1420 882 1362 940 1395 992 1378 1089 1428 1132 1395 1254 1411 1312 1453 1330 1453 1370 1403 1405 1428 1568 1370 1659 1453 1711 1420 1876 1453 1924 1395 2023 1502 2083 1494 2254 893 2246 893 74 1362 90 1354 146 1312 173 1354 353"/></Shape>
          
          
          <TextLine ID="eSc_line_7341795c"
                    TAGREFS="LT83"
                    BASELINE="888 111 1344 108" 
                    HPOS="884.0"
                    VPOS="68.0"
                    WIDTH="459.0"
                    HEIGHT="60.0">
            <Shape><Polygon POINTS="1339 88 1318 88 1298 86 1277 86 1256 86 1236 84 1215 84 1194 84 1174 82 1153 82 1132 82 1112 80 1091 80 1070 80 1050 78 1029 78 1008 78 988 76 967 76 946 74 926 74 905 74 903 68 884 76 886 109 886 128 1341 128 1343 107 1339 88 1339 88"/></Shape>
	    <String CONTENT="yo no deshonro mi patria"
                    HPOS="884.0"
                    VPOS="68.0"
                    WIDTH="459.0"
                    HEIGHT="60.0"></String>
          </TextLine>

          
          
          <TextLine ID="eSc_line_c1e45ae6"
                    TAGREFS="LT83"
                    BASELINE="888 152 1273 148" 
                    HPOS="888.0"
                    VPOS="117.0"
                    WIDTH="385.0"
                    HEIGHT="50.0">
            <Shape><Polygon POINTS="888 152 888 167 1273 163 1273 148 1267 117 903 117 888 152"/></Shape>
	    <String CONTENT="ni el ejercito español."
                    HPOS="888.0"
                    VPOS="117.0"
                    WIDTH="385.0"
                    HEIGHT="50.0"></String>
          </TextLine>

          
          
          <TextLine ID="eSc_line_b9e51221"
                    TAGREFS="LT83"
                    BASELINE="928 221 1304 219" 
                    HPOS="924.0"
                    VPOS="177.0"
                    WIDTH="378.0"
                    HEIGHT="58.0">
            <Shape><Polygon POINTS="926 219 926 233 1298 235 1302 217 1298 181 924 177 926 219"/></Shape>
	    <String CONTENT="Si me quieres fusilar,"
                    HPOS="924.0"
                    VPOS="177.0"
                    WIDTH="378.0"
                    HEIGHT="58.0"></String>
          </TextLine>

          
          
          <TextLine ID="eSc_line_ca30cbb2"
                    TAGREFS="LT83"
                    BASELINE="899 258 1236 254" 
                    HPOS="895.0"
                    VPOS="221.0"
                    WIDTH="339.0"
                    HEIGHT="58.0">
            <Shape><Polygon POINTS="897 256 897 279 1232 272 1234 252 1227 221 895 227 897 256"/></Shape>
	    <String CONTENT="á su padre le decía,"
                    HPOS="895.0"
                    VPOS="221.0"
                    WIDTH="339.0"
                    HEIGHT="58.0"></String>
          </TextLine>

          
          
          <TextLine ID="eSc_line_71c4ce5b"
                    TAGREFS="LT83"
                    BASELINE="893 301 1265 293" 
                    HPOS="893.0"
                    VPOS="258.0"
                    WIDTH="372.0"
                    HEIGHT="58.0">
            <Shape><Polygon POINTS="893 301 893 316 1263 312 1265 293 1258 258 907 262 893 301"/></Shape>
	    <String CONTENT="yo no la quiero faltar"
                    HPOS="893.0"
                    VPOS="258.0"
                    WIDTH="372.0"
                    HEIGHT="58.0"></String>
          </TextLine>

          
          
          <TextLine ID="eSc_line_ac1b5e59"
                    TAGREFS="LT83"
                    BASELINE="895 341 1329 334" 
                    HPOS="893.0"
                    VPOS="297.0"
                    WIDTH="434.0"
                    HEIGHT="66.0">
            <Shape><Polygon POINTS="1027 297 905 310 893 341 893 363 1325 363 1327 332 1323 303 1029 297 1027 297"/></Shape>
	    <String CONTENT="á mi patria muy querida."
                    HPOS="893.0"
                    VPOS="297.0"
                    WIDTH="434.0"
                    HEIGHT="66.0"></String>
          </TextLine>

          
          
          <TextLine ID="eSc_line_daf5e3c4"
                    TAGREFS="LT83"
                    BASELINE="928 407 1269 408" 
                    HPOS="924.0"
                    VPOS="353.0"
                    WIDTH="343.0"
                    HEIGHT="68.0">
            <Shape><Polygon POINTS="926 405 924 417 1263 421 1267 407 1265 367 1225 367 1225 365 1213 355 1213 353 1211 353 1209 353 1207 353 1205 353 1155 365 1153 365 1136 353 1134 353 1132 353 1130 353 1081 363 1072 367 1029 367 1025 363 1015 353 1012 353 1010 353 1008 353 926 361 926 405"/></Shape>
	    <String CONTENT="La libertad te daré"
                    HPOS="924.0"
                    VPOS="353.0"
                    WIDTH="343.0"
                    HEIGHT="68.0"></String>
          </TextLine>

          
          
          <TextLine ID="eSc_line_6a20c778"
                    TAGREFS="LT83"
                    BASELINE="893 444 1207 448" 
                    HPOS="890.0"
                    VPOS="413.0"
                    WIDTH="317.0"
                    HEIGHT="54.0">
            <Shape><Polygon POINTS="893 444 890 467 1205 467 1207 448 1207 415 897 413 893 444"/></Shape>
	    <String CONTENT="hijo mío y te irás;"
                    HPOS="890.0"
                    VPOS="413.0"
                    WIDTH="317.0"
                    HEIGHT="54.0"></String>
          </TextLine>

          
          
          <TextLine ID="eSc_line_524ce7b5"
                    TAGREFS="LT83"
                    BASELINE="895 487 1265 487" 
                    HPOS="895.0"
                    VPOS="458.0"
                    WIDTH="370.0"
                    HEIGHT="48.0">
            <Shape><Polygon POINTS="895 487 895 506 1265 504 1265 487 1265 458 895 458 895 487"/></Shape>
	    <String CONTENT="tal vez una bala tuya"
                    HPOS="895.0"
                    VPOS="458.0"
                    WIDTH="370.0"
                    HEIGHT="48.0"></String>
          </TextLine>

          
          
          <TextLine ID="eSc_line_400f4235"
                    TAGREFS="LT83"
                    BASELINE="890 531 1263 531" 
                    HPOS="890.0"
                    VPOS="500.0"
                    WIDTH="373.0"
                    HEIGHT="45.0">
            <Shape><Polygon POINTS="890 531 890 545 1263 545 1263 531 1263 500 890 500 890 531"/></Shape>
	    <String CONTENT="con mi vida acabará."
                    HPOS="890.0"
                    VPOS="500.0"
                    WIDTH="373.0"
                    HEIGHT="45.0"></String>
          </TextLine>

          
          
          <TextLine ID="eSc_line_0cd9fb8b"
                    TAGREFS="LT83"
                    BASELINE="930 597 1385 598" 
                    HPOS="926.0"
                    VPOS="558.0"
                    WIDTH="456.0"
                    HEIGHT="57.0">
            <Shape><Polygon POINTS="1362 564 1347 558 928 558 928 595 926 605 1378 615 1382 597 1382 570 1362 564"/></Shape>
	    <String CONTENT="Le entregó dos mil reales"
                    HPOS="926.0"
                    VPOS="558.0"
                    WIDTH="456.0"
                    HEIGHT="57.0"></String>
          </TextLine>

          
          
          <TextLine ID="eSc_line_bc61c03a"
                    TAGREFS="LT83"
                    BASELINE="893 636 1294 636" 
                    HPOS="893.0"
                    VPOS="605.0"
                    WIDTH="401.0"
                    HEIGHT="50.0">
            <Shape><Polygon POINTS="893 636 893 651 1292 655 1294 636 1294 605 899 605 893 636"/></Shape>
	    <String CONTENT="á su muy querido hijo,"
                    HPOS="893.0"
                    VPOS="605.0"
                    WIDTH="401.0"
                    HEIGHT="50.0"></String>
          </TextLine>

          
          
          <TextLine ID="eSc_line_a1cd3cff"
                    TAGREFS="LT83"
                    BASELINE="893 677 1302 671" 
                    HPOS="893.0"
                    VPOS="642.0"
                    WIDTH="409.0"
                    HEIGHT="52.0">
            <Shape><Polygon POINTS="893 677 893 694 1300 690 1302 671 1296 642 905 646 893 677"/></Shape>
	    <String CONTENT="mándaselos á tu madre"
                    HPOS="893.0"
                    VPOS="642.0"
                    WIDTH="409.0"
                    HEIGHT="52.0"></String>
          </TextLine>

          
          
          <TextLine ID="eSc_line_3aa7326e"
                    TAGREFS="LT83"
                    BASELINE="895 721 1372 715" 
                    HPOS="893.0"
                    VPOS="684.0"
                    WIDTH="479.0"
                    HEIGHT="60.0">
            <Shape><Polygon POINTS="895 721 897 744 919 733 971 741 986 744 988 744 1006 741 1064 731 1079 739 1081 741 1083 741 1085 741 1087 741 1103 739 1136 731 1165 737 1186 741 1188 741 1372 731 1372 715 1366 684 893 688 895 721"/></Shape>
	    <String CONTENT="y le dices que me has visto."
                    HPOS="893.0"
                    VPOS="684.0"
                    WIDTH="479.0"
                    HEIGHT="60.0"></String>
          </TextLine>

          
          
          <TextLine ID="eSc_line_37bb26d0"
                    TAGREFS="LT83"
                    BASELINE="932 783 1333 783" 
                    HPOS="932.0"
                    VPOS="746.0"
                    WIDTH="401.0"
                    HEIGHT="55.0">
            <Shape><Polygon POINTS="932 783 932 797 1331 801 1333 783 1333 746 932 746 932 783"/></Shape>
	    <String CONTENT="Adios, esposa querida,"
                    HPOS="932.0"
                    VPOS="746.0"
                    WIDTH="401.0"
                    HEIGHT="55.0"></String>
          </TextLine>

          
          
          <TextLine ID="eSc_line_ea37c2e6"
                    TAGREFS="LT83"
                    BASELINE="900 827 1356 827" 
                    HPOS="899.0"
                    VPOS="795.0"
                    WIDTH="455.0"
                    HEIGHT="46.0">
            <Shape><Polygon POINTS="899 826 899 841 1354 841 1354 826 1354 795 899 795 899 826"/></Shape>
	    <String CONTENT="adios para siempre, adios,"
                    HPOS="899.0"
                    VPOS="795.0"
                    WIDTH="455.0"
                    HEIGHT="46.0"></String>
          </TextLine>

          
          
          <TextLine ID="eSc_line_eaf65aba"
                    TAGREFS="LT83"
                    BASELINE="893 868 1393 868" 
                    HPOS="893.0"
                    VPOS="834.0"
                    WIDTH="500.0"
                    HEIGHT="54.0">
            <Shape><Polygon POINTS="893 868 893 880 1391 888 1393 868 1393 834 907 834 893 868"/></Shape>
	    <String CONTENT="no puedo volver á mi patria,"
                    HPOS="893.0"
                    VPOS="834.0"
                    WIDTH="500.0"
                    HEIGHT="54.0"></String>
          </TextLine>

          
          
          <TextLine ID="eSc_line_7775ae1c"
                    TAGREFS="LT83"
                    BASELINE="895 907 1329 903" 
                    HPOS="893.0"
                    VPOS="870.0"
                    WIDTH="436.0"
                    HEIGHT="66.0">
            <Shape><Polygon POINTS="1306 870 1285 870 1265 870 1244 870 1223 870 1203 870 1182 870 1161 870 1141 870 1120 870 1099 870 1079 870 1058 870 1037 870 1017 870 996 870 975 870 955 870 934 870 913 870 893 870 895 907 895 923 926 936 928 936 930 936 932 936 967 923 969 923 990 936 992 936 994 936 996 936 1062 923 1064 923 1066 923 1105 936 1108 936 1110 936 1112 936 1143 923 1149 921 1157 923 1201 934 1203 934 1205 934 1329 921 1329 903 1323 870 1306 870"/></Shape>
	    <String CONTENT="quedaos todos con Dios."
                    HPOS="893.0"
                    VPOS="870.0"
                    WIDTH="436.0"
                    HEIGHT="66.0"></String>
          </TextLine>

          
          
          <TextLine ID="eSc_line_49e299c6"
                    TAGREFS="LT83"
                    BASELINE="934 971 1311 976" 
                    HPOS="930.0"
                    VPOS="927.0"
                    WIDTH="380.0"
                    HEIGHT="60.0">
            <Shape><Polygon POINTS="932 969 930 987 1308 987 1310 975 1308 940 932 927 932 969"/></Shape>
	    <String CONTENT="A todos dió libertad,"
                    HPOS="930.0"
                    VPOS="927.0"
                    WIDTH="380.0"
                    HEIGHT="60.0"></String>
          </TextLine>

          
          
          <TextLine ID="eSc_line_72b9ca36"
                    TAGREFS="LT83"
                    BASELINE="895 1014 1358 1014" 
                    HPOS="895.0"
                    VPOS="977.0"
                    WIDTH="463.0"
                    HEIGHT="58.0">
            <Shape><Polygon POINTS="895 1014 895 1035 1358 1031 1358 1014 1356 977 895 981 895 1014"/></Shape>
	    <String CONTENT="muy alegres se marcharon"
                    HPOS="895.0"
                    VPOS="977.0"
                    WIDTH="463.0"
                    HEIGHT="58.0"></String>
          </TextLine>

          
          
          <TextLine ID="eSc_line_ff373b39"
                    TAGREFS="LT83"
                    BASELINE="899 1056 1323 1051" 
                    HPOS="897.0"
                    VPOS="1023.0"
                    WIDTH="426.0"
                    HEIGHT="55.0">
            <Shape><Polygon POINTS="899 1056 899 1078 1323 1064 1323 1051 1316 1023 897 1025 899 1056"/></Shape>
	    <String CONTENT="y al llegar al regimiento"
                    HPOS="897.0"
                    VPOS="1023.0"
                    WIDTH="426.0"
                    HEIGHT="55.0"></String>
          </TextLine>

          
          
          <TextLine ID="eSc_line_88af3dce"
                    TAGREFS="LT83"
                    BASELINE="897 1099 1318 1095" 
                    HPOS="895.0"
                    VPOS="1064.0"
                    WIDTH="423.0"
                    HEIGHT="49.0">
            <Shape><Polygon POINTS="897 1099 897 1111 1314 1113 1318 1095 1312 1064 895 1066 897 1099"/></Shape>
	    <String CONTENT="el milagro les contaron."
                    HPOS="895.0"
                    VPOS="1064.0"
                    WIDTH="423.0"
                    HEIGHT="49.0"></String>
          </TextLine>

          
          
          <TextLine ID="eSc_line_1bde0002"
                    TAGREFS="LT83"
                    BASELINE="939 1164 1405 1163" 
                    HPOS="936.0"
                    VPOS="1113.0"
                    WIDTH="467.0"
                    HEIGHT="75.0">
            <Shape><Polygon POINTS="938 1163 938 1178 1399 1188 1403 1161 1399 1126 936 1113 938 1163"/></Shape>
	    <String CONTENT="El escapulario del Carmen"
                    HPOS="936.0"
                    VPOS="1113.0"
                    WIDTH="467.0"
                    HEIGHT="75.0"></String>
          </TextLine>

          
          
          <TextLine ID="eSc_line_05c75681"
                    TAGREFS="LT83"
                    BASELINE="900 1206 1232 1204" 
                    HPOS="897.0"
                    VPOS="1169.0"
                    WIDTH="332.0"
                    HEIGHT="52.0">
            <Shape><Polygon POINTS="899 1204 899 1217 1225 1221 1229 1202 1225 1171 897 1169 899 1204"/></Shape>
	    <String CONTENT="á todos les enseñó,"
                    HPOS="897.0"
                    VPOS="1169.0"
                    WIDTH="332.0"
                    HEIGHT="52.0"></String>
          </TextLine>

          
          
          <TextLine ID="eSc_line_88daeecf"
                    TAGREFS="LT83"
                    BASELINE="899 1244 1273 1240" 
                    HPOS="897.0"
                    VPOS="1209.0"
                    WIDTH="376.0"
                    HEIGHT="51.0">
            <Shape><Polygon POINTS="899 1244 899 1260 1271 1260 1273 1240 1267 1209 897 1211 899 1244"/></Shape>
	    <String CONTENT="esta fué mi salvadora"
                    HPOS="897.0"
                    VPOS="1209.0"
                    WIDTH="376.0"
                    HEIGHT="51.0"></String>
          </TextLine>

          
          
          <TextLine ID="eSc_line_87fb5978"
                    TAGREFS="LT83"
                    BASELINE="899 1285 1362 1285" 
                    HPOS="899.0"
                    VPOS="1246.0"
                    WIDTH="463.0"
                    HEIGHT="78.0">
            <Shape><Polygon POINTS="899 1285 899 1324 1362 1322 1362 1285 1362 1250 899 1246 899 1285"/></Shape>
	    <String CONTENT="que me dió su protección."
                    HPOS="899.0"
                    VPOS="1246.0"
                    WIDTH="463.0"
                    HEIGHT="78.0"></String>
          </TextLine>

          
          
          <TextLine ID="eSc_line_13cd5dd5"
                    TAGREFS="LT83"
                    BASELINE="947 1353 1428 1349" 
                    HPOS="944.0"
                    VPOS="1314.0"
                    WIDTH="482.0"
                    HEIGHT="56.0">
            <Shape><Polygon POINTS="1420 1316 1418 1314 944 1314 946 1351 946 1366 1422 1370 1426 1347 1422 1316 1420 1316"/></Shape>
	    <String CONTENT="Virgen sagrada del Carmen"
                    HPOS="944.0"
                    VPOS="1314.0"
                    WIDTH="482.0"
                    HEIGHT="56.0"></String>
          </TextLine>

          
          
          <TextLine ID="eSc_line_d71e89cd"
                    TAGREFS="LT83"
                    BASELINE="899 1390 1300 1395" 
                    HPOS="897.0"
                    VPOS="1355.0"
                    WIDTH="403.0"
                    HEIGHT="54.0">
            <Shape><Polygon POINTS="899 1390 897 1401 1296 1409 1300 1395 1298 1359 899 1355 899 1390"/></Shape>
	    <String CONTENT="ampárales, madre mía,"
                    HPOS="897.0"
                    VPOS="1355.0"
                    WIDTH="403.0"
                    HEIGHT="54.0"></String>
          </TextLine>

          
          
          <TextLine ID="eSc_line_a2c42773"
                    TAGREFS="LT83"
                    BASELINE="903 1436 1258 1428" 
                    HPOS="901.0"
                    VPOS="1397.0"
                    WIDTH="357.0"
                    HEIGHT="53.0">
            <Shape><Polygon POINTS="903 1436 903 1450 1256 1448 1258 1428 1252 1397 901 1403 903 1436"/></Shape>
	    <String CONTENT="á todos los militares"
                    HPOS="901.0"
                    VPOS="1397.0"
                    WIDTH="357.0"
                    HEIGHT="53.0"></String>
          </TextLine>

          
          
          <TextLine ID="eSc_line_2af7f5c6"
                    TAGREFS="LT83"
                    BASELINE="901 1475 1378 1471" 
                    HPOS="899.0"
                    VPOS="1436.0"
                    WIDTH="479.0"
                    HEIGHT="68.0">
            <Shape><Polygon POINTS="901 1475 901 1504 963 1490 1004 1502 1008 1502 1010 1502 1012 1502 1015 1502 1021 1500 1060 1490 1254 1488 1265 1492 1281 1500 1283 1500 1285 1500 1376 1488 1378 1471 1372 1436 899 1440 901 1475"/></Shape>
	    <String CONTENT="que tu protección te pidan."
                    HPOS="899.0"
                    VPOS="1436.0"
                    WIDTH="479.0"
                    HEIGHT="68.0"></String>
          </TextLine>

          
          
          <TextLine ID="eSc_line_e7187f2e"
                    TAGREFS="LT83"
                    BASELINE="944 1541 1403 1546" 
                    HPOS="940.0"
                    VPOS="1481.0"
                    WIDTH="461.0"
                    HEIGHT="79.0">
            <Shape><Polygon POINTS="942 1539 940 1552 1397 1560 1401 1545 1399 1508 1289 1508 1287 1506 1252 1481 1250 1481 1248 1481 1192 1481 1190 1481 1188 1481 1186 1481 1186 1483 1163 1502 1147 1488 1145 1488 1143 1488 1077 1488 1074 1488 1072 1488 1070 1488 1070 1490 1054 1502 961 1490 959 1490 957 1490 955 1490 942 1498 942 1539"/></Shape>
	    <String CONTENT="Virgen Santa del Carmelo"
                    HPOS="940.0"
                    VPOS="1481.0"
                    WIDTH="461.0"
                    HEIGHT="79.0"></String>
          </TextLine>

          
          
          <TextLine ID="eSc_line_025d11ae"
                    TAGREFS="LT83"
                    BASELINE="906 1586 1329 1585" 
                    HPOS="903.0"
                    VPOS="1545.0"
                    WIDTH="424.0"
                    HEIGHT="58.0">
            <Shape><Polygon POINTS="905 1585 905 1603 1325 1601 1327 1583 1323 1552 903 1545 905 1585"/></Shape>
	    <String CONTENT="ya que por todos rogais,"
                    HPOS="903.0"
                    VPOS="1545.0"
                    WIDTH="424.0"
                    HEIGHT="58.0"></String>
          </TextLine>

          
          
          <TextLine ID="eSc_line_042d6037"
                    TAGREFS="LT83"
                    BASELINE="903 1624 1302 1624" 
                    HPOS="903.0"
                    VPOS="1585.0"
                    WIDTH="399.0"
                    HEIGHT="53.0">
            <Shape><Polygon POINTS="1296 1585 1275 1585 1254 1585 1234 1585 1213 1585 1198 1585 903 1589 903 1624 903 1636 1300 1638 1302 1624 1300 1585 1296 1585"/></Shape>
	    <String CONTENT="á los difuntos de Cuba"
                    HPOS="903.0"
                    VPOS="1585.0"
                    WIDTH="399.0"
                    HEIGHT="53.0"></String>
          </TextLine>

          
          
          <TextLine ID="eSc_line_f6d1a145"
                    TAGREFS="LT83"
                    BASELINE="901 1665 1296 1661" 
                    HPOS="899.0"
                    VPOS="1628.0"
                    WIDTH="397.0"
                    HEIGHT="50.0">
            <Shape><Polygon POINTS="901 1665 901 1678 1296 1676 1296 1661 1289 1628 899 1630 901 1665"/></Shape>
	    <String CONTENT="sus almas les abrazáis."
                    HPOS="899.0"
                    VPOS="1628.0"
                    WIDTH="397.0"
                    HEIGHT="50.0"></String>
          </TextLine>

          
          
          <TextLine ID="eSc_line_43a70f67"
                    TAGREFS="LT83"
                    BASELINE="944 1729 1426 1729" 
                    HPOS="944.0"
                    VPOS="1690.0"
                    WIDTH="482.0"
                    HEIGHT="66.0">
            <Shape><Polygon POINTS="1420 1690 944 1696 944 1729 944 1744 1424 1756 1426 1729 1424 1692 1420 1690"/></Shape>
	    <String CONTENT="Haced que pronto se acabe"
                    HPOS="944.0"
                    VPOS="1690.0"
                    WIDTH="482.0"
                    HEIGHT="66.0"></String>
          </TextLine>

          
          
          <TextLine ID="eSc_line_18fc3382"
                    TAGREFS="LT83"
                    BASELINE="911 1776 1376 1775" 
                    HPOS="907.0"
                    VPOS="1733.0"
                    WIDTH="467.0"
                    HEIGHT="54.0">
            <Shape><Polygon POINTS="909 1775 909 1787 1372 1787 1374 1773 1370 1742 907 1733 909 1775"/></Shape>
	    <String CONTENT="esta guerra ensangrentada,"
                    HPOS="907.0"
                    VPOS="1733.0"
                    WIDTH="467.0"
                    HEIGHT="54.0"></String>
          </TextLine>

          
          
          <TextLine ID="eSc_line_cd3c18b0"
                    TAGREFS="LT83"
                    BASELINE="907 1812 1339 1810" 
                    HPOS="905.0"
                    VPOS="1779.0"
                    WIDTH="434.0"
                    HEIGHT="50.0">
            <Shape><Polygon POINTS="907 1812 907 1824 1335 1829 1339 1810 1333 1779 905 1779 907 1812"/></Shape>
	    <String CONTENT="suplicadle á vuestro hijo,"
                    HPOS="905.0"
                    VPOS="1779.0"
                    WIDTH="434.0"
                    HEIGHT="50.0"></String>
          </TextLine>

          
          
          <TextLine ID="eSc_line_5b7ab02d"
                    TAGREFS="LT83"
                    BASELINE="911 1853 1401 1849" 
                    HPOS="909.0"
                    VPOS="1812.0"
                    WIDTH="492.0"
                    HEIGHT="56.0">
            <Shape><Polygon POINTS="911 1853 911 1868 1399 1866 1401 1849 1397 1816 909 1812 911 1853"/></Shape>
	    <String CONTENT="Virgen del Carmen sagrada."
                    HPOS="909.0"
                    VPOS="1812.0"
                    WIDTH="492.0"
                    HEIGHT="56.0"></String>
          </TextLine>

          
          
          <TextLine ID="eSc_line_17a9fd0b"
                    TAGREFS="LT83"
                    BASELINE="946 1917 1422 1917" 
                    HPOS="946.0"
                    VPOS="1886.0"
                    WIDTH="476.0"
                    HEIGHT="56.0">
            <Shape><Polygon POINTS="946 1917 946 1934 1420 1942 1422 1917 1422 1886 946 1886 946 1917"/></Shape>
	    <String CONTENT="A los que están prisioneros"
                    HPOS="946.0"
                    VPOS="1886.0"
                    WIDTH="476.0"
                    HEIGHT="56.0"></String>
          </TextLine>

          
          
          <TextLine ID="eSc_line_51b01354"
                    TAGREFS="LT83"
                    BASELINE="911 1964 1302 1959" 
                    HPOS="907.0"
                    VPOS="1919.0"
                    WIDTH="393.0"
                    HEIGHT="56.0">
            <Shape><Polygon POINTS="909 1963 909 1975 1298 1975 1300 1957 1296 1919 919 1919 917 1919 915 1919 913 1919 913 1922 907 1926 909 1963"/></Shape>
	    <String CONTENT="del cautiverio saquéisi"
                    HPOS="907.0"
                    VPOS="1919.0"
                    WIDTH="393.0"
                    HEIGHT="56.0"></String>
          </TextLine>

          
          
          <TextLine ID="eSc_line_feec5461"
                    TAGREFS="LT83"
                    BASELINE="907 2000 1340 2002" 
                    HPOS="903.0"
                    VPOS="1963.0"
                    WIDTH="436.0"
                    HEIGHT="47.0">
            <Shape><Polygon POINTS="1008 1963 988 1963 967 1963 946 1963 926 1963 905 1963 905 1998 903 2008 1335 2010 1339 2000 1337 1963 1029 1963 1008 1963"/></Shape>
	    <String CONTENT="á los heridos y enfermos"
                    HPOS="903.0"
                    VPOS="1963.0"
                    WIDTH="436.0"
                    HEIGHT="47.0"></String>
          </TextLine>

          
          
          <TextLine ID="eSc_line_0b7b1038"
                    TAGREFS="LT83"
                    BASELINE="907 2041 1296 2041" 
                    HPOS="907.0"
                    VPOS="2010.0"
                    WIDTH="389.0"
                    HEIGHT="50.0">
            <Shape><Polygon POINTS="907 2041 907 2056 1294 2060 1296 2041 1296 2010 907 2010 907 2041"/></Shape>
	    <String CONTENT="á todos salud les deis."
                    HPOS="907.0"
                    VPOS="2010.0"
                    WIDTH="389.0"
                    HEIGHT="50.0"></String>
          </TextLine>

          
          
          <TextLine ID="eSc_line_4bec5fbd"
                    TAGREFS="LT83"
                    BASELINE="950 2110 1486 2105" 
                    HPOS="948.0"
                    VPOS="2066.0"
                    WIDTH="538.0"
                    HEIGHT="64.0">
            <Shape><Polygon POINTS="950 2110 950 2122 1482 2130 1486 2105 1482 2077 948 2066 950 2110"/></Shape>
	    <String CONTENT="Cubridnos con vuestro manto,"
                    HPOS="948.0"
                    VPOS="2066.0"
                    WIDTH="538.0"
                    HEIGHT="64.0"></String>
          </TextLine>

          
          
          <TextLine ID="eSc_line_6709e349"
                    TAGREFS="LT83"
                    BASELINE="915 2149 1405 2149" 
                    HPOS="915.0"
                    VPOS="2108.0"
                    WIDTH="490.0"
                    HEIGHT="62.0">
            <Shape><Polygon POINTS="1019 2110 998 2110 977 2110 957 2110 955 2108 915 2108 915 2149 915 2163 1403 2170 1405 2149 1405 2116 1037 2110 1019 2110"/></Shape>
	    <String CONTENT="Virgen del Carmen sagrada,"
                    HPOS="915.0"
                    VPOS="2108.0"
                    WIDTH="490.0"
                    HEIGHT="62.0"></String>
          </TextLine>

          
          
          <TextLine ID="eSc_line_89e29b7d"
                    TAGREFS="LT83"
                    BASELINE="911 2192 1389 2184" 
                    HPOS="909.0"
                    VPOS="2151.0"
                    WIDTH="480.0"
                    HEIGHT="66.0">
            <Shape><Polygon POINTS="911 2192 911 2217 1387 2205 1389 2184 1382 2151 909 2151 911 2192"/></Shape>
	    <String CONTENT="haced que vuestros devotos"
                    HPOS="909.0"
                    VPOS="2151.0"
                    WIDTH="480.0"
                    HEIGHT="66.0"></String>
          </TextLine>

          
          
          <TextLine ID="eSc_line_c984f851"
                    TAGREFS="LT83"
                    BASELINE="909 2234 1494 2230" 
                    HPOS="905.0"
                    VPOS="2192.0"
                    WIDTH="587.0"
                    HEIGHT="68.0">
            <Shape><Polygon POINTS="907 2232 907 2250 1438 2260 1440 2260 1442 2260 1444 2260 1465 2250 1486 2260 1492 2229 1486 2192 905 2198 907 2232"/></Shape>
	    <String CONTENT="alcancen la gloria santa.—Amén."
                    HPOS="905.0"
                    VPOS="2192.0"
                    WIDTH="587.0"
                    HEIGHT="68.0"></String>
          </TextLine>

          
        </TextBlock>
        
        <TextBlock HPOS="566.0"
                   VPOS="2266.0"
                   WIDTH="684.0"
                   HEIGHT="51.0"
                   ID="eSc_textblock_7685ee64"
                   TAGREFS="BT228">
          <Shape><Polygon POINTS="566 2266 566 2317 1250 2317 1250 2266"/></Shape>
          
          
          <TextLine ID="eSc_line_471d9e4e"
                    TAGREFS="LT83"
                    BASELINE="591 2294 1197 2295" 
                    HPOS="589.0"
                    VPOS="2267.0"
                    WIDTH="607.0"
                    HEIGHT="70.0">
            <Shape><Polygon POINTS="1188 2267 1167 2267 1147 2267 1126 2267 1105 2267 1085 2267 1064 2267 1043 2267 1023 2267 1002 2267 981 2267 961 2267 940 2267 919 2267 899 2267 878 2267 857 2267 837 2267 816 2267 795 2267 775 2267 754 2267 733 2267 713 2267 692 2267 671 2267 651 2267 630 2267 609 2267 589 2267 589 2294 589 2316 694 2337 696 2337 859 2331 862 2331 864 2331 864 2329 876 2318 944 2318 957 2329 957 2331 959 2331 961 2331 963 2331 1077 2325 1122 2337 1124 2337 1126 2337 1128 2337 1196 2316 1196 2294 1194 2267 1188 2267"/></Shape>
	    <String CONTENT="Imps. Hospital, 19, «El Abanico»"
                    HPOS="589.0"
                    VPOS="2267.0"
                    WIDTH="607.0"
                    HEIGHT="70.0"></String>
          </TextLine>

          
        </TextBlock>
        

        
      </PrintSpace>
    </Page>
  </Layout>
</alto>
