1923 2632
368 234 44 53 2

373 254 472 81 Su lindo rostro mostraba

370 313 479 68 ser mas triste que solia.

375 368 450 70 Conociera luego el Rey

375 414 375 77 el enojo que tenia.

379 458 573 90 ¿Qué es aquesto, la Infanta?

392 519 516 71 ¿qué es aquesto, hija mia?

377 565 536 75 Contadme vuestros enojos,

379 622 437 77 no tengais melancolía,

384 653 496 86 que en sabiendo la verdad

384 719 368 74 todo se remediaría.

381 772 536 65 Menester será, buen Rey,

381 824 440 73 remediar la vida mia,

388 844 597 110 que á vos quedé encomendada

388 929 446 64 de la madre que tenia.

386 960 582 84 Darásme, buen Rey, marido,

395 1030 478 71 que mi edad lo requeria;

388 1068 602 72 con vergüenza os lo demando,

392 1120 453 86 no con gana que tenia,

399 1151 544 97 que aquestos cuidados tales

390 1217 510 88 á vos, Rey, pertenecian.

392 1269 479 82 Escuchada su demanda,

395 1316 533 78 el buen Rey le respondia:

395 1368 518 81 Esa culpa, la mi Infanta,

399 1430 512 59 vuestra era, que no mia;

406 1476 452 76 que ya fuérades casada

399 1530 520 64 con el Príncipe de Ungría.

406 1579 425 63 No quisisteis escuchar

399 1625 531 74 la embajada que os venía;

410 1651 606 103 pues acá en las nuestras cortes

401 1721 542 75 mal recaudo, hija; habia;

414 1776 606 83 porque en todos los mis reinos

406 1838 526 65 vuestro par igual no habia,

410 1879 536 66 sino era el conde Alarcos,

417 1932 388 66 hijos y mujer tenia.

410 1989 518 66 Combidadle, vos el Rey,

408 2028 498 71 al conde Alarcos un dia,

423 2090 479 68 y desque hayais comido,

419 2134 406 98 decidle de parte mia;

1033 245 468 77 decidle, que se acuerde

1038 307 500 65 de la fee que de él tenia,

1038 350 509 79 la cual él me prometiera,

1047 410 452 72 que yo no se la pedia,

1036 458 511 68 de ser siempre mi marido,

1044 504 450 68 yo que su mujer seria.

1044 546 547 94 Yo soy deso muy contenta,

1051 611 441 75 y no me arrepentiria:

1044 655 466 73 si caso con la Condesa,

1053 701 477 88 que mirase lo que hacia,

1049 752 448 81 que yo por él no casé

1042 809 534 74 con el Príncipe de Ungría:

1040 861 507 79 si la Condesa es burlada,

1047 905 551 77 della es culpa, que no mia.

1047 962 483 71 Perdiera el Rey en oirlo

1049 1017 413 66 el sentido que tenia;

1047 1039 562 90 mas despues en sí tornando,

1051 1116 428 68 con enojo respondia:

1047 1153 502 68 No son esos los consejos

1058 1199 557 79 que vuestra madre os decia;

1051 1252 591 90 mal mirasteis vos, la lnfanta,

1053 1313 419 70 dó era la honra mia:

1049 1362 443 74 si verdad es todo eso,

1060 1399 551 90 vuestra honra ya es perdida

1060 1456 535 81 No podeis vos ser casada,

1060 1511 481 79 siendo la Condesa viva:

1064 1561 461 73 si se hace el casamiento

1071 1598 485 88 por razon ó por justicia,

1055 1655 527 75 en el decir de las gentes,

1069 1717 463 68 por mala seréis tenida.

1060 1770 544 54 Dadme vos, hija, consejo,

1066 1816 501 74 que el mio no bastaria;

1075 1859 635 77 que ya es muerta vuestra madre,

1080 1914 465 66 á quien consejos pedia.

1075 1965 560 79 Yo vos lo daré, buen Rey,

1077 2017 442 64 deste poco que tenia;

1082 2057 588 83 Mate el Conde á la Condesa,

1088 2118 470 110 que ninguno lo sabria:
