1920 2606
232 199 591 74 eche fama que ella es muerta

232 254 547 76 de un cierto mal que tenia,

234 306 456 76 y trátase el casamiento

232 360 426 65 como cosa no sabida;

230 406 508 71 desta manera, buen Rey,

228 460 447 67 mi honra se guardaria.

225 508 580 74 De allí se sale el buen Rey,

228 560 495 71 no con placer que tenia;

225 603 485 74 lleno va de pensamiento

223 655 441 72 de la nueva que traia.

230 703 538 74 Vido estar el conde Alarcos

225 753 515 72 entre muchos, que decia:

225 814 554 65 ¿Qué aprovecha, caballeros,

221 864 413 67 amar y servir amiga,

225 909 517 74 que son servicios perdidos

221 957 500 76 donde firmeza no habia?

223 1005 487 76 No puede por mí decirse

223 1064 454 67 aquesto que yo decia,

225 1109 539 70 que en tiempo que yo serví

219 1168 434 61 una que tanto valia,

217 1213 610 81 si muy bien la quise entonces,

219 1261 413 65 ahora mas la queria;

217 1313 543 66 mas por mí podrán decir:

217 1361 573 74 quien bien ama, tarde olvida.

215 1407 477 74 Estas palabras diciendo,

212 1457 567 80 vido al buen Rey que venia,

219 1520 536 69 y para hablar con el Rey

212 1567 524 66 de entre todos'se salia.

208 1607 591 82 Díjole el buen Rey al Conde,

210 1661 491 69 hablando con cortesía:

206 1713 543 69 Combidaros quiero, Conde,

217 1761 478 76 para mañana aquel dia,

206 1817 545 76 que querais comer conmigo,

208 1869 460 70 por tenerme compañia.

201 1919 535 70 Que se haga de buen grado

206 1963 465 71 lo que tu alteza pedia;

201 2010 454 79 beso tus reales manos,

206 2063 429 156 por la buena cortesía

892 208 519 85 de tenerme aquí mañana,

892 269 517 80 aunque estaba de partida,

897 321 532 72 que la Condesa me espera,

894 367 496 73 segun la carta me envia.

894 416 420 76 Otro dia de mañana,

894 464 415 81 el Rey de misa salia;

886 523 373 63 asentóse á comer,

888 566 458 74 no por gana que tenia,

890 621 513 69 sino para hablar al Conde

888 664 462 76 lo que hablarle queria:

886 716 499 76 allí fueron bien servidos,

888 768 465 74 como al Rey pertenecia.

886 814 584 85 Despues que hubieron comido,

886 875 386 65 toda la gente salia:

886 925 586 71 quedóse el Rey con el Conde

883 975 487 69 en la cuadra dó comian;

886 1022 460 74 empezó á hablar el Rey

883 1066 435 74 la embajada que traia.

881 1120 554 83 Unas nuevas traigo, Conde,

881 1170 493 74 que dellas no me placia,

877 1224 539 76 por las cuales yo me quejo

870 1279 446 60 de vuestra descortesía.

881 1320 519 78 Prometisteis á la Infanta

877 1368 478 78 lo que ella no os pedia,

873 1426 523 70 de siempre ser su marido,

860 1478 473 72 y á ella que le placia;

873 1531 504 63 y si otras cosas pasaron,

873 1576 493 72 no entro en esta porfía,

873 1626 456 74 que no se lo demandé,

864 1680 402 55 ni se lo demandaría.

860 1706 540 94 Otra cosa os digo, Conde,

868 1772 474 76 de mas, que os pesaria

864 1822 523 78 que mateis á la Condesa,

864 1874 521 76 que cumple á la honra mia,

860 1930 634 76 y echeis fama que ella es muerta

855 1982 485 68 de cierto mal que tenia;

857 2026 574 78 y tratarse ha el casamiento,

868 2076 443 154 como cosa no sabida,
