1904 2592
393 179 45 71 4

408 222 506 78 porque no sea deshonrada

391 276 434 73 hija que tanto queria.

393 328 404 67 Oidas estas razones,

393 386 512 54 el buen Conde respondia:

395 432 471 64 No puedo negar al Rey

393 486 462 62 lo que la Infanta decia,

391 529 492 73 sino que es todo verdad,

397 591 413 57 todo cuanto le pedia.

393 630 534 72 Por miedo de vos, el Rey,

391 684 499 65 no casé con quien decia,

391 732 555 67 no pensé que vuestra alteza

395 794 357 57 en ello consentiria.

391 835 536 67 De casarme con la Infanta,

395 885 469 74 yo, señor, bien casaria;

386 935 487 69 mas matar á la Condesa,

393 995 467 67 yo, señor, no lo haria;

406 1041 415 69 porque no debe morir

391 1086 469 73 la que mal no merecia.

386 1134 651 77 De morir tiene, el buen Conde,

399 1188 478 73 por salvar la honra mia,

406 1239 518 63 pues no mirasteis primero

395 1289 439 67 lo que mirar se debia.

397 1343 508 61 Si no muere la Condesa,

391 1391 432 69 á vos costará la vida,

397 1442 562 70 que por honra de los Reyes,

395 1492 521 69 muchos sin culpa morian;

401 1540 528 80 pues que muera la Condesa

395 1598 452 58 no es mucha maravilla.

397 1641 512 65 Yo la mataré, buen Rey,

373 1699 502 65 mas no será culpa mia;

395 1740 506 70 vos os avendréis con Dios

393 1794 503 61 en la fin de vuestra vida.

404 1846 557 69 Y prometo á vuestra alteza,

395 1894 393 69 á fee de caballería,

401 1941 554 80 que me escriba por traidor,

395 1995 462 69 si lo dicho no cumplia,

395 2045 478 73 de matar á la Condesa,

395 2095 501 114 aunque mal no merecia:

1054 1136 536 64 antes que llegase el Conde

1058 241 590 61 buen Rey, si me dais licencia,

1069 282 400 70 yo luego me partiria.

1058 334 606 67 Idos con Dios, el buen Conde,

1058 382 476 60 ordenad vuestra partida.

1058 429 558 65 Llorando se parte el Conde,

1058 481 392 74 llorando sin alegría;

1054 531 495 73 llorando por la Condesa,

1061 589 544 61 que mas que á sí la queria.

1052 635 508 62 Lloraba tambien el Conde

1058 689 480 67 por tres hijos que tenia;

1052 740 424 63 el uno era de pecho,

1061 784 466 71 que la Condesa lo cria,

1056 840 430 65 que no queria mamar

1056 889 482 67 de tres amas que tenia,

1052 935 452 67 si no era de su madre

1061 982 492 69 que muy bien la conocia.

1052 1032 529 67 Los otros eran pequeños,

1063 1086 397 73 poco sentido tenian:

1054 1188 398 64 estas razones decia:

1058 1242 610 69 ¿Quien podrá mirar, Condesa,

1061 1289 473 67 vuestra cara de alegría,

1067 1341 460 63 que saldréis á recibirme

1056 1384 495 69 á la fin de vuestra vida?

1063 1438 475 67 Yo soy el triste culpado,

1052 1490 480 71 esta culpa toda es mia.

1056 1544 545 63 En diciendo estas palabras,

1054 1589 404 65 la Condesa ya salia,

1058 1639 562 69 que un page le habia dicho

1061 1691 484 65 como el Conde ya venia.

1063 1736 536 69 Vido la Condesa al Conde

1054 1794 428 61 la tristeza que traia:

1050 1836 473 75 vióle los ojos llorosos,

1056 1896 480 63 que inchados los tenia,

1052 1939 499 76 de llorar por el camino,

1052 1998 555 60 mirando el bien que perdia.

1058 2047 515 65 Dije la Condesa al Conde:

1052 2093 596 116 Bien vengais, bien de mi vida.
