2148 3034
308.0 278.0 506.0 98.0 eran cambiados sin tino;

313.0 351.0 463.0 76.0 siguieron las bofetadas

308.0 396.0 526.0 71.0 con denuestos y gemidos;

316.0 439.0 516.0 81.0 no quedó sano en la mesa

316.0 485.0 468.0 66.0 objeto de loza ó vidrio;

316.0 528.0 508.0 76.0 Pepe y Antonia cogieron

318.0 568.0 511.0 79.0 para herirse los cuchillos,

313.0 606.0 587.0 86.0 y tan fuerte fué el escándalo,

316.0 657.0 604.0 73.0 que acudió gente á los gritos,

318.0 712.0 473.0 66.0 separando los amantes,

318.0 753.0 527.0 68.0 en aquel punto enemigos.

318.0 798.0 494.0 59.0 Con un amigo marchóse

318.0 841.0 484.0 71.0 Pepe, á arañazos herido

318.0 879.0 547.0 71.0 el rostro todo y las manos.

318.0 927.0 418.0 69.0 El peinado se rehizo

318.0 958.0 595.0 83.0 Antonia, y salió tras de ellos

321.0 1021.0 407.0 63.0 con ánimo decidido

318.0 1046.0 496.0 81.0 de continuar en la calle

321.0 1107.0 392.0 61.0 el jaleo; pero quiso

321.0 1132.0 546.0 86.0 la casualidad que un coche

323.0 1195.0 410.0 71.0 pasara yendo vacío,

323.0 1211.0 527.0 91.0 y Pepe y su acompañante

323.0 1279.0 529.0 73.0 le asaltaron de improviso,

326.0 1319.0 516.0 76.0 y á todo correr del penco

321.0 1362.0 521.0 76.0 se alejaron de aquel sitio,

323.0 1403.0 592.0 81.0 dejando á Antonia en la calle

326.0 1453.0 455.0 71.0 diciendo mil desatinos

333.0 1496.0 469.0 79.0 y profiriendo amenazas

326.0 1544.0 435.0 79.0 en furioso paroxismo.

369.0 1625.0 529.0 79.0 Las tres de la madrugada

336.0 1673.0 423.0 74.0 serian ya de por filo,

326.0 1714.0 516.0 68.0 cuando regresó excitado

333.0 1764.0 496.0 66.0 aun Pepe á su domicilio.

326.0 1802.0 549.0 76.0 Nervioso y lleno de cólera,

328.0 1843.0 560.0 73.0 que siempre fué vengativo,

331.0 1896.0 460.0 65.0 subió por las escaleras

331.0 1934.0 491.0 78.0 maldiciendo su destino,

336.0 1982.0 544.0 73.0 y cuando llegó á la puerta

331.0 2017.0 562.0 78.0 abriéronla al punto mismo.

336.0 2070.0 549.0 76.0 Antonia, que le aguardaba,

331.0 2101.0 622.0 91.0 fué la que á su encuentro vino.

336.0 2159.0 511.0 76.0 A su habitación pasaron,

339.0 2202.0 602.0 83.0 y..... no se oyó ningún ruido.

336 2252 650 56 . . . . . . . . . . . . . . . . . . . . . . . . . . . .

339.0 2280.0 559.0 78.0 Dos huéspedes que dormían

333.0 2331.0 544.0 111.0 allí, en el cuarto contiguo,

900.0 202.0 167.0 98.0 — 7 —

1001.0 255.0 486.0 106.0 ni oyeron decir palabra,

1006.0 308.0 608.0 104.0 no obstante de ser grandisimo

1004.0 381.0 463.0 61.0 el silencio de la noche,

1004.0 417.0 476.0 76.0 ni apercibieron indicios

1004.0 465.0 514.0 73.0 de lucha ni de pendencia

1004.0 510.0 508.0 61.0 dentro del cuarto vecino.

1006.0 541.0 560.0 78.0 Sólo cuando eran las cuatro

1006.0 601.0 466.0 69.0 percibieron el zumbido

1006.0 639.0 560.0 76.0 sordo de un cuerpo que cae

1006.0 680.0 539.0 78.0 de gran altura, y un grito

1009.0 730.0 519.0 76.0 que lanzó Pepe, diciendo:

1012.0 776.0 576.0 86.0 «¡Esa mujer me ha perdido!»

1049.0 821.0 534.0 114.0 ¿Qué paso allí No se sabe

1014.0 907.0 407.0 66.0 La policía intervino

1017.0 932.0 501.0 91.0 y en la calle se vió Pepe

1014.0 998.0 476.0 63.0 por los agentes cogido.

1014.0 1029.0 554.0 80.0 ¿Fué que Antonia se arrojó

1017.0 1074.0 556.0 78.0 por el balcón? ¿Un suicidio?

1012.0 1122.0 536.0 71.0 ¿O fué que la arrojó airado

1014.0 1165.0 655.0 83.0 su amante?..... Los dos vestidos

1017.0 1216.0 508.0 60.0 estaban; la cama, hecha;

1017.0 1264.0 503.0 60.0 el mobiliario en su sitio;

1012.0 1302.0 463.0 73.0 ni nadie oyó disputar,

1017.0 1337.0 511.0 83.0 ni de lucha había signos.

1017.0 1388.0 645.0 68.0 . . . . . . . . . . . . . . . . . . . . . . . . . . . . .

1017.0 1433.0 498.0 68.0 Cerca de la acera estaba

1019.0 1479.0 610.0 70.0 de Antonia el cuerpo tendido,

1022.0 1524.0 480.0 66.0 magullado por el golpe;

1022.0 1567.0 549.0 68.0 el cráneo roto, Los mismos

1022.0 1613.0 430.0 65.0 agentes de autoridad

1022.0 1643.0 564.0 78.0 que acudieron en su auxilio

1022.0 1701.0 437.0 73.0 no supieron si al caer

1024.0 1742.0 511.0 73.0 estaba aquel cuerpo vivo.

1024.0 1792.0 448.0 61.0 Unos oyeron el golpe,

1024.0 1835.0 425.0 66.0 otros oyeron el ruido

1024.0 1858.0 529.0 86.0 de una vidriera al abrirse;

1024.0 1921.0 483.0 61.0 ninguno sobre esto dijo

1027.0 1967.0 455.0 60.0 cosa que diera más luz

1024.0 2004.0 483.0 69.0 al misterio. El detenido

1024.0 2037.0 537.0 76.0 fué ante el juez, y declaró

1027.0 2090.0 609.0 71.0 que la muerte fué un suicidio;

1029.0 2138.0 564.0 74.0 pero hasta aclarar el hecho,

1027.0 2181.0 440.0 69.0 fué llevado al Abanico

1027.0 2224.0 518.0 76.0 y encerrado en una celda.

1032.0 2257.0 544.0 142.0 ¡Digno fin de tal principio!
