2148 3034
966.0 391.0 175.0 96.0 — 6 —

382.0 414.0 399.0 106.0 la casa de lenocinio

379.0 467.0 574.0 106.0 dejan, y vanse de huéspedes

371.0 551.0 522.0 73.0 á otro lugar más pacífico.

419.0 621.0 542.0 81.0 Pasan por ser matrimonio,

374.0 670.0 562.0 78.0 y en su habitación metidos,

376.0 725.0 476.0 61.0 no salen durante el día

376.0 766.0 537.0 65.0 ni por ninguno son vistos.

374.0 804.0 511.0 78.0 Pero la noche ya entrada,

371.0 857.0 476.0 63.0 salen ambos de su nido

379.0 902.0 445.0 61.0 para ir á pasar el rato

376.0 948.0 476.0 58.0 entre dos ó tres amigos

374.0 993.0 524.0 61.0 en bromas y francachelas,

371.0 1034.0 554.0 65.0 con guitarra, cante y vino.

376.0 1069.0 499.0 76.0 Y esto se repite á diario,

374.0 1122.0 468.0 66.0 un día y otro lo mismo.

371.0 1150.0 567.0 78.0 De vez en cuando, los celos

369.0 1208.0 622.0 66.0 de que aun arden dan indicios.

376.0 1251.0 499.0 68.0 pero esto se pasa pronto:

371.0 1304.0 552.0 61.0 Antonia obra ya con juicio,

374.0 1337.0 605.0 71.0 y aunque de pronto enloquece,

371.0 1390.0 524.0 61.0 recobra pronto el sentido,

374.0 1425.0 541.0 74.0 hasta que dan en la broma

366.0 1474.0 534.0 60.0 de asistir al mismo sitio—

369.0 1509.0 569.0 76.0 entre otras muchas mujeres,

366.0 1557.0 473.0 63.0 flor y nata del oficio,—

369.0 1602.0 521.0 66.0 dos antiguas compañeras

366.0 1643.0 577.0 76.0 de Antonia, las dos testigos

366.0 1691.0 516.0 71.0 de la suerte de su amiga,

371.0 1739.0 484.0 61.0 por conocer á su amigo.

366.0 1787.0 544.0 63.0 La amante de Pepe vuelve

361.0 1820.0 390.0 71.0 al celoso desvarío,

366.0 1853.0 539.0 81.0 y una noche y otra noche,

361.0 1911.0 638.0 68.0 pensando siempre en lo mismo,

361.0 1956.0 615.0 69.0 cree que van á arrebatarle

359.0 1994.0 559.0 69.0 al hombre que es su cariño.

361.0 2035.0 608.0 83.0 Con esto vuelven los choques,

361.0 2080.0 448.0 69.0 los furiosos desatinos,

364.0 2128.0 503.0 71.0 los golpes y los insultos,

359.0 2176.0 496.0 66.0 y mayores compromisos,

361.0 2219.0 461.0 61.0 pues ellas, apercibidas

356.0 2265.0 519.0 63.0 de tantos y tantos ruidos,

364.0 2305.0 521.0 64.0 tratan de poner á Antonia

359.0 2346.0 544.0 76.0 por su flaqueza en ridículo.

359.0 2401.0 534.0 61.0 Cada vez que ésta las oye,

356.0 2432.0 590.0 81.0 pierde el seso, pierde el tino,

351.0 2482.0 473.0 109.0 y como una furia, loca,

1065.0 434.0 564.0 102.0 pone á las dos como pingos.

1067.0 518.0 511.0 60.0 Pepe pierde la paciencia,

1065.0 548.0 546.0 76.0 haya ó no probado el vino,

1067.0 604.0 559.0 63.0 y cruel maltrata á Antonia,

1062.0 642.0 549.0 68.0 que se vuelve un basilisco.

1065.0 682.0 501.0 71.0 Ruedan botellas y vasos,

1067.0 725.0 577.0 68.0 los platos se hacen añicos,

1065.0 781.0 417.0 60.0 la mesa patas arriba

1062.0 819.0 567.0 65.0 queda, si no es hecha eisco,

1060.0 862.0 470.0 68.0 y llueven las bofetadas

1060.0 910.0 452.0 63.0 como si fuera granizo,

1062.0 955.0 516.0 63.0 al son de las maldiciones

1060.0 998.0 480.0 71.0 y de furor entre gritos.

1105.0 1051.0 574.0 96.0 Una noche noche infausta!

1060.0 1117.0 541.0 78.0 tras de una tarde de ruido,

1060.0 1168.0 498.0 65.0 los dos amantes salieron

1060.0 1213.0 422.0 63.0 enojados y sombrios.

1062.0 1256.0 524.0 68.0 Ni una palabra cambiaron

1055.0 1297.0 554.0 73.0 siquiera en todo el camino,

1060.0 1342.0 508.0 68.0 y en el colmado ya, poco

1057.0 1390.0 582.0 68.0 menos los dos que aburridos,

1060.0 1433.0 483.0 71.0 á conversar se pusieron

1055.0 1476.0 500.0 63.0 de Pepe con dos amigos.

1060.0 1514.0 569.0 73.0 Poco á poco fué animándose

1060.0 1565.0 473.0 65.0 la conversación; el giro

1052.0 1610.0 529.0 66.0 que tomó distrajo á Pepe;

1057.0 1661.0 501.0 60.0 empezaron los equívocos

1055.0 1691.0 488.0 68.0 y los chistes escabrosos,

1055.0 1731.0 559.0 74.0 los cuentos y chascarrillos;

1055.0 1787.0 430.0 61.0 y cuando todos reian

1055.0 1835.0 503.0 56.0 á más y mejor, lo mismo

1052.0 1876.0 531.0 65.0 que las noches anteriores,

1047.0 1919.0 501.0 63.0 se oyó en otro saloncillo

1052.0 1959.0 592.0 71.0 la voz de una de las hembras

1049.0 2004.0 514.0 64.0 que hablaba del Señorito.

1047.0 2050.0 549.0 66.0 Antonia, el rostro ceñudo,

1055.0 2095.0 452.0 66.0 dirigióse á su querido

1049.0 2136.0 420.0 66.0 con ironías y burlas,

1052.0 2179.0 610.0 71.0 y pronto el silencio se hizo.....

1047.0 2222.0 491.0 63.0 Silencio que presagiaba

1049.0 2272.0 542.0 61.0 la tormenta. En vano vino

1049.0 2315.0 509.0 64.0 la intervención amistosa,

1047.0 2353.0 521.0 71.0 porque los celos malditos,

1044.0 2401.0 476.0 66.0 desatándose de pronto,

1044.0 2444.0 468.0 64.0 produjeron el conflicto.

1044.0 2485.0 474.0 116.0 Insultos y maldiciones
