1753 2480
28.0 78.0 490.0 95.0 Es una d' aquellas criadas

28.0 138.0 590.0 85.0 que s' pot dir mes descuydadas.

24.0 204.0 505.0 68.0 Mentres que lo diná s cou,

28.0 250.0 414.0 70.0 per la finestra del pou

24.0 297.0 439.0 58.0 xarra com una cotorra ;

28.0 341.0 461.0 70.0 y arman allí tal camorra

22.0 382.0 472.0 80.0 ab un' altra que n' hi ha,

26.0 440.0 379.0 62.0 que posadas á garlá

28.0 487.0 453.0 71.0 ja no s' recordan de res.

24.0 527.0 472.0 78.0 Si la envio, pe 'ls carrés

24.0 584.0 443.0 64.0 s' encanta per tot arreu

26.0 628.0 515.0 72.0 lo mateix que un pregadeu.

20.0 684.0 445.0 62.0 Si troba per gastá taba,

24.0 735.0 430.0 68.0 s' planta com una fava,

26.0 770.0 505.0 85.0 garlant sens tocar en lloch,

22.0 822.0 536.0 74.0 sens pensar que té en lo ſoch

26.0 880.0 488.0 72.0 l' olla que s' va reventant,

24.0 927.0 436.0 71.0 ni si la estich esperant,

24.0 975.0 401.0 76.0 ni si té ſeyna que fé :

28.0 1012.0 486.0 85.0 vamos, no s' cuyda de ré.

26.0 1072.0 468.0 66.0 Es á mes de descuydada,

26.0 1118.0 486.0 78.0 xarrayra, bruta, pesada,

28.0 1169.0 430.0 75.0 y de vagamunda molt :

22.0 1204.0 482.0 85.0 de des que despunta l'sol

31.0 1256.0 508.0 83.0 fins que s' ha fet negra nit,

28.0 1310.0 468.0 78.0 sempre té l'llavi amanit

35.0 1366.0 448.0 72.0 y apunt per ferla patar :

28.0 1409.0 550.0 70.0 may se cus ni s' va á rentar :

35.0 1454.0 537.0 85.0 ja l' véurerla m' fa quimera.

28.0 1506.0 521.0 81.0 Jo prou li dich : cansonera,

37.0 1550.0 552.0 82.0 ¿cóm es que vas tan deixada ?

39.0 1601.0 579.0 81.0 — Y ella m'diu : ¡ si la criada

35.0 1659.0 450.0 77.0 aquí sempre té que fer !

51.0 1700.0 534.0 75.0 —¿Y quant garlas al carrer?

37.0 1744.0 583.0 76.0 — Y m' diu : ¿ qué mal aniria,

33.0 1793.0 537.0 89.0 si en tot lo transcurs del dia

39.0 1853.0 450.0 66.0 no tenia una hora bona?

41.0 1903.0 457.0 72.0 Vamos, es una minyona

37.0 1950.0 517.0 69.0 que l' seu mal no té remey.

41.0 1996.0 484.0 76.0 Y donchs mudi de servey,

37.0 2043.0 448.0 77.0 respongué donya Pilar :

39.0 2095.0 434.0 81.0 jo també vull cambiar,

39.0 2136.0 515.0 85.0 perque la quina m' serveix,

37.0 2190.0 479.0 75.0 de flaca semblant pateix;

43.0 2242.0 482.0 70.0 y mes, perque las rahons

43.0 2289.0 502.0 95.0 las emplea ab los minyons.

952.0 64.0 488.0 84.0 Si la envio á alguna part

950.0 132.0 507.0 72.0 ja li puch dir : vina aviat,

952.0 177.0 509.0 77.0 que encara no es al carrer,

952.0 229.0 451.0 66.0 se atura ab lo taberner,

955.0 279.0 444.0 66.0 ab lo forner ó pellayre,

952.0 320.0 548.0 64.0 ó sinó ab lo escombrariayre:

955.0 369.0 595.0 67.0 es á dir, que ab tots ſa bromas,

952.0 415.0 499.0 78.0 y ls' dòna cireras, pomas,

957.0 479.0 409.0 66.0 taronjas ó bè pinyons,

950.0 524.0 385.0 69.0 segons las estacions.

950.0 560.0 559.0 74.0 Al matí quant sen va á plassa

955.0 611.0 516.0 73.0 (ánsia per axó n' té massa)

957.0 669.0 450.0 64.0 se dirigeix dret al punt

950.0 717.0 474.0 62.0 en que té cita ab algun;

957.0 760.0 500.0 77.0 y axí tarda una hora mes :

955.0 812.0 479.0 74.0 y si quant ve li dich res,

957.0 870.0 434.0 60.0 se m' posa tota afilada,

955.0 899.0 541.0 78.0 dihent, que está mes lligada

957.0 958.0 492.0 69.0 que l's presos de la presó,

957.0 1006.0 454.0 64.0 y no li tenen compassió.

955.0 1047.0 494.0 73.0 Y després té un altre mal,

957.0 1105.0 500.0 68.0 que es lo mes perjudicial :

957.0 1155.0 612.0 76.0 molts cops quant ve de comprar,

952.0 1200.0 503.0 73.0 després que som al contar,

961.0 1248.0 473.0 70.0 tots los comptes embolica

961.0 1308.0 405.0 64.0 pera ferme la trafica.

969.0 1343.0 453.0 83.0 Vejan ¿ qui podrá sufrir

963.0 1399.0 413.0 68.0 tan indigne procehir?

965.0 1442.0 473.0 74.0 ¿Y si tinch rahó sobrada

965.0 1490.0 508.0 74.0 per buscarme altra criada?

967.0 1552.0 471.0 64.0 Vaya, y molta que n' té,

965.0 1591.0 446.0 68.0 donya Rita respongué :

965.0 1647.0 473.0 66.0 minyonas tan lladragotas

965.0 1696.0 486.0 60.0 que vajan al diastre totas.

971.0 1742.0 469.0 64.0 Vénhen, la meva criada

969.0 1789.0 471.0 64.0 ho es bè massa de fiada :

971.0 1839.0 536.0 70.0 peró de axó, ¿qué n' farém,

967.0 1886.0 502.0 60.0 si ja toca un altre extrem?

971.0 1932.0 380.0 76.0 puig es una tocason

973.0 1986.0 482.0 70.0 que totas las horas dorm:

971.0 2035.0 478.0 70.0 certa estich que dormiria

975.0 2085.0 453.0 62.0 un any seguit nit y dia.

979.0 2130.0 430.0 66.0 La crido no molt matí,

979.0 2180.0 490.0 66.0 y avans no s' posa á vestí,

977.0 2225.0 498.0 62.0 me ſa alsar la casa á crits,

981.0 2271.0 511.0 95.0 y ab los ulls mitg adormits
