1860 2629
142.0 1244.0 1323.0 147.0 LAS QUEIXAS DE LAS MESTRESSAS.

454.0 1375.0 690.0 84.0 SEGONA PART

339.0 1432.0 922.0 84.0 DE LA CONVERSACIÓ DE LAS SIS CRIADAS.

19 1608 485 83 Diguí en la primera part

15 1678 482 65 que un dia estant amagat,

13 1713 484 74 desde dalt de una finestra

13 1763 467 68 escoltí una gran palestra

13 1822 421 64 que tenian sis criadas,

13 1860 568 81 de las que se n' diu taymadas.

15 1908 489 79 Cada qual ab molta fressa

13 1958 489 72 deya mal de sa mestressa.

17 2006 540 79 Vaig proposar jo aquell dia,

15 2057 485 76 que de un any no pararia

10 2105 419 79 fins saber ab claredat

13 2160 359 57 si acás era veritat

10 2201 551 81 lo que aquellas noyas deyan,

13 2254 495 74 y que tan á venal treyan.

13 2298 467 74 De á las horas endavant

10 2359 422 64 anava sempre buscant

17 2398 380 92 per trobar la ocasió.

945 1590 368 116 de conéixer si rahó

945 1686 403 71 tenian las sis criadas

945 1741 452 70 per estar axí enfadadas.

945 1781 412 79 Un dia que vaig anar

940 1840 376 61 á casa donya Pilar,

945 1886 421 63 y estava allí de visita,

940 1932 448 72 se presentá donya Rita,

943 1982 566 81 donya Agnés, donya Ramona,

943 2033 454 68 y també donya Coloma.

943 2070 430 81 Y entre cosas variadas

940 2122 454 79 parláren de las criadas,

938 2177 507 75 dihent axí donya Rlamona:

940 2221 490 77 la mia es molt bojarrona :

938 2271 441 77 avuy al fer l' esmorsar

940 2326 507 66 tot me l' ha deixat cremar.

943 2368 515 83 Y no era poch, sis costellas

938 2427 467 94 que rustia á las graellas.
