1934 2702
316 309 577 81 Con que tan gran regozijo

258 354 686 87 se nos bolvió en llanto tierno:

261 405 515 81 Dulce Jesus de mi vida,

252 456 488 78 Sacratissimo Maestro,

295 505 563 86 Si mis pecados tan graves

247 559 721 84 son los que assi os tienen puesto,

244 607 632 76 essa Espada que os dió Pàblo

243 657 640 81 passa, Señor, por mi cuello,

292 711 556 80 Dén buelta á mi corazon

238 753 600 86 las Llaves que tiene Pedro,

240 807 542 77 porque dentro dél veays,

237 860 722 82 que os amo como à Dios mesmo.

250 911 679 82 Si os dió San Simon la Sierra,

237 959 664 82 yo, Señor, os di el tormento;

243 1007 602 76 y assi es justo, Dueño mio,

240 1059 686 77 padezca con Vos á un tiempo.

288 1106 685 87 Y aunque por mis graves culpas

231 1155 605 80 tan gran dicha no merezco,

232 1200 483 78 espero veros humano,

229 1250 688 87 pues hombre os pinta Matheo,

291 1302 570 83 Y Dios con Divina union,

231 1354 589 90 Rey de la Tierra, y Cielo,

1018 327 625 91 perdonad mis graves culpas,

1022 387 549 78 y mi osado atrevimiento,

1066 435 592 85 Que si esta Letra compuse,

1010 486 680 85 es porque miré en un Templo,

994 535 522 75 en un hermosa Capilla

982 578 602 79 un Retablo de lo mesmo.

1021 632 692 102 En que contemplé humillado,

994 680 570 81 las ternezas, y lamentos,

995 730 570 77 y el ardiente afecto puro,

992 780 585 86 de la Madre del Consuelo.

1045 833 504 79 Este Sacro Desposorio,

988 876 611 86 dulcemente contemplemos,

990 925 494 78 siguiendo con viva Fé,

992 983 589 73 al puro, y manso Cordero.

1042 1031 626 82 Que si con Cruz, y trabajos

978 1076 566 74 entró Jesus en su Reyno,

957 1125 562 77 como podremos sin èlla

991 1175 599 81 entrar en el Reyno ageno?

1043 1230 535 74 Si rendidos le imitamos,

991 1278 598 80 y lloremos nuestros yerros,

988 1329 570 71 conseguiremos su Gracia,

981 1373 687 86 y despues su Gloria en premio.

345 1802 1258 86 Barcelona: En la Imprenta de los Herederos de Juan Jolis,

630 1864 677 73 en la calle de los Algodoneros.
