<?xml version="1.0" encoding="UTF-8"?>
<alto xmlns:xsi="http://www.w3.org/2001/XMLSchema-instance"
      xmlns="http://www.loc.gov/standards/alto/ns-v4#"
      xsi:schemaLocation="http://www.loc.gov/standards/alto/ns-v4# http://www.loc.gov/standards/alto/v4/alto-4-2.xsd">
  <Description>
    <MeasurementUnit>pixel</MeasurementUnit>
    <sourceImageInformation>
      <fileName>BCN_009_1.jpg</fileName>
      
    </sourceImageInformation>
  </Description>
  
  <Tags>
    <OtherTag ID="BT221" LABEL="CustomZone:impresorNum" DESCRIPTION="block type CustomZone:impresorNum"/><OtherTag ID="BT222" LABEL="CustomZone:numero_pliego" DESCRIPTION="block type CustomZone:numero_pliego"/><OtherTag ID="BT223" LABEL="CustomZone:title" DESCRIPTION="block type CustomZone:title"/><OtherTag ID="BT224" LABEL="GraphicZone:illustration" DESCRIPTION="block type GraphicZone:illustration"/><OtherTag ID="BT225" LABEL="GraphicZone:ornamentation" DESCRIPTION="block type GraphicZone:ornamentation"/><OtherTag ID="BT226" LABEL="MainZone" DESCRIPTION="block type MainZone"/><OtherTag ID="BT227" LABEL="MainZone:columns" DESCRIPTION="block type MainZone:columns"/><OtherTag ID="BT228" LABEL="MarginTextZone:colophon" DESCRIPTION="block type MarginTextZone:colophon"/><OtherTag ID="BT229" LABEL="MarginTextZone:note" DESCRIPTION="block type MarginTextZone:note"/><OtherTag ID="BT230" LABEL="MusicZone" DESCRIPTION="block type MusicZone"/><OtherTag ID="BT231" LABEL="NumberingZone:page" DESCRIPTION="block type NumberingZone:page"/><OtherTag ID="BT232" LABEL="QuireMarksZone:catchwords" DESCRIPTION="block type QuireMarksZone:catchwords"/><OtherTag ID="BT233" LABEL="QuireMarksZone:signature" DESCRIPTION="block type QuireMarksZone:signature"/><OtherTag ID="BT234" LABEL="RunningTitleZone" DESCRIPTION="block type RunningTitleZone"/>
    <OtherTag ID="LT81" LABEL="CustomLine:propriedad" DESCRIPTION="line type CustomLine:propriedad"/><OtherTag ID="LT82" LABEL="CustomLine:trailer" DESCRIPTION="line type CustomLine:trailer"/><OtherTag ID="LT83" LABEL="DefaultLine" DESCRIPTION="line type DefaultLine"/><OtherTag ID="LT84" LABEL="HeadingLine" DESCRIPTION="line type HeadingLine"/>
  </Tags>
  
  <Layout>
    <Page WIDTH="1872"
          HEIGHT="2675"
          PHYSICAL_IMG_NR="36"
          ID="eSc_dummypage_">
      <PrintSpace HPOS="0"
                  VPOS="0"
                  WIDTH="1872"
                  HEIGHT="2675">
        
        <TextBlock HPOS="83"
                   VPOS="989"
                   WIDTH="1619"
                   HEIGHT="729"
                   ID="block_2"
                   TAGREFS="BT223">
          <Shape><Polygon POINTS="1702 989 1702 1718 86 1718 83 995"/></Shape>
          
          
          <TextLine ID="line_14"
                    TAGREFS="LT84"
                    BASELINE="343 1065 1433 1068 1451 1069" 
                    HPOS="341"
                    VPOS="986"
                    WIDTH="1112"
                    HEIGHT="113">
            <Shape><Polygon POINTS="1453 1022 1452 1022 1448 1017 1406 989 1405 989 1403 989 1402 989 1366 997 1263 991 1262 991 1260 991 1237 1000 1196 992 1195 992 1055 1000 1017 992 1015 992 956 1000 917 986 915 986 914 986 912 986 854 1004 835 994 834 994 749 991 747 991 746 991 715 998 437 991 435 991 434 991 416 1000 359 991 358 991 356 991 343 997 343 1065 341 1077 429 1095 431 1096 477 1096 477 1095 478 1095 480 1095 502 1080 504 1080 576 1080 581 1081 597 1093 599 1093 600 1093 602 1093 603 1093 645 1083 646 1083 670 1089 672 1089 673 1089 759 1084 844 1080 862 1086 895 1098 896 1098 898 1098 899 1098 921 1089 944 1098 945 1098 947 1098 996 1090 1006 1098 1008 1098 1009 1098 1327 1099 1329 1099 1330 1099 1341 1093 1359 1084 1397 1092 1399 1092 1400 1092 1422 1083 1451 1083"/></Shape>
	    <String CONTENT="DEVOTO ROMANCE,"
                    HPOS="341"
                    VPOS="986"
                    WIDTH="1112"
                    HEIGHT="113"></String>
          </TextLine>

          
          
          <TextLine ID="line_15"
                    TAGREFS="LT84"
                    BASELINE="126 1142 1153 1150 1654 1142" 
                    HPOS="124"
                    VPOS="1084"
                    WIDTH="1530"
                    HEIGHT="87">
            <Shape><Polygon POINTS="126 1142 124 1159 312 1168 313 1168 496 1160 535 1159 557 1160 673 1169 675 1169 1008 1162 1085 1169 1086 1169 1088 1169 1112 1162 1213 1171 1214 1171 1216 1171 1250 1162 1350 1171 1351 1171 1353 1171 1382 1162 1653 1162 1654 1142 1653 1101 1602 1089 1601 1089 1397 1098 1373 1098 1338 1096 1198 1090 1196 1090 1195 1090 1176 1095 1158 1099 1083 1093 991 1087 990 1087 951 1092 911 1098 550 1090 548 1090 242 1096 215 1086 214 1086 126 1084 126 1142"/></Shape>
	    <String CONTENT="EN QUE SE REFIERE EL SANTISSIMO DESPO-"
                    HPOS="124"
                    VPOS="1084"
                    WIDTH="1530"
                    HEIGHT="87"></String>
          </TextLine>

          
          
          <TextLine ID="line_30"
                    TAGREFS="LT84"
                    BASELINE="129 1212 837 1220 1656 1215" 
                    HPOS="127"
                    VPOS="1157"
                    WIDTH="1529"
                    HEIGHT="94">
            <Shape><Polygon POINTS="129 1212 127 1231 178 1242 179 1242 181 1242 203 1233 243 1233 266 1233 344 1248 346 1248 347 1248 379 1233 524 1233 569 1249 570 1249 572 1251 899 1251 899 1249 901 1249 902 1249 921 1237 1042 1249 1043 1249 1118 1242 1292 1249 1293 1249 1295 1249 1339 1234 1552 1234 1593 1246 1595 1246 1596 1246 1598 1246 1599 1246 1620 1234 1654 1234 1656 1215 1654 1179 1561 1175 1524 1159 1522 1159 1521 1159 1482 1166 1470 1159 1469 1159 1467 1159 1275 1159 1274 1159 1272 1159 1238 1177 1234 1179 1049 1179 1042 1175 1022 1166 1021 1166 1020 1166 1018 1166 988 1175 973 1178 942 1174 904 1169 902 1169 901 1169 892 1174 881 1179 823 1179 811 1174 798 1168 796 1168 795 1168 746 1171 719 1159 718 1159 663 1159 661 1159 660 1159 633 1171 570 1157 569 1157 487 1160 486 1160 463 1171 452 1177 398 1171 380 1169 379 1169 377 1169 374 1171 361 1177 267 1175 255 1169 224 1157 223 1157 159 1157 157 1157 156 1157 129 1168 129 1212"/></Shape>
	    <String CONTENT="sorio, que celebró Christo Redemptor, y Señor nuestro"
                    HPOS="127"
                    VPOS="1157"
                    WIDTH="1529"
                    HEIGHT="94"></String>
          </TextLine>

          
          
          <TextLine ID="line_31"
                    TAGREFS="LT84"
                    BASELINE="127 1281 835 1289 1656 1285" 
                    HPOS="126"
                    VPOS="1233"
                    WIDTH="1530"
                    HEIGHT="76">
            <Shape><Polygon POINTS="127 1281 126 1303 1653 1309 1656 1285 1654 1251 1620 1236 1619 1236 1477 1236 1476 1236 1474 1236 1449 1249 1448 1251 1253 1251 1247 1248 1205 1237 1204 1237 1202 1237 1201 1237 1171 1248 1168 1249 1164 1248 1137 1236 1135 1236 1134 1236 1085 1245 1070 1236 1069 1236 1067 1236 1066 1236 1031 1239 1030 1239 1014 1248 1009 1249 783 1249 777 1246 755 1234 753 1234 752 1234 703 1246 691 1248 667 1245 600 1237 599 1237 527 1245 493 1248 486 1245 466 1236 465 1236 463 1236 462 1236 437 1245 423 1248 410 1243 376 1234 374 1234 373 1234 312 1243 310 1243 286 1233 285 1233 283 1233 127 1242 127 1281"/></Shape>
	    <String CONTENT="con la Preciosissima Cruz, para la Redempcion del Li-"
                    HPOS="126"
                    VPOS="1233"
                    WIDTH="1530"
                    HEIGHT="76"></String>
          </TextLine>

          
          
          <TextLine ID="line_32"
                    TAGREFS="LT84"
                    BASELINE="129 1352 869 1359 1656 1353" 
                    HPOS="129"
                    VPOS="1298"
                    WIDTH="1527"
                    HEIGHT="85">
            <Shape><Polygon POINTS="129 1352 129 1376 168 1370 203 1376 237 1382 239 1382 240 1382 257 1376 275 1370 487 1370 501 1374 511 1379 512 1379 514 1379 515 1379 533 1374 553 1370 570 1374 600 1382 602 1382 603 1382 649 1374 673 1370 680 1374 692 1382 694 1382 695 1382 697 1383 954 1383 954 1382 956 1382 978 1374 1037 1382 1039 1382 1106 1371 1121 1370 1131 1371 1167 1380 1168 1380 1220 1373 1235 1382 1237 1382 1238 1382 1240 1383 1308 1383 1308 1382 1367 1370 1375 1370 1388 1370 1494 1379 1495 1379 1654 1368 1656 1353 1653 1315 1561 1301 1559 1301 1558 1301 1525 1313 1524 1313 1519 1313 1464 1304 1463 1304 1428 1310 1408 1300 1406 1300 1405 1300 1353 1310 1333 1301 1332 1301 1330 1301 1329 1301 1304 1312 1298 1313 1293 1312 1268 1303 1266 1303 1265 1303 1263 1303 1244 1312 1238 1315 1098 1315 1089 1310 1061 1298 1060 1298 975 1298 973 1298 972 1298 938 1309 923 1313 810 1313 802 1309 782 1298 780 1298 510 1298 508 1298 472 1306 437 1313 367 1306 306 1298 304 1298 129 1303 129 1352"/></Shape>
	    <String CONTENT="nage humano; Y el doloroso llanto con que su Santissi-"
                    HPOS="129"
                    VPOS="1298"
                    WIDTH="1527"
                    HEIGHT="85"></String>
          </TextLine>

          
          
          <TextLine ID="line_33"
                    TAGREFS="LT84"
                    BASELINE="127 1420 866 1429 1654 1425" 
                    HPOS="126"
                    VPOS="1368"
                    WIDTH="1528"
                    HEIGHT="89">
            <Shape><Polygon POINTS="127 1420 126 1443 239 1453 240 1453 382 1445 419 1444 425 1445 441 1453 443 1453 444 1453 612 1447 646 1447 678 1448 794 1454 795 1454 831 1450 850 1447 868 1450 893 1454 895 1454 929 1450 957 1447 973 1450 988 1454 990 1454 991 1454 1020 1451 1064 1445 1080 1451 1091 1456 1092 1456 1094 1457 1244 1457 1244 1456 1260 1453 1295 1447 1651 1456 1654 1425 1651 1371 1544 1371 1543 1371 1541 1371 1540 1371 1507 1389 1431 1373 1424 1371 1422 1371 1421 1371 1415 1373 1359 1388 1327 1376 1326 1376 1324 1376 1260 1389 1135 1374 1091 1370 1089 1370 1088 1370 1070 1376 1042 1385 984 1386 953 1377 951 1377 950 1377 948 1377 927 1388 875 1379 874 1379 872 1379 840 1389 753 1389 736 1377 734 1377 733 1377 682 1374 680 1374 679 1374 672 1379 652 1389 530 1389 515 1379 501 1370 499 1370 498 1370 496 1370 435 1380 399 1386 382 1380 347 1368 346 1368 249 1368 248 1368 246 1368 215 1382 203 1386 191 1382 176 1377 175 1377 173 1377 127 1382 127 1420"/></Shape>
	    <String CONTENT="ma Madre solemnizó en tan altas Bodas; Con las dadi-"
                    HPOS="126"
                    VPOS="1368"
                    WIDTH="1528"
                    HEIGHT="89"></String>
          </TextLine>

          
          
          <TextLine ID="line_34"
                    TAGREFS="LT84"
                    BASELINE="141 1489 850 1499 1654 1496" 
                    HPOS="141"
                    VPOS="1440"
                    WIDTH="1513"
                    HEIGHT="87">
            <Shape><Polygon POINTS="141 1489 141 1503 230 1503 233 1503 285 1520 286 1520 288 1521 315 1521 315 1520 316 1520 318 1520 341 1505 343 1505 347 1505 399 1515 401 1515 460 1506 475 1505 481 1506 517 1523 518 1523 520 1523 682 1512 930 1524 932 1524 933 1524 935 1524 953 1512 964 1506 987 1514 999 1517 1000 1517 1002 1517 1083 1515 1217 1511 1278 1517 1293 1518 1295 1518 1296 1518 1299 1517 1323 1509 1390 1518 1393 1518 1394 1518 1397 1518 1488 1509 1512 1517 1513 1517 1515 1517 1516 1517 1538 1509 1573 1521 1590 1527 1592 1527 1593 1527 1653 1521 1654 1496 1653 1457 1601 1457 1601 1456 1571 1444 1570 1444 1445 1444 1443 1444 1350 1445 1348 1445 1330 1456 1329 1456 1305 1443 1304 1443 1302 1443 1301 1443 1263 1454 1144 1443 1143 1443 1141 1443 1112 1454 1110 1456 970 1456 914 1454 889 1441 887 1441 886 1441 844 1448 704 1444 703 1444 701 1444 700 1444 686 1453 685 1453 624 1440 562 1440 560 1440 559 1440 511 1451 511 1453 460 1453 460 1451 432 1440 431 1440 429 1440 380 1441 379 1441 377 1441 361 1451 359 1453 304 1453 303 1451 273 1440 272 1440 270 1440 269 1440 248 1451 141 1451 141 1489"/></Shape>
	    <String CONTENT="vas, y ricos presentes, que ofrecieron á los Divinos"
                    HPOS="141"
                    VPOS="1440"
                    WIDTH="1513"
                    HEIGHT="87"></String>
          </TextLine>

          
          
          <TextLine ID="line_35"
                    TAGREFS="LT84"
                    BASELINE="126 1560 1509 1569 1645 1582" 
                    HPOS="124"
                    VPOS="1499"
                    WIDTH="1521"
                    HEIGHT="114">
            <Shape><Polygon POINTS="126 1560 124 1587 188 1600 190 1600 191 1600 211 1594 226 1603 227 1603 228 1603 230 1605 368 1605 368 1603 370 1603 389 1596 431 1602 432 1602 496 1593 515 1591 596 1591 603 1594 633 1606 634 1606 636 1606 637 1606 663 1596 669 1594 789 1594 802 1599 834 1607 835 1607 837 1607 942 1600 1031 1594 1049 1602 1063 1607 1064 1607 1066 1607 1094 1603 1110 1600 1133 1603 1174 1609 1176 1609 1177 1609 1196 1605 1229 1596 1356 1596 1375 1607 1379 1609 1381 1609 1382 1609 1397 1607 1445 1600 1458 1609 1464 1612 1466 1612 1467 1612 1469 1613 1519 1613 1519 1612 1521 1612 1527 1609 1546 1602 1643 1610 1645 1582 1643 1529 1500 1532 1486 1524 1455 1509 1454 1509 1317 1508 1315 1508 1314 1508 1280 1521 1253 1530 1199 1530 1182 1518 1161 1506 1159 1506 1158 1506 1122 1506 1121 1506 1119 1506 1097 1517 1075 1529 996 1529 959 1515 951 1512 950 1512 948 1512 947 1512 942 1514 912 1529 837 1529 801 1511 782 1503 780 1503 603 1502 602 1502 600 1502 584 1508 554 1517 465 1505 428 1500 426 1500 371 1502 370 1502 367 1503 331 1523 228 1523 126 1499 126 1560"/></Shape>
	    <String CONTENT="Desposados los Apostoles, y Evangelistas Sagrados, y"
                    HPOS="124"
                    VPOS="1499"
                    WIDTH="1521"
                    HEIGHT="114"></String>
          </TextLine>

          
          
          <TextLine ID="line_36"
                    TAGREFS="LT84"
                    BASELINE="466 1634 1349 1638" 
                    HPOS="466"
                    VPOS="1587"
                    WIDTH="883"
                    HEIGHT="75">
            <Shape><Polygon POINTS="466 1661 562 1661 562 1659 563 1659 581 1652 630 1659 631 1659 633 1659 654 1651 655 1651 661 1651 788 1661 789 1661 791 1661 814 1654 838 1661 840 1661 841 1661 843 1661 862 1654 997 1662 999 1662 1349 1659 1349 1598 1348 1597 1341 1591 1339 1591 1338 1591 1311 1591 1309 1591 1308 1591 1306 1591 1298 1597 1287 1603 1257 1597 1241 1594 1240 1594 1207 1597 1143 1603 1133 1597 1125 1591 1124 1591 1122 1591 1086 1591 1085 1591 1083 1591 1072 1597 1057 1605 997 1605 915 1603 901 1596 884 1590 883 1590 881 1590 853 1596 829 1602 816 1596 799 1588 798 1588 796 1588 749 1596 746 1596 743 1596 679 1587 678 1587 676 1587 651 1596 639 1600 628 1596 611 1587 609 1587 608 1587 570 1596 566 1596 562 1596 512 1587 511 1587 466 1589"/></Shape>
	    <String CONTENT="los demás Santos que vinieron al"
                    HPOS="466"
                    VPOS="1587"
                    WIDTH="883"
                    HEIGHT="75"></String>
          </TextLine>

          
          
          <TextLine ID="line_47"
                    TAGREFS="LT84"
                    BASELINE="792 1704 1054 1710" 
                    HPOS="791"
                    VPOS="1646"
                    WIDTH="263"
                    HEIGHT="104">
            <Shape><Polygon POINTS="792 1704 791 1741 817 1735 820 1731 835 1731 834 1743 840 1747 840 1749 841 1749 843 1749 917 1750 918 1750 920 1750 921 1750 930 1741 950 1741 988 1740 990 1741 1003 1749 1005 1749 1006 1749 1008 1749 1052 1740 1054 1710 1054 1673 956 1671 947 1661 939 1655 939 1654 938 1654 936 1654 935 1654 933 1654 918 1658 911 1661 899 1657 883 1649 881 1649 880 1649 859 1652 843 1655 792 1646 792 1704"/></Shape>
	    <String CONTENT="Combite."
                    HPOS="791"
                    VPOS="1646"
                    WIDTH="263"
                    HEIGHT="104"></String>
          </TextLine>

          
        </TextBlock>
        
        <TextBlock HPOS="108"
                   VPOS="1738"
                   WIDTH="705"
                   HEIGHT="646"
                   ID="block_1"
                   TAGREFS="BT227">
          <Shape><Polygon POINTS="813 1738 813 2384 108 2384 108 1738"/></Shape>
          
          
          <TextLine ID="line_39"
                    TAGREFS="LT83"
                    BASELINE="146 1849 235 1851 271 1793 730 1799" 
                    HPOS="142"
                    VPOS="1738"
                    WIDTH="587"
                    HEIGHT="109">
            <Shape><Polygon POINTS="713 1738 691 1738 669 1738 647 1738 624 1738 602 1738 580 1738 557 1738 535 1738 513 1738 490 1738 468 1738 446 1738 423 1738 401 1738 379 1738 356 1738 334 1738 312 1738 290 1738 267 1738 256 1738 245 1738 232 1738 209 1738 187 1738 165 1738 142 1738 145 1847 245 1839 285 1810 725 1825 729 1798 725 1738 713 1738"/></Shape>
	    <String CONTENT="AQuel Verbo Soberano,"
                    HPOS="142"
                    VPOS="1738"
                    WIDTH="587"
                    HEIGHT="109"></String>
          </TextLine>

          
          
          <TextLine ID="line_41"
                    TAGREFS="LT83"
                    BASELINE="268 1845 397 1842 789 1850" 
                    HPOS="265"
                    VPOS="1796"
                    WIDTH="522"
                    HEIGHT="94">
            <Shape><Polygon POINTS="713 1798 691 1798 669 1798 647 1798 624 1798 602 1798 595 1796 267 1798 267 1843 265 1856 314 1872 316 1872 319 1872 383 1865 430 1859 444 1868 450 1874 452 1874 455 1874 457 1874 459 1874 461 1874 468 1870 481 1861 499 1872 513 1879 515 1879 517 1879 519 1879 537 1874 577 1861 611 1879 629 1888 631 1888 633 1890 707 1890 707 1888 709 1888 711 1888 711 1885 713 1885 722 1876 729 1885 731 1885 731 1888 734 1888 736 1888 738 1890 785 1890 787 1847 785 1796 713 1796 713 1798"/></Shape>
	    <String CONTENT="Hijo de Dios verdadero,"
                    HPOS="265"
                    VPOS="1796"
                    WIDTH="522"
                    HEIGHT="94"></String>
          </TextLine>

          
          
          <TextLine ID="line_42"
                    TAGREFS="LT83"
                    BASELINE="144 1891 593 1893" 
                    HPOS="142"
                    VPOS="1847"
                    WIDTH="451"
                    HEIGHT="64">
            <Shape><Polygon POINTS="142 1911 591 1908 593 1893 591 1859 508 1859 504 1856 489 1848 487 1848 486 1848 484 1848 469 1854 463 1857 446 1854 410 1848 408 1848 361 1853 304 1857 286 1850 281 1848 279 1848 176 1848 175 1848 173 1848 172 1848 160 1856 147 1847 144 1891 142 1911"/></Shape>
	    <String CONTENT="y primogenito Sacro"
                    HPOS="142"
                    VPOS="1847"
                    WIDTH="451"
                    HEIGHT="64"></String>
          </TextLine>

          
          
          <TextLine ID="line_43"
                    TAGREFS="LT83"
                    BASELINE="138 1936 700 1945" 
                    HPOS="136"
                    VPOS="1893"
                    WIDTH="564"
                    HEIGHT="76">
            <Shape><Polygon POINTS="285 1893 283 1893 282 1893 249 1903 220 1893 212 1893 211 1893 200 1902 169 1893 168 1893 156 1893 138 1902 138 1936 136 1960 191 1954 233 1961 249 1964 251 1964 269 1961 291 1958 324 1961 367 1966 368 1966 370 1966 386 1961 405 1957 446 1961 512 1969 514 1969 515 1969 547 1961 554 1960 565 1961 614 1967 615 1967 698 1960 700 1945 700 1912 606 1897 605 1897 603 1897 566 1909 545 1902 544 1902 542 1902 541 1902 524 1908 511 1897 510 1897 508 1897 507 1897 505 1897 504 1897 504 1899 493 1908 493 1909 422 1909 420 1908 408 1897 408 1896 407 1896 405 1896 404 1896 334 1906 330 1906 327 1906 286 1893 285 1893"/></Shape>
	    <String CONTENT="de la Real Casa del Cielo."
                    HPOS="136"
                    VPOS="1893"
                    WIDTH="564"
                    HEIGHT="76"></String>
          </TextLine>

          
          
          <TextLine ID="line_44"
                    TAGREFS="LT83"
                    BASELINE="190 1985 758 1997" 
                    HPOS="188"
                    VPOS="1940"
                    WIDTH="570"
                    HEIGHT="78">
            <Shape><Polygon POINTS="190 1985 188 2006 755 2018 758 1997 756 1949 648 1958 637 1949 636 1949 634 1949 633 1949 570 1957 559 1949 557 1949 556 1949 554 1949 493 1958 404 1945 402 1945 401 1945 376 1955 264 1955 190 1940 190 1985"/></Shape>
	    <String CONTENT="Para mostrarnos su amor,"
                    HPOS="188"
                    VPOS="1940"
                    WIDTH="570"
                    HEIGHT="78"></String>
          </TextLine>

          
          
          <TextLine ID="line_45"
                    TAGREFS="LT83"
                    BASELINE="145 2033 678 2041" 
                    HPOS="144"
                    VPOS="1992"
                    WIDTH="534"
                    HEIGHT="73">
            <Shape><Polygon POINTS="145 2033 144 2055 319 2053 328 2061 330 2061 331 2061 333 2061 356 2061 498 2056 675 2065 678 2041 678 2003 145 1992 145 2033"/></Shape>
	    <String CONTENT="baxó de su Padre Eterno"
                    HPOS="144"
                    VPOS="1992"
                    WIDTH="534"
                    HEIGHT="73"></String>
          </TextLine>

          
          
          <TextLine ID="line_46"
                    TAGREFS="LT83"
                    BASELINE="144 2085 643 2090" 
                    HPOS="142"
                    VPOS="2043"
                    WIDTH="501"
                    HEIGHT="70">
            <Shape><Polygon POINTS="144 2085 142 2105 391 2104 399 2111 401 2111 402 2111 404 2111 420 2111 517 2105 640 2113 643 2090 642 2056 600 2046 599 2046 542 2053 538 2053 532 2053 478 2044 477 2044 447 2050 434 2053 413 2050 368 2043 367 2043 365 2043 346 2049 333 2052 144 2044 144 2085"/></Shape>
	    <String CONTENT="á la mas noble Ciudad,"
                    HPOS="142"
                    VPOS="2043"
                    WIDTH="501"
                    HEIGHT="70"></String>
          </TextLine>

          
          
          <TextLine ID="line_50"
                    TAGREFS="LT83"
                    BASELINE="145 2134 799 2144" 
                    HPOS="144"
                    VPOS="2092"
                    WIDTH="655"
                    HEIGHT="76">
            <Shape><Polygon POINTS="145 2134 144 2157 196 2159 197 2159 199 2159 202 2157 223 2148 230 2156 230 2157 231 2157 233 2157 234 2157 237 2157 322 2150 346 2157 352 2159 353 2159 355 2159 371 2157 405 2153 437 2157 480 2163 481 2163 483 2163 507 2157 515 2154 521 2157 538 2165 539 2165 541 2165 542 2165 563 2157 570 2163 570 2165 572 2165 573 2165 575 2165 627 2157 673 2165 675 2165 676 2165 703 2156 704 2156 707 2156 741 2168 743 2168 744 2168 746 2168 747 2168 747 2166 756 2159 777 2166 779 2166 780 2166 782 2166 783 2166 798 2156 799 2144 798 2096 675 2095 673 2095 672 2095 667 2096 634 2105 515 2096 508 2096 507 2096 505 2096 493 2102 489 2096 487 2096 487 2095 486 2095 484 2095 483 2095 453 2096 408 2099 404 2096 398 2092 397 2092 395 2092 394 2092 392 2092 391 2092 383 2096 374 2101 145 2098 145 2134"/></Shape>
	    <String CONTENT="que tiene el Rey en su Reyno."
                    HPOS="144"
                    VPOS="2092"
                    WIDTH="655"
                    HEIGHT="76"></String>
          </TextLine>

          
          
          <TextLine ID="line_51"
                    TAGREFS="LT83"
                    BASELINE="199 2183 796 2197" 
                    HPOS="197"
                    VPOS="2145"
                    WIDTH="599"
                    HEIGHT="73">
            <Shape><Polygon POINTS="199 2183 197 2200 794 2218 796 2197 796 2165 694 2163 691 2160 667 2151 666 2151 664 2151 596 2157 582 2159 565 2157 510 2150 508 2150 475 2154 463 2156 454 2154 428 2145 426 2145 425 2145 199 2145 199 2183"/></Shape>
	    <String CONTENT="La mas rica, y mas dichosa"
                    HPOS="197"
                    VPOS="2145"
                    WIDTH="599"
                    HEIGHT="73"></String>
          </TextLine>

          
          
          <TextLine ID="line_52"
                    TAGREFS="LT83"
                    BASELINE="148 2232 700 2244" 
                    HPOS="147"
                    VPOS="2187"
                    WIDTH="553"
                    HEIGHT="79">
            <Shape><Polygon POINTS="148 2232 147 2247 170 2255 172 2255 173 2255 175 2255 200 2249 214 2258 215 2258 217 2258 218 2258 270 2251 275 2251 276 2251 283 2258 285 2258 286 2258 288 2258 334 2254 350 2252 371 2255 423 2263 425 2263 463 2258 487 2255 498 2260 510 2264 511 2264 697 2266 700 2244 698 2209 620 2197 618 2197 582 2203 569 2206 556 2203 541 2199 539 2199 538 2199 520 2202 499 2205 496 2200 495 2197 493 2197 493 2196 492 2196 490 2196 489 2196 487 2196 486 2196 481 2200 474 2203 385 2203 373 2196 370 2193 368 2193 367 2193 365 2193 333 2194 217 2199 148 2187 148 2232"/></Shape>
	    <String CONTENT="de quantas calienta Febo,"
                    HPOS="147"
                    VPOS="2187"
                    WIDTH="553"
                    HEIGHT="79"></String>
          </TextLine>

          
          
          <TextLine ID="line_53"
                    TAGREFS="LT83"
                    BASELINE="148 2281 697 2294" 
                    HPOS="147"
                    VPOS="2242"
                    WIDTH="550"
                    HEIGHT="73">
            <Shape><Polygon POINTS="148 2281 147 2297 173 2306 175 2306 176 2306 434 2304 449 2304 452 2304 514 2315 515 2315 695 2309 697 2294 697 2261 639 2261 636 2258 618 2251 617 2251 615 2251 535 2257 518 2257 517 2255 507 2248 507 2247 505 2247 504 2247 450 2245 449 2245 447 2245 446 2245 437 2252 392 2244 391 2244 339 2251 336 2251 334 2251 315 2242 313 2242 312 2242 310 2242 291 2249 281 2242 279 2242 278 2242 276 2242 275 2242 260 2249 258 2249 148 2247 148 2281"/></Shape>
	    <String CONTENT="que es la Gran Jerusalen,"
                    HPOS="147"
                    VPOS="2242"
                    WIDTH="550"
                    HEIGHT="73"></String>
          </TextLine>

          
          
          <TextLine ID="line_55"
                    TAGREFS="LT83"
                    BASELINE="145 2331 802 2346" 
                    HPOS="144"
                    VPOS="2291"
                    WIDTH="658"
                    HEIGHT="101">
            <Shape><Polygon POINTS="145 2331 144 2374 257 2383 258 2383 260 2383 276 2374 294 2364 324 2364 359 2374 397 2386 398 2386 399 2386 401 2386 402 2386 414 2379 454 2380 456 2380 457 2380 459 2380 466 2374 475 2368 538 2368 559 2374 618 2392 620 2392 621 2392 623 2392 661 2376 750 2385 752 2385 801 2373 802 2346 802 2310 738 2300 737 2300 643 2306 608 2307 419 2304 413 2300 404 2293 402 2293 401 2293 399 2293 365 2299 349 2301 337 2299 315 2291 313 2291 312 2291 145 2293 145 2331"/></Shape>
	    <String CONTENT="donde Amor puso su assiento."
                    HPOS="144"
                    VPOS="2291"
                    WIDTH="658"
                    HEIGHT="101"></String>
          </TextLine>

          
        </TextBlock>
        
        <TextBlock HPOS="888"
                   VPOS="1750"
                   WIDTH="683"
                   HEIGHT="615"
                   ID="block_0"
                   TAGREFS="BT227">
          <Shape><Polygon POINTS="1571 1750 1562 2359 888 2365 888 1750"/></Shape>
          
          
          <TextLine ID="line_58"
                    TAGREFS="LT83"
                    BASELINE="959 1804 1501 1796" 
                    HPOS="957"
                    VPOS="1750"
                    WIDTH="544"
                    HEIGHT="71">
            <Shape><Polygon POINTS="1492 1750 1477 1750 1463 1750 1448 1750 1433 1750 1418 1750 1403 1750 1388 1750 1373 1750 1359 1750 1344 1750 1329 1750 1314 1750 1299 1750 1284 1750 1269 1750 1254 1750 1240 1750 1225 1750 1210 1750 1195 1750 1180 1750 1165 1750 1150 1750 1135 1750 1124 1750 1118 1755 1110 1759 957 1759 959 1804 959 1819 1382 1821 1384 1821 1500 1811 1501 1796 1498 1750 1492 1750"/></Shape>
	    <String CONTENT="Discurriendo cuydadoso"
                    HPOS="957"
                    VPOS="1750"
                    WIDTH="544"
                    HEIGHT="71"></String>
          </TextLine>

          
          
          <TextLine ID="line_59"
                    TAGREFS="LT83"
                    BASELINE="911 1853 1501 1850" 
                    HPOS="909"
                    VPOS="1807"
                    WIDTH="592"
                    HEIGHT="72">
            <Shape><Polygon POINTS="911 1853 911 1879 945 1879 945 1878 947 1878 948 1878 948 1876 959 1868 1040 1868 1054 1878 1055 1878 1057 1878 1058 1878 1060 1878 1061 1878 1094 1868 1101 1875 1103 1875 1104 1875 1106 1875 1107 1875 1138 1868 1177 1878 1180 1878 1182 1878 1183 1878 1185 1878 1186 1878 1207 1868 1226 1876 1228 1876 1229 1876 1231 1876 1251 1866 1281 1876 1283 1876 1284 1876 1286 1876 1305 1866 1500 1875 1501 1850 1495 1807 1472 1816 1466 1810 1466 1808 1464 1808 1463 1808 1461 1808 1425 1816 1387 1808 1372 1807 1370 1807 1369 1807 1367 1807 1367 1808 1366 1810 1359 1816 1342 1810 1333 1807 1332 1807 1330 1807 1329 1807 1315 1810 1298 1816 1292 1811 1289 1808 1289 1807 1287 1807 1286 1807 1204 1807 1202 1807 909 1819 911 1853"/></Shape>
	    <String CONTENT="por las calles deste Pueblo,"
                    HPOS="909"
                    VPOS="1807"
                    WIDTH="592"
                    HEIGHT="72"></String>
          </TextLine>

          
          
          <TextLine ID="line_60"
                    TAGREFS="LT83"
                    BASELINE="917 1900 1451 1900" 
                    HPOS="917"
                    VPOS="1868"
                    WIDTH="534"
                    HEIGHT="49">
            <Shape><Polygon POINTS="917 1900 917 1917 1451 1915 1451 1900 1451 1875 1418 1868 1417 1868 1415 1868 1414 1868 1390 1875 1342 1868 1341 1868 1339 1868 1338 1868 1338 1869 1330 1876 1225 1876 1183 1868 1182 1868 1180 1868 1179 1868 1167 1875 1141 1868 1140 1868 1138 1868 1098 1875 1080 1868 1079 1868 1077 1868 917 1875 917 1900"/></Shape>
	    <String CONTENT="se enamoró de una dama"
                    HPOS="917"
                    VPOS="1868"
                    WIDTH="534"
                    HEIGHT="49"></String>
          </TextLine>

          
          
          <TextLine ID="line_61"
                    TAGREFS="LT83"
                    BASELINE="914 1952 1472 1952" 
                    HPOS="914"
                    VPOS="1911"
                    WIDTH="558"
                    HEIGHT="58">
            <Shape><Polygon POINTS="914 1969 1472 1966 1472 1952 1472 1923 1424 1911 1422 1911 1421 1911 1391 1920 1387 1923 1339 1923 1336 1920 1329 1912 1329 1911 1327 1911 1326 1911 1324 1911 1323 1911 1321 1911 1321 1912 1314 1918 1311 1921 1286 1918 1235 1912 1234 1912 1232 1912 1231 1912 1231 1914 1226 1917 1222 1923 1192 1923 1186 1917 1180 1912 1180 1911 1179 1911 1177 1911 1176 1911 1174 1911 1158 1915 1144 1920 1140 1915 1135 1912 1135 1911 1134 1911 1133 1911 1069 1911 1067 1911 1048 1914 996 1921 970 1912 967 1911 966 1911 964 1911 963 1911 962 1911 945 1921 915 1911 914 1952 914 1969"/></Shape>
	    <String CONTENT="hermosissima en estremo."
                    HPOS="914"
                    VPOS="1911"
                    WIDTH="558"
                    HEIGHT="58"></String>
          </TextLine>

          
          
          <TextLine ID="line_64"
                    TAGREFS="LT83"
                    BASELINE="973 2001 1567 2004" 
                    HPOS="972"
                    VPOS="1954"
                    WIDTH="610"
                    HEIGHT="74">
            <Shape><Polygon POINTS="1564 1972 1549 1972 1547 1970 1528 1955 1527 1955 1525 1955 1430 1955 1428 1955 1427 1955 1397 1967 1391 1970 1385 1967 1366 1958 1364 1958 1240 1954 1238 1954 1237 1954 1235 1954 1217 1964 1210 1970 1153 1970 1141 1964 1130 1957 1128 1957 1127 1957 1072 1958 1070 1958 1069 1958 1069 1960 1064 1963 1057 1969 1031 1961 1006 1955 1005 1955 1003 1955 973 1960 973 2001 972 2015 997 2025 999 2025 1000 2025 1088 2015 1101 2025 1103 2025 1104 2025 1106 2025 1107 2025 1133 2016 1219 2025 1220 2025 1222 2025 1243 2015 1275 2025 1277 2025 1278 2025 1280 2025 1281 2025 1292 2018 1301 2025 1301 2027 1302 2027 1304 2027 1305 2028 1336 2028 1336 2027 1338 2027 1339 2027 1339 2025 1348 2016 1485 2015 1530 2024 1531 2024 1580 2013 1582 2004 1580 1972 1571 1972 1568 2001"/></Shape>
	    <String CONTENT="Discreta, y de galan talle,"
                    HPOS="972"
                    VPOS="1954"
                    WIDTH="610"
                    HEIGHT="74"></String>
          </TextLine>

          
          
          <TextLine ID="line_65"
                    TAGREFS="LT83"
                    BASELINE="927 2052 1500 2049" 
                    HPOS="926"
                    VPOS="2006"
                    WIDTH="574"
                    HEIGHT="65">
            <Shape><Polygon POINTS="927 2052 927 2071 967 2064 1497 2065 1500 2049 1497 2021 1449 2021 1449 2019 1412 2006 1411 2006 1409 2006 1372 2007 1370 2007 1369 2007 1353 2019 1353 2021 1312 2021 1312 2019 1298 2007 1298 2006 1296 2006 1295 2006 1293 2006 1292 2006 1272 2016 1263 2007 1263 2006 1262 2006 1260 2006 1229 2006 1228 2006 1226 2006 1225 2006 1208 2019 1207 2021 1201 2019 1134 2007 1133 2007 1131 2007 1130 2007 1110 2019 1107 2022 1072 2022 1069 2019 1058 2012 1057 2012 1055 2012 1054 2012 1052 2012 1051 2012 1040 2019 1037 2021 1017 2019 1008 2019 997 2009 997 2007 996 2007 994 2007 945 2007 944 2007 942 2007 941 2007 926 2015 927 2052"/></Shape>
	    <String CONTENT="y fuerte contra el infierno,"
                    HPOS="926"
                    VPOS="2006"
                    WIDTH="574"
                    HEIGHT="65"></String>
          </TextLine>

          
          
          <TextLine ID="line_66"
                    TAGREFS="LT83"
                    BASELINE="929 2098 1494 2101" 
                    HPOS="927"
                    VPOS="2053"
                    WIDTH="567"
                    HEIGHT="67">
            <Shape><Polygon POINTS="929 2098 927 2113 1418 2113 1466 2120 1467 2120 1469 2120 1492 2111 1494 2101 1494 2070 1445 2055 1443 2055 1442 2055 1440 2055 1411 2062 1370 2055 1369 2055 1367 2055 1327 2068 1326 2068 1324 2068 1281 2058 1280 2058 1278 2058 1247 2068 1246 2068 1244 2068 1213 2053 1211 2053 1095 2053 1094 2053 1092 2053 1091 2053 1070 2067 1069 2067 929 2067 929 2098"/></Shape>
	    <String CONTENT="que es la Santissima Cruz,"
                    HPOS="927"
                    VPOS="2053"
                    WIDTH="567"
                    HEIGHT="67"></String>
          </TextLine>

          
          
          <TextLine ID="line_67"
                    TAGREFS="LT83"
                    BASELINE="924 2151 1501 2148" 
                    HPOS="923"
                    VPOS="2105"
                    WIDTH="578"
                    HEIGHT="67">
            <Shape><Polygon POINTS="924 2151 924 2165 1046 2165 1054 2171 1054 2172 1055 2172 1057 2172 1058 2172 1501 2163 1501 2148 1498 2120 1430 2120 1402 2105 1400 2105 1399 2105 1397 2105 1396 2105 1379 2116 1369 2107 1369 2105 1367 2105 1366 2105 1286 2105 1284 2105 1283 2105 1247 2119 1235 2107 1235 2105 1234 2105 1232 2105 1211 2105 1210 2105 1208 2105 1173 2120 1098 2111 1097 2111 1051 2120 1040 2111 1040 2110 1039 2110 1037 2110 990 2107 988 2107 923 2122 924 2151"/></Shape>
	    <String CONTENT="dulce, y precioso Madero."
                    HPOS="923"
                    VPOS="2105"
                    WIDTH="578"
                    HEIGHT="67"></String>
          </TextLine>

          
          
          <TextLine ID="line_68"
                    TAGREFS="LT83"
                    BASELINE="969 2202 1489 2199" 
                    HPOS="967"
                    VPOS="2156"
                    WIDTH="522"
                    HEIGHT="68">
            <Shape><Polygon POINTS="969 2202 969 2220 1070 2215 1112 2218 1182 2224 1183 2224 1185 2224 1205 2217 1211 2215 1213 2217 1223 2224 1225 2224 1226 2224 1228 2224 1262 2217 1274 2214 1298 2215 1369 2223 1370 2223 1436 2214 1439 2214 1440 2214 1477 2223 1479 2223 1480 2223 1482 2223 1483 2223 1483 2221 1489 2215 1489 2199 1486 2165 1412 2156 1411 2156 1409 2156 1408 2156 1408 2157 1400 2165 1397 2166 1388 2165 1353 2157 1351 2157 1314 2165 1304 2166 1301 2165 1292 2160 1290 2160 1289 2160 1243 2165 1210 2168 1202 2165 1183 2157 1182 2157 1180 2157 1179 2157 1162 2165 1156 2168 1127 2165 1052 2157 1051 2157 967 2165 969 2202"/></Shape>
	    <String CONTENT="Dió Amor en solicitarla"
                    HPOS="967"
                    VPOS="2156"
                    WIDTH="522"
                    HEIGHT="68"></String>
          </TextLine>

          
          
          <TextLine ID="line_69"
                    TAGREFS="LT83"
                    BASELINE="924 2249 1421 2248" 
                    HPOS="923"
                    VPOS="2214"
                    WIDTH="498"
                    HEIGHT="59">
            <Shape><Polygon POINTS="924 2249 924 2266 1048 2266 1064 2273 1066 2273 1067 2273 1121 2264 1124 2264 1125 2264 1183 2273 1185 2273 1350 2266 1400 2273 1402 2273 1403 2273 1405 2273 1421 2263 1421 2248 1417 2214 923 2217 924 2249"/></Shape>
	    <String CONTENT="con musicas, y paseos,"
                    HPOS="923"
                    VPOS="2214"
                    WIDTH="498"
                    HEIGHT="59"></String>
          </TextLine>

          
          
          <TextLine ID="line_70"
                    TAGREFS="LT83"
                    BASELINE="924 2299 1446 2303" 
                    HPOS="923"
                    VPOS="2260"
                    WIDTH="523"
                    HEIGHT="62">
            <Shape><Polygon POINTS="924 2299 923 2318 1443 2322 1446 2303 1446 2270 1431 2263 1430 2263 1428 2263 1354 2263 1353 2263 1351 2263 1332 2272 1219 2272 1185 2261 1183 2261 1182 2261 1180 2261 1149 2270 1147 2270 1048 2270 1048 2269 1039 2261 1039 2260 1037 2260 1036 2260 1034 2260 924 2267 924 2299"/></Shape>
	    <String CONTENT="tanto que vino alcanzar"
                    HPOS="923"
                    VPOS="2260"
                    WIDTH="523"
                    HEIGHT="62"></String>
          </TextLine>

          
          
          <TextLine ID="line_75"
                    TAGREFS="LT83"
                    BASELINE="926 2349 1494 2352" 
                    HPOS="924"
                    VPOS="2310"
                    WIDTH="570"
                    HEIGHT="112">
            <Shape><Polygon POINTS="926 2349 924 2376 973 2377 979 2380 1008 2398 1009 2398 1011 2398 1012 2398 1014 2398 1015 2398 1030 2385 1037 2379 1085 2379 1098 2391 1104 2395 1104 2397 1106 2397 1107 2397 1109 2397 1155 2395 1208 2392 1225 2400 1229 2403 1231 2403 1232 2403 1234 2403 1237 2401 1278 2382 1296 2398 1298 2398 1299 2398 1301 2398 1329 2397 1342 2410 1353 2419 1353 2420 1354 2420 1356 2420 1357 2422 1492 2422 1494 2352 1492 2324 1375 2322 1356 2312 1354 2312 1353 2312 1351 2312 1350 2312 1350 2313 1341 2322 1293 2322 1213 2322 1210 2322 1192 2310 1191 2310 1189 2310 1098 2310 1097 2310 1095 2310 1094 2310 1077 2321 1045 2310 1043 2310 1042 2310 1040 2310 1022 2321 1014 2312 1014 2310 1012 2310 1011 2310 957 2310 956 2310 954 2310 926 2319 926 2349"/></Shape>
	    <String CONTENT="el si de la Dama, y luego"
                    HPOS="924"
                    VPOS="2310"
                    WIDTH="570"
                    HEIGHT="112"></String>
          </TextLine>

          
        </TextBlock>
        
        <TextBlock HPOS="1394"
                   VPOS="2360"
                   WIDTH="184"
                   HEIGHT="72"
                   ID="eSc_textblock_238871a2"
                   TAGREFS="BT233">
          <Shape><Polygon POINTS="1578 2432 1578 2360 1394 2360 1394 2432"/></Shape>
          
          
          <TextLine ID="line_76"
                    TAGREFS="LT83"
                    BASELINE="1419 2406 1549 2401" 
                    HPOS="1417"
                    VPOS="2359"
                    WIDTH="132"
                    HEIGHT="88">
            <Shape><Polygon POINTS="1419 2406 1419 2440 1455 2447 1457 2447 1458 2447 1479 2441 1510 2434 1546 2443 1549 2401 1547 2371 1532 2359 1531 2359 1530 2359 1528 2359 1527 2359 1491 2373 1464 2359 1463 2359 1461 2359 1460 2359 1417 2374 1419 2406"/></Shape>
	    <String CONTENT="Vien-"
                    HPOS="1417"
                    VPOS="2359"
                    WIDTH="132"
                    HEIGHT="88"></String>
          </TextLine>

          
        </TextBlock>
        
        <TextBlock HPOS="637"
                   VPOS="326"
                   WIDTH="541"
                   HEIGHT="661"
                   ID="eSc_textblock_5e3a8fd7"
                   TAGREFS="BT224">
          <Shape><Polygon POINTS="637 326 637 987 1178 987 1178 326"/></Shape>
          
        </TextBlock>
        

        
      </PrintSpace>
    </Page>
  </Layout>
</alto>
