1894 2605
245 191 478 71 como que no le conoce,

256 247 504 72 preguntaba por él mismo.

247 295 545 76 Yo soy, le dice al instante;

245 356 519 65 y fingiendo cumplimientos,

238 403 513 68 sacó del pecho una carta,

238 453 465 63 y besándola en el sello,

234 501 532 74 se la dió; y Diego de Frias

238 553 428 70 el sobrescrito leyendo,

232 596 549 74 rompe la nema, y prosigue,

232 649 478 63 estas palabras diciendo:

230 694 434 72 Sobrino del alma mia,

230 748 541 76 mil años te guarde el cielo,

232 801 436 65 y te libre de enemigos,

232 853 565 69 que contra ti están opuestos:

230 903 473 58 yo tu tio don Francisco

225 955 485 60 te envié á decir aqueste:

223 1002 537 63 que en Antequera se sabe,

223 1050 584 78 que en Sevilla estás de cierto;

234 1102 471 63 por lo que buscarte van

221 1146 537 71 Montero y algunos deudos.

217 1202 517 70 Quiero traerte á Carmona,

219 1250 586 78 que yo allá mismo te espero;

217 1304 508 65 y en la casa de un amigo

219 1350 467 71 vivirás con gran secreto,

215 1395 458 70 y nosotros descuidados,

221 1450 530 69 que son tantos los lamentos

210 1500 574 73 de tu madre y tres hermanas,

206 1543 517 78 las discordias y los pleitos

208 1593 469 89 de parte de tu enemigo,

206 1649 397 72 originadas del hecho,

215 1704 440 60 que me obligas á venir

208 1747 484 65 á ponerte en salvamento.

204 1797 480 74 Con el portador saldrás,

199 1847 535 76 á quien encargo el secreto,

201 1899 637 72 porque antes que venga el alba,

197 1951 508 57 estés de término á dentro

195 1992 543 76 de Carmona, porque en ella

195 2049 452 61 estarás libre del riesgo.

197 2090 530 80 El cielo os guarde, sobrino,

193 2142 412 63 los años de mi deseo.

193 2192 508 70 Se quedó el mozo elevado,

193 2242 532 113 muy pensativo y suspenso;

927 201 491 85 la muger sale, y le dice:

925 262 506 72 mira no sea algun enredo.

925 310 486 78 No es enredo, le replica,

925 373 475 65 que tengo conocimiento,

920 414 541 72 que esta es firma de mi tio,

923 466 521 65 y hemos de ir sin remedio.

916 510 508 73 Lo que conviene, señora,

920 562 528 78 que al portador regalemos.

912 620 438 65 Aprestaron el caballo,

912 664 475 71 y aquella noche salieron

916 718 511 67 por la puerta de la Carne

905 764 489 69 dama, galan y escudero.

914 820 469 63 ¡Oh desgraciada señora!

907 868 522 71 ¡Oh mal logrado mancebo!

905 918 524 67 que no sabes la desgracia,

907 966 598 73 que va en tu acompañamiento.

901 1013 549 76 Mas en llegando á la venta,

901 1063 597 76 ya que el alba iba rompiendo,

897 1117 467 74 dijo el galan á la dama;

899 1167 499 72 aquí un rato soseguemos.

897 1211 432 76 Dijo Montero: eso no;

894 1269 537 74 pues vamos con tal secreto,

892 1322 602 73 ¿quiere usted parar en venta?

892 1365 435 76 mas adelante pasemos.

897 1411 490 76 Toman una oculta senda

892 1463 487 80 por unos montes espesos

886 1519 425 74 de pinos y de jerales,

886 1565 562 69 y á las sombrías de un cerro

886 1619 460 67 volvió Montero la cara,

884 1660 592 83 y dice: Aquí es bien paremos,

886 1719 508 61 para que estemos seguros

877 1764 447 70 de todos los pasajeros.

875 1810 449 72 Se apearon del caballo

868 1858 574 82 los dos muy amantes tiernos,

860 1905 449 81 diciéndose mil cariños,

873 1960 436 71 veneno para Montero.

868 2010 502 69 Dice el galan á la dama:

868 2060 435 78 dulce regalado espejo,

870 2107 570 89 almorcemos, que ya es hora.

868 2157 459 83 Entonces saca Montero

864 2218 441 61 dos furiosas carabinas

860 2259 499 126 de los cosidos remiendos,

1396 2333 61 87 se
