1914 2606
354 210 408 72 se quitó la mascarilla

351 256 565 78 de las barbas y el mal gesto;

360 321 441 63 y en altas voces decía:

356 356 493 71 Yo soy Antonio Montero.

349 412 539 76 La muger que aquesto oyó,

354 469 499 58 cayó redonda en el suelo.

354 514 445 74 Diego de Frias turbóse,

358 564 532 76 quiso hablar; mas el aliento

351 610 472 76 le faltó, pues le dispara

351 675 494 61 una pistola á este tiempo,

362 725 496 69 que las penetrantes balas

354 770 467 68 le atravesaron el pecho;

351 816 637 72 revuelto entre el fuego y sangre,

354 870 454 68 estas palabras diciendo:

349 922 604 70 Que me has muerto, confesion,

360 968 493 67 perdona, amigo Montero;

354 1027 456 61 no me acabes de matar;

354 1072 478 61 traeme los Sacramentos;

351 1124 559 68 el alma es la que te encargo,

345 1177 532 69 y pague el delito el cuerpo.

356 1211 415 78 Mas él tirano y aleve,

362 1268 526 74 vengativo, horrible y fiero,

356 1331 532 61 se arrimó, y con el cuchillo

354 1372 558 72 le ha cercenado el pescuezo:

362 1418 472 78 y las vergüenzas le corta,

362 1465 572 72 para hacer mas bien su hecho.

351 1520 598 76 Se fué á la muger, que estaba

354 1572 467 69 casi difunta en el suelo:

356 1624 489 67 de los cabellos la agarra,

356 1667 489 76 dos mil injurias haciendo,

356 1717 445 72 le dice: falsa, enemiga,

358 1765 678 76 qué es de mi honor? ¿que le has hecho?

358 1828 502 59 mi crédito lo has perdido,

367 1871 532 76 pues de esta suerte me veo;

354 1924 454 67 con que pagarás ahora

356 1974 510 69 conforme el merecimiento.

354 2026 384 63 La cabeza le cortó,

354 2071 495 65 con ella el brazo derecho,

362 2130 513 72 y en un baúl que llevaban

1049 210 526 78 de las prendas y el dinero,

1047 269 588 76 metió aquestas cuatro alhajas,

1051 319 534 71 y asió lo que lleva dentro;

1051 367 491 69 y montado en el caballo,

1047 416 614 76 mas breve que el pensamiento,

1047 464 478 74 hácia Antequera camina,

1053 516 496 70 ya de su honor satisfecho.

1060 564 454 72 A las doce de la noche

1053 610 472 78 llegó á su casa Montero,

1055 675 494 63 y por encima las puertas

1051 723 524 63 con duros clavos de hierro

1049 770 463 70 fijó la cabeza y manos,

1049 829 536 63 y las vergüenzas en medio,

1051 881 508 59 con un letrero, que dice:

1047 925 506 65 Lo hizo Antonio Montero,

1053 972 463 66 por restaurar lo perdido

1051 1025 584 60 de su punto, honor y crédito,

1053 1070 459 70 de esta suerte los maté,

1051 1120 554 67 en tal parte quedan muertos.

1053 1166 524 69 Volvió la rienda al caballo,

1051 1213 471 76 se fué á Málaga derecho,

1051 1272 435 65 sentó plaza de soldado

1047 1326 488 61 con muchísimo contento,

1051 1365 543 70 y sirve al Rey en la guerra,

1047 1415 480 66 haciendo notables hechos.

1049 1465 510 68 A otro dia, cuando el alba

1047 1515 449 70 se levantó de su lecho,

1047 1576 532 59 cuantos por la calle pasan,

1053 1622 500 63 quedan confusos é yertos.

1049 1663 534 72 Dieron cuenta á la justicia,

1051 1717 519 72 los cuales vinieron presto:

1060 1766 412 72 los señores admirados

1049 1819 571 70 despacharon por los cuerpos,

1051 1865 452 69 donde les dan sepultura

1055 1921 494 61 Aquesto sirva de ejemplo

1049 1974 434 63 á las señoras mugeres

1055 2019 507 72 y á los galanes mancebos,

1053 2071 522 63 que no se precien de amar

1049 2128 534 61 cosa que tenga otro dueño.

966 2126 94 112 FIN.

445 2271 1143 87 Barcelona: Imprenta de los Herederos de la Viuda Pla, calle

897 2321 247 63 de Cotoners.
