1924 2607
417 182 506 70 Tirano aleve, ¿qué haces?

406 236 433 65 A tu amigo verdadero

406 278 498 82 una crueldad tan grande:

406 336 480 76 sin reparar en el riesgo!

404 378 459 82 Gozáronse algunos dias

397 425 503 85 con muchísimo contento;

404 486 528 74 y como Montero es hombre

402 536 484 78 de reputacion y empeño,

397 580 479 82 temiendo que no lo sepa

393 636 435 76 toman galas y dineros,

391 679 428 72 y en un lijero caballo

391 740 432 70 una noche se salieron;

393 786 426 72 camino van de Sevilla

386 832 503 76 estos dos amantes tiernos.

384 882 509 84 A aquella ciudad llegaron,

384 929 468 81 allí pusieron su asiento,

384 981 413 72 y en una casa vivian

384 1036 452 67 con muchísimo secreto.

384 1079 581 85 Volvamos ahora á Antequera,

376 1136 406 74 á declarar el suceso;

378 1181 530 81 pues cuando Montero vino,

376 1238 606 78 y encontró á su muger menos,

380 1286 446 76 aquí de coraje tiembla,

371 1336 533 78 y se abrasa en vivo fuego;

373 1390 453 69 por boca y ojos echaba

373 1433 518 72 volcanes de vivo incendio:

373 1483 494 79 ya se retuerce las manos,

367 1535 456 70 echando mil juramentos

363 1590 469 71 de no cortarse la barba,

363 1633 517 78 ni vestir camisa al cuerpo,

360 1683 503 74 hasta que matase á aquel

369 1744 502 65 que maltrataba su crédito.

356 1783 530 83 Mas de dos meses pasaron,

356 1844 407 59 sin pasearse Montero

356 1883 441 76 de dia, sino de noche,

354 1933 454 78 las diligencias haciendo,

352 1985 484 74 hasta que alcanzó saber,

352 2035 632 83 que en Sevilla están de asiento.

352 2085 450 76 Ya se remuda de ropa,

354 2139 482 70 y por no ser descubierto

350 2192 532 71 se pone unas barbas canas,

356 2244 548 113 que le tapan hasta el pecho,

1084 193 366 93 un jubon ojeteado,

1087 256 573 91 que lleva arrimado al cuerpo;

1082 312 487 76 un gavan de paño pardo

1078 354 589 91 con mas de dos mil remiendos,

1080 406 535 84 y entre los remiendos lleva

1076 460 502 80 cuatro volcanes de fuego,

1076 514 421 68 y un afinado cuchillo

1076 562 497 81 previno para este intento,

1069 612 402 72 una monterilla vieja,

1069 658 544 87 en medio un casco de acero,

1069 710 454 78 una capa mal formada,

1065 753 535 87 un bordoncillo; y pidiendo

1060 805 494 83 limosna, va hácia Sevilla,

1063 855 513 83 y á ella llegó bien presto:

1058 908 537 80 donde estando con cuidado,

1058 953 463 83 las diligencias haciendo,

1060 1012 457 72 un dia en san Salvador

1058 1053 472 83 tendió la vista Montero,

1056 1107 487 72 vido estar á su enemigo:

1054 1153 515 87 los pasos le fué siguiendo,

1050 1207 517 72 le vido entrar en la casa:

1052 1264 541 78 preguntó y supo por cierto,

1052 1312 482 76 que era allí donde vivia;

1054 1359 380 74 y retirándose luego,

1043 1394 533 96 le escribió una carta falsa,

1041 1457 559 83 con mas de dos mil enredos,

1039 1507 524 83 de don Francisco de Frias,

1043 1555 480 72 tio de aqueste mancebo:

1037 1603 504 76 hurtó la firma, y la puso

1043 1664 509 71 para hacer mejor su hecho.

1034 1703 461 82 En punto de la oracion

1034 1759 468 76 llegó á la casa Montero;

1034 1809 631 81 y dando un golpe en la puerta,

1028 1853 530 76 le bajó á abrir el mancebo:

1030 1905 480 85 vido un viejo venerable,

1026 1955 458 80 todo de canas cubierto,

1028 2005 472 80 y de ropas mal fardado,

1023 2063 446 70 y los ojos por el suelo.

1028 2111 628 81 ¿Qué se ofrece, Padre honrado?

1023 2155 446 80 le dice al finjido viejo,

1039 2209 541 76 ¿y qué cuidado acá os trae?

1021 2259 468 89 El remudando de luego,

1537 2324 41 91 co-
