1897 2670
286 261 629 69 la vida estorvo en el cuerpo,

284 315 575 61 salga luego á la demanda.

286 373 426 54 Apenas huvo dicho

283 416 533 72 estas postreras palabras,

289 482 551 50 quando una bala perdida

286 517 552 64 de parte á parta lo passa:

286 568 601 63 cayó el Toledano en tierra,

284 614 535 71 diciendo Jesus me valga.

287 668 470 63 A esto la blanca niña

284 717 527 58 todo lo estaba mirando,

289 769 671 64 quando vió su Amante muerto

292 820 536 58 de esta manera hablaba:

287 866 579 56 Nunca yo huviera nacido,

290 918 567 63 ni en el mundo me criára,

289 965 635 64 ni Dios me diera hermosura,

293 1017 569 59 pues no me sirve de nada.

292 1065 549 69 Pluguiera el Cielo divino

296 1125 581 83 quando mi madre me daba

1052 264 548 65 el pecho, se me bolviera

1062 320 541 65 veneno, y no me criára.

1059 369 502 64 Aqui tomareis exemplo

1059 419 557 63 madresr, las que quitavais

1061 470 479 64 á las hijas de su gusto,

1064 516 616 72 veis aqui, que en esto paran

1061 566 491 67 Ya no pudo decir mas,

1056 620 637 66 porque arrancando una daga,

1061 666 439 69 que su difunto tenia

1056 722 484 53 de la pretina colgada.

1056 766 616 63 Se echó de pecho sobre ella,

1058 817 552 55 diciendo: Con esto acaba

1062 867 610 70 la que fué espejo en Toledo,

1064 916 549 61 en que todos se miravan.

1061 967 583 66 Murieron los dos Amantes,

1062 1019 645 66 pecho á pecho, y cara á cara,

1059 1066 459 59 esto sucedió Señores,

1055 1112 592 77 en la Ciudad ya nombrada.

966 1262 165 67 FIN.

344 1561 1409 78 Barcelona: En la Imprenta de los Herederos de Juan Jolis, en la

832 1618 434 104 calle de Cotoners.
