1888 2672
258 246 550 80 con el favor de la Virgen

264 305 501 67 diré la primer palabra.

262 353 523 74 En la Ciudad de Toledo

265 409 660 63 por todo el mundo nombrada,

262 454 528 67 la mas llena de virtudes

265 503 684 80 que hay en la Imperial España:

262 556 519 65 allí se crió un mancebo

259 601 452 71 de sangre calificada,

262 653 516 71 desde su pequeña edad

258 703 576 79 fué ejercitado à las armas;

259 760 546 66 salió tan diestro en ellas,

259 810 584 65 que es de todos embidiado.

261 860 443 66 Este tal se enamoró

259 906 574 66 de la mas hermosa Dama,

261 963 605 61 que se pudo hallar entonces

258 1009 576 67 en Toledo, y su Comarca.

258 1056 521 66 Acudió el Cielo divino,

256 1110 559 67 dotó en hermosura tanta,

259 1166 595 60 tanto, que mas no se pudo,

258 1215 590 63 porque era muy envidiada.

256 1264 571 61 Mucho se quieren los dos,

252 1313 567 70 tanto, que ya no se halla

255 1371 569 48 sin la vista el uno al otro,

259 1410 563 68 que solo en la vista basta.

254 1459 696 77 De aquellos que bien se quieren

254 1518 543 56 se tienen en sus entrañas

251 1563 585 65 amor, que son las cadenas

254 1616 588 65 flechas que llegan al alma;

252 1664 559 68 que como dice el refrán:

248 1710 583 71 siente el amor su palabra:

251 1762 543 63 fue que su paloma bella,

252 1815 533 59 la encierran en una sala

255 1858 685 71 los hermanos de ella, y dicen:

254 1916 577 64 Aqui has de ser castigada,

254 1963 589 60 hasta que de aquel traydor

252 2015 504 58 aleve, tome venganza

254 2058 603 107 mi espada, y con ella quite

1038 253 606 75 la vida de quien me agravia

1041 316 575 61 y despues de tus cabellos

1038 366 508 64 haré una soga delgada,

1039 415 493 62 y te ahorcaré con ella,

1041 466 551 59 porque mueras afrentada.

1038 512 606 71 La noble doncella entonces,

1036 564 540 62 con el corazon llamaba;

1039 616 572 68 aquel que dentro su pecho

1036 662 433 65 la libertad deseaba;

1035 716 557 63 sacó de un estuche nuevo

1036 771 422 57 una tixera delgada,

1038 814 555 64 y en su mismo brazo hizo

1035 868 561 64 una herida, porque salga

1030 915 586 64 sangre, y le sirva de tinta;

1033 969 488 62 y en una toca delgada

1030 1013 562 61 de seda escribe un villete,

1033 1065 546 64 y en una pequeña criada

1029 1117 550 63 se le dá, porque la lleve,

1033 1174 538 49 en señas de como estaba

1029 1214 558 67 su Amante entre paredes,

1029 1263 599 65 muy triste, y desconsolada.

1030 1313 528 71 Tomó la toca, y besóla,

1029 1368 487 58 y del medio desenlaza

1027 1404 580 74 un ñudo que tiene hecho;

1027 1466 504 67 vido la sangre firmada

1024 1520 589 54 de aquella blanca azucena,

1024 1561 587 60 siempre metida en el alma.

1024 1610 617 70 Leyendo el primer renglon;

1029 1661 599 65 dueño, y querido del alma,

1029 1708 581 65 si ser mi esposo pretendes,

1030 1744 682 90 à qué esperas, ò que aguardas?

1029 1819 642 58 Mis hermanos me encerraron

1029 1861 454 65 en una pequeña sala

1032 1908 521 61 tienen hecho juramento

1029 1959 585 62 sobre la cruz de su espada,

1029 2011 511 67 de quitarte á tí la vida,

1029 2058 585 97 y que yo muera afrentada;

1616 2116 96 52 mas
