1680 2464
357 1010 1177 127 QUEJAS DE UNA DAMA A SU GALAN.

640 1184 565 89 Ya medió el mundo la prueba

587 1246 437 59 de un amante lisonjero

587 1293 505 56 cuando salió entre cadenas

589 1332 435 93 mi corazon prisionero.

277 1400 507 57 Cuantas veces con desvelo

232 1443 318 57 oia tocar el alba

238 1494 380 58 y asistida del recelo

232 1535 517 60 de asuntos que me negaba

230 1579 560 55 es tu pecho un dragon fiero;

230 1620 464 63 envuelto en la falsedad

234 1665 525 61 y alvertí en mi tierna edad

232 1706 431 63 la variacion que llevas

232 1751 468 64 y ahora digo con verdad

230 1798 570 60 ya medió el mundo la prueba.

273 1841 458 58 Eran tantos los anhelos

227 1884 487 60 de el amor que profesaba

230 1923 497 62 te quise como: á el dinero

232 1975 550 61 y mas que al sueño del alba,

227 2016 526 57 mi pecho fue el verdadero

227 2061 413 53 como puedes alvertir

230 2104 458 62 y el tuyo fue traisionero

232 2143 421 60 queriendome seducir:

232 2192 416 62 es cuanto puedo decir

230 2234 453 98 de un amante lisonjero.

998 1414 566 60 Sabiendo que en tierra ajena

952 1443 348 70 otro cariño tenias

952 1496 502 60 afirmabas con tus venas

959 1544 445 59 y lagrimas que vertias,

955 1579 511 69 pues como una Magdelena

950 1634 536 57 muchas súplicas me hacias

955 1673 521 66 y sin saber lo que ordenas

957 1716 527 64 que dé presa en aquel dia:

955 1761 363 58 y alverti tu tírania

946 1811 547 53 cuando salió entre cadenas.

996 1850 449 63 Saqué la palma y oliva

952 1897 467 57 ese es todo mi consuelo

952 1938 465 61 alvirtiendo desde luego

952 1981 549 66 que tu amor no me derriba,

952 2024 393 66 pasé tragando saliva

952 2067 530 62 muchas noches con desvelo

948 2112 520 58 hasta que permitió el cielo

950 2156 382 61 á fijar mi retentiva,

955 2195 416 65 y salió cantando vivas

952 2244 442 129 mi corazon prisionero.
