1753 2480
1163.0 301.0 178.0 1104.0 EI penado 14

10.0 1454.0 711.0 87.0 En una celda oscura del presidio lejano

18.0 1514.0 614.0 50.0 el penado catorce, su vida terminó

14.0 1545.0 800.0 64.0 dicen los compañeros que el pobre presidario

12.0 1589.0 742.0 58.0 murió haciendo señas y nadie lo entendió.

14.0 1624.0 690.0 50.0 En una noche fría que el preso deliraba

16.0 1661.0 773.0 50.0 su mueca tan extraña dió mucho que pensar

14.0 1696.0 726.0 52.0 y sin embargo nadie de tantos carceleros

16.0 1731.0 755.0 75.0 se acercó a la celda del que no pudo hablar.

109.0 1767.0 424.0 47.0 Dejó una carta escrita

107.0 1798.0 442.0 57.0 con frases tan dolientes

109.0 1841.0 436.0 56.0 que un viejo presidario

107.0 1880.0 374.0 52.0 al leerla consiovió.

107.0 1913.0 358.0 46.0 Al mismo fraticida

105.0 1942.0 374.0 52.0 con alma tenebrosa

111.0 1975.0 480.0 77.0 que en toda su existencia

99.0 2021.0 357.0 45.0 amor nunca sintiò

10.0 2035.0 711.0 70.0 in la carta decia. Un ruego al juez torno

18.0 2087.0 711.0 52.0 que traigan a mi madre, le pido por favor

14.0 2124.0 783.0 54.0 pues antes de morirme quisiera darle un beso

14.0 2161.0 721.0 58.0 en la arrugada frente de mi primer amor;

12.0 2192.0 690.0 54.0 en lacelda sombría del lejano presidio

14.0 2232.0 616.0 51.0 vida miserable el penado entregó

8.0 2260.0 783.0 67.0 último recuerdo fué el nombre madre de la

10.0 2302.0 701.0 140.0 su acento tan triste el viento lo llevó...

940.0 1645.0 457.0 68.0 Música de Magaldi Nona

1002.0 1795.0 321.0 87.0 Letra de Carlos

969.0 1979.0 395.0 149.0 TANGO CANCION
