1860 2629
245 216 535 64 pero en fin, ya es medio dia

250 256 500 66 y no ha almorzado Juana:

247 300 421 61 voy á darla de comer

247 341 544 73 y á tomar yo una sustancia,

245 389 461 66 que de asistir á paridas

245 435 559 66 ya puedo haber hecho gana.

243 479 478 64 Al bajar por la escalera

245 530 467 54 oyó que piando estaban

243 571 461 62 unos pollos en un cesto

241 620 406 61 que la gallina sacaba;

241 657 482 59 aquí se vio en confusion,

243 701 487 67 porque al ir á levantarla

241 747 447 59 le ha saltado la gallina

243 797 419 59 un ojo de una picada.

243 839 469 59 Echando mil juramentos

241 880 550 62 se fué corriendo á la cama:

241 924 436 66 esto me faltaba ahora

243 974 480 66 para completar la carga;

243 1023 493 54 á la postre quedar tuerto

243 1066 480 55 con ocho partos en casa;

243 1097 548 68 dime tú, ¿qué haré yo ahora,

245 1150 485 61 esposa y querida Juana,

243 1200 502 55 sin haber nadie que asista

243 1244 419 61 á tanta mala canalla?

245 1286 518 63 pues tu querrás chocolate,

245 1329 467 68 pero algarrobas la vaca,

245 1371 476 63 cebada querrá la yegua,

252 1417 434 59 y centeno la marrana;

247 1465 476 64 la burra querrá salvado,

252 1509 480 66 y yerba querrá la cabra,

252 1555 438 68 y la perra querrá pan,

252 1599 438 61 y sopas querrá la gata;

256 1645 450 63 la gallina querrá trigo,

256 1689 421 57 y yo vino de Peralta.

247 1730 549 84 Mas, ¿como será, Dios mio,

938 194 446 82 si todo esto nos falta?

936 256 612 61 y oigo que á este mismo tiempo

936 304 456 61 está suspirando Juana,

936 339 459 70 y relinchando la yegua,

936 396 469 48 está bramando la vaca,

936 429 502 63 la burra está rebuzando,

934 473 428 72 y maullando la gata,

932 525 449 57 refunfuñando la perra

932 571 419 64 y berreando la cabra,

934 609 476 70 y cloqueando la gallina,

932 655 478 70 y gruñendo la marrana,

934 701 513 67 y yo en tanto que gruñen

932 751 458 61 estoy rabiando el alma,

936 788 544 68 puen son las tres de la tarde

932 832 502 64 y aun no he comido nada,

932 876 563 63 sino es andar como un tonto

932 926 416 62 de la mujer á la vaca,

932 968 509 68 desde la yegua á la burra,

936 1018 498 59 desde la cerda á la cabra,

934 1060 491 68 de la gallina á los pollos,

936 1105 494 57 desde la perra á la gata,

939 1152 515 61 y las ganancias que tengo

938 1196 430 61 al cabo de la jornada,

936 1235 456 64 es que no veo los toros

936 1281 537 66 mas que por una ventana;

938 1327 514 57 y así, amigos, si os casais,

938 1373 524 64 buscad mujer quo no para,

936 1421 498 64 y no tendreis cosa alguna

936 1461 507 61 mas que vosotros en casa,

936 1509 480 64 y no tendreis la fortuna

932 1553 539 57 que tuvo Marcos de Cabra,

943 1599 519 59 que á tres meses de casado

945 1643 511 54 tuvo ocho partos en casa.

938 1682 496 59 Y aquí el humilde poeta

927 1732 529 68 pide perdon de sus faltas.

864 1873 120 133 FIN.

785 2203 289 82 MADRID.

473 2260 902 121 Despacho de J. Mª Marés y Compañía, Juanelo 19.
