1753 2480
254 111 521 70 corriendo puso el caldero,

263 166 522 64 corriendo calentó el agua,

266 219 500 49 corriendo ciñó al infante,

266 260 453 56 corriendo lo remudaba,

264 303 453 56 corriendo trajo la miel,

262 345 471 64 corriendo la sarten saca,

258 390 525 62 corriendo hizo las torrijas,

264 442 550 51 corriendo se las dió á Juana.

259 480 498 55 Cuando pensó descansar

260 529 521 55 comenzó á bramar la vaca:

260 574 490 56 corriendo se fué al corral

262 617 513 56 y vió que pariendo estaba;

264 657 461 60 asistióla al fin al parto

262 702 401 60 y la dejó asegurada.

260 746 465 62 A las ocho nada menos,

256 783 477 72 la yegua que relinchaba,

259 839 556 56 fué corriendo como un galgo

266 882 503 60 por ver en lo que paraba,

258 930 453 55 sin tener lugar siquiera

257 972 480 61 de rascarse las espaldas,

261 1015 479 62 á donde tuvo tambien

259 1062 549 62 que arremangarse las faldas,

262 1099 480 62 la cual pariendo un mulo

256 1147 587 59 la yegua echada en la cuadra,

260 1188 523 68 la asistió tambien al parto

262 1237 480 67 y la echó paja y cebada;

266 1283 343 56 y por si tenia sed

256 1318 490 64 la trajo un cubo de agua.

254 1368 488 58 Cuando pensó descansar

256 1411 481 68 y quiere volver á Juana,

256 1465 477 58 oyó en medio del portal

258 1502 475 62 la burra que rebuznaba,

256 1552 382 57 y metia mas ruido

260 1597 506 56 que si un lobo la matara:

260 1643 422 57 uquí Marcos comenzó

256 1686 435 55 á decir estas palabras:

254 1729 588 56 ¿que haya quien quiera casarse

256 1775 484 53 para verse de esta traza?

254 1818 498 53 á las nueve cuatro partos

254 1861 477 56 he tenido yo en mi casa:

259 1905 475 56 vive Dios, esto vá malo.

256 1949 513 57 Pasó aunque de mala gana

254 1995 538 53 tambien á asistir á la burra,

256 2041 546 60 con gran prontitud y maña,

256 2084 504 55 la cual le parió un pollino

260 2126 473 60 que tiene la pata blanca.

257 2172 469 88 En fin, salió del establo,

956 152 437 31 y berreando la cabra,

957 163 498 67 ya la paciencia de Marcos

957 214 436 53 muy apurada se halla,

955 256 522 58 pues le fue fuerza tambien

955 308 503 54 ahijar el chivo á la cabra,

956 348 440 61 y sacarla los calostros

957 399 524 54 para que almorzara Juana:

955 442 465 51 metióla en el chivatero,

960 480 460 60 y gruñendo la marrana

956 526 506 60 fue corriendo á la pocilga

961 574 512 60 y vió que pariendo estaba

952 617 550 58 catorce ó quince marranos

955 657 425 56 todos en una camada,

957 706 432 52 pero tambien asegura

957 748 500 60 que como diez dias hagan

950 783 424 70 ha de comer la mitad

956 840 511 52 de los marranos que para,

955 885 515 56 y por que no se murieran,

955 928 540 55 parteó tambien la marrana.

953 968 494 63 En fin, cerró la pocilga,

960 1022 441 54 y maullando la gata,

950 1060 366 60 metia tanto ruido,

952 1109 468 52 que parece la mataban;

957 1149 401 55 y como sabia Marcos

957 1196 490 58 que está la gata preñada,

952 1248 492 51 dice: otro parto tenemos

957 1289 521 50 con mil demonios, en casa,

959 1328 438 60 y por salir de la duda

952 1370 579 62 fué al sobrado y vió la gata

952 1417 479 64 que en un esporton tenia

950 1463 441 56 de gatos una manada;

950 1510 484 50 contólos y vió que habia

956 1558 462 52 seis gatos y una gata.

946 1595 412 60 Al bajar la escalera,

948 1645 424 49 en el pajar de la casa

950 1689 475 52 oyó Marcos que tambien

952 1731 430 53 la perra refunfuñaba:

949 1781 473 48 echando mil juramentos,

946 1818 536 64 fué al pajar, y entre la paja

949 1871 453 44 ha parido nueve perros,

949 1906 525 55 seis podencos, tres de caza;

948 1952 456 56 díjoles Marcos entonces

948 1996 530 61 con muy risueñas palabras:

949 2044 491 61 yo aseguro á los perritos,

948 2088 569 57 que á los que estén en mi casa

955 2122 442 72 de podences sean galgos

948 2172 423 88 con facilidad sobrada,
