1860 2629
1263 214 239 72 (Núm. 35.)

590 271 732 114 MARCOS DE CABRA.

482 1128 928 199 NUEVA RELACION

273 1393 1350 69 en que se refiere el trágico casamiento de este pobre hombre, vecino

271 1448 1347 94 de Guadarrama, que despues de unas alegres bodas, esperimento

273 1524 1347 73 á pocos meses tanta multitud de partos en su casa, que por asis-

276 1589 1338 87 tir á ellos no pudo comer ni descansar en todo el dia. Dase cuen-

274 1662 1346 70 ta de su grande afliccion, y otras muchas circunstancias que

695 1711 469 107 verá el curioso lector.

271 2017 518 66 Marcos, el de Guadarrama,

269 2070 470 59 digo, de Carnestolendas

269 2114 450 54 de la cuaresma pasada:

267 2153 511 61 casó con Juana Chamorro,

267 2197 452 59 hija de Pedro Miranda;

267 2241 469 61 él es hijo de Juan Crespo

271 2287 433 70 y de María la Larga

267 2337 421 103 nieto del tamborilero

311 1962 393 73 En domingo se casó

958 1980 522 61 que nació en Guadalajara,

949 2019 428 60 Este tal tiene una tia

951 2070 549 61 que es partera en Berlanga:

949 2116 533 63 la cual viniendo á la boda,

954 2160 568 63 la ofreció á su nuera Juana,

951 2203 417 62 para empezar á vivir

956 2252 502 63 una burra con su albarda,

954 2298 555 61 y que no la carguen mucho,

949 2342 557 78 que hace juicio está preñada.
