1860 2629
114.0 208.0 454.0 109.0 por eso mismo sabrás,

118.0 293.0 496.0 59.0 que casi no te toca nada,

120.0 330.0 570.0 68.0 —Yo quiero la misma parte,

118.0 383.0 557.0 63.0 ya por buenas ó por malas,

118.0 427.0 485.0 63.0 yo guardo mis energías

118.0 473.0 548.0 63.0 para vosotros, cara á cara,

122.0 512.0 432.0 66.0 y no como criminales

122.0 569.0 579.0 53.0 que asesinas por la espalda,

125.0 604.0 519.0 64.0 con ancianos y chiquillos

125.0 652.0 495.0 62.0 sin defensa y sin arinas;

127.0 696.0 504.0 57.0 os demostraré quien soy,

127.0 742.0 471.0 53.0 ladrones de mala saña.

129.0 782.0 447.0 65.0 y sacando una navaja

129.0 828.0 500.0 61.0 contra ellos se abalanza,

131.0 871.0 511.0 66.0 más pronto lo sujetaban,

135.0 920.0 507.0 63.0 pues le quitaron el arma

135.0 963.0 470.0 64.0 y de casa lo arrojaban.

135.0 1007.0 450.0 59.0 Aprovecha le ocasión,

135.0 1051.0 505.0 64.0 á dar parte se marchaba

135.0 1097.0 415.0 64.0 de todo lo ejecutado

135.0 1121.0 588.0 88.0 por aquellas fieras malvadas.

188.0 1174.0 562.0 74.0 Más los cuatro en compañla

135.0 1229.0 509.0 59.0 á la montaña se echaban

140.0 1277.0 498.0 61.0 pero con tan poca suerte

140.0 1323.0 392.0 59.0 á ellos les cobijaba

142.0 1345.0 540.0 85.0 que al cruzar la carretera

140.0 1395.0 686.0 75.0 con los guardias se encontraban;

144.0 1452.0 564.0 64.0 tratan de huir y no pueden,

144.0 1494.0 590.0 72.0 puos dos parejas de guardias

146.0 1533.0 665.0 77.0 les hechan el «jalto, quien vive!»

144.0 1590.0 489.0 57.0 y los maúsers á la cara,

144.0 1634.0 503.0 55.0 dos que trataron de huir

146.0 1673.0 437.0 64.0 reciben una descarga

149.0 1719.0 546.0 62.0 qe han entregado la vida

151.0 1761.0 522.0 66.0 sin decir ¡Jesús me valga!

151.0 1807.0 513.0 59.0 Prendieron los otros dos,

151.0 1857.0 478.0 57.0 á la cárcel los llevaban

157.0 1897.0 577.0 72.0 y en compañía de Frasquito

945.0 203.0 496.0 88.0 el crimen lo declaraban

949.0 256.0 535.0 72.0 dando parte al señor Juez

951.0 308.0 573.0 71.0 y al Teniente de la Guardia;

951.0 352.0 492.0 64.0 reconocen los cadáveres

951.0 396.0 555.0 75.0 que están dentro de la casa

951.0 442.0 516.0 68.0 y opinan que por el robo

951.0 481.0 505.0 73.0 fué esta gente asesinada;

954.0 530.0 528.0 70.0 sin detenerse un momento

956.0 587.0 436.0 59.0 á los reos se llevaban

954.0 626.0 471.0 64.0 al pueblo de Logrosán;

958.0 666.0 524.0 63.0 el Teniente de la Guardia

960.0 703.0 529.0 70.0 metió á todos en la cárcel

962.0 758.0 505.0 63.0 declaración les tomaban.

1013.0 799.0 458.0 66.0 Y todos han declarado

958.0 841.0 456.0 70.0 sin equivocarse nada;

965.0 882.0 493.0 71.0 los conducen á la cárcel

965.0 939.0 493.0 55.0 de Cáceres que se llama,

967.0 983.0 463.0 59.0 que esta es la capital

967.0 1023.0 513.0 68.0 Con presteza y diligencia

969.0 1066.0 487.0 64.0 se les termina la causa,

969.0 1108.0 526.0 72.0 y en un suplicio afrentoso

969.0 1158.0 544.0 66.0 los dos pagaron sus faltas,

971.0 1200.0 555.0 72.0 y á Frasquito con seis años

967.0 1248.0 465.0 73.0 su participación paga.

1019.0 1279.0 540.0 79.0 Padres los qne tenéis hijos

967.0 1336.0 566.0 72.0 mirad á cuantas desgracias

973.0 1386.0 413.0 64.0 acarrean la avaricls

973.0 1417.0 492.0 79.0 del dinero y otras galas.

1022.0 1461.0 500.0 79.0 Darles buena educación,

976.0 1516.0 530.0 70.0 no abandonarlos en nada,

978.0 1555.0 559.0 72.0 que los malos pensamientos

978.0 1601.0 574.0 74.0 se arraigan en sus entrañas.

1026.0 1649.0 544.0 66.0 Dios en la gloria los tenga,

976.0 1689.0 585.0 79.0 Dios nos libre y nos defienda

978.0 1739.0 531.0 66.0 de pensar acciones malas,

980.0 1783.0 550.0 74.0 y después de buena muerte

976.0 1824.0 605.0 90.0 nos premie en la gloria santa.

927.0 2000.0 125.0 120.0 IN

447.0 2166.0 1026.0 108.0 I MPRENTA GARCÍA

489.0 2239.0 949.0 100.0 LA MÁS ECONÓMICA

449.0 2317.0 1022.0 112.0 MILANS, 4. (esquina Gignáts) BARCELONA
