1860 2629
223.0 271.0 413.0 64.0 Delante de su marido

184.0 319.0 456.0 60.0 la mujer no tiene gana,

186.0 350.0 537.0 77.0 pero cuando este se marcha.

184.0 400.0 438.0 57.0 todo lo mejor se traga.

182.0 425.0 522.0 81.0 El se cree que está enferma

182.0 481.0 421.0 60.0 le dice que no trabaje

179.0 523.0 380.0 59.0 y las faenas de casa

179.0 549.0 421.0 68.0 el marido se las hace.

182.0 593.0 506.0 64.0 Le hace la cama y le guisa

184.0 641.0 531.0 62.0 y le va á la plaza á comprar

188.0 685.0 491.0 55.0 y ella le va muy contenta

179.0 722.0 437.0 68.0 con el veeino á bailar.

223.0 797.0 452.0 74.0 A mujeres que se casan

179.0 850.0 426.0 59.0 solo por tener murido

186.0 891.0 533.0 64.0 porque ya saben del mundo

184.0 931.0 506.0 63.0 mejor que un gato corrido

179.0 974.0 538.0 60.0 Si el marido es un borracho

184.0 1016.0 487.0 64.0 y le entrega la semanada

184.0 1058.0 482.0 59.0 y ella la gasta en colores

186.0 1099.0 408.0 59.0 para mejorar su cara.

184.0 1139.0 430.0 55.0 Y no contenta con eso

182.0 1165.0 491.0 68.0 que ella le dice al marido

182.0 1213.0 484.0 59.0 que es un mal trabajador

184.0 1257.0 557.0 79.0 muy tunante y muy perdido.

225.0 1340.0 470.0 62.0 Ya ven ustedes, señores,

182.0 1388.0 537.0 62.0 lo que en este mundo pasa;

182.0 1426.0 515.0 57.0 mal está el que está casado

186.0 1470.0 406.0 63.0 y peor el que se casa.

182.0 1509.0 480.0 61.0 El que tiene la desgracia

182.0 1548.0 403.0 62.0 de pillar mala mujer

182.0 1583.0 508.0 64.0 si no le da sus costumbres

182.0 1632.0 484.0 59.0 siempre le toca el perder,

182.0 1667.0 508.0 61.0 tanto mujer como hombre

184.0 1713.0 438.0 57.0 más le valiera el morir

186.0 1754.0 500.0 55.0 se equivoca el casamiente

186.0 1796.0 441.0 74.0 todo es rabiar y sufrir.

976.0 271.0 366.0 59.0 Un diputado tenía

938.0 308.0 432.0 64.0 un borrico adelantado

938.0 343.0 476.0 71.0 y un día se fué tras de él

945.0 396.0 482.0 53.0 para meterse en el Pardo.

938.0 425.0 555.0 70.0 Mariano Trampas que estaba

936.0 473.0 524.0 59.0 dijo—Aquí no puede entrar

938.0 519.0 527.0 70.0 ningún hombre sin carrera

940.0 554.0 391.0 59.0 y menos un animal;

936.0 593.0 474.0 57.0 al sentir aquél desprecio

936.0 635.0 465.0 61.0 dijo el borrrico afligido:

936.0 672.0 491.0 57.0 más burro eres tú que yo

938.0 707.0 514.0 101.0 y estás hay dentro metido.

976.0 784.0 465.0 81.0 La que hoy piensa casar

936.0 847.0 502.0 60.0 se ha de mirar un poquito

938.0 891.0 430.0 62.0 por el cariño tan raro

936.0 926.0 502.0 59.0 que tiene hoy los mocitos;

934.0 968.0 432.0 61.0 el primer día les dicen

936.0 1009.0 461.0 57.0 ven acá reina del cielo,

936.0 1038.0 537.0 72.0 sangre de mi propia sangre

936.0 1093.0 476.0 54.0 que tus ojos son luceros;

936.0 1130.0 513.0 57.0 al segundo la va olvidado.

936.0 1167.0 535.0 66.0 al tercero ya no hay cariño

936.0 1209.0 505.0 63.0 al cuarto le da un porrazo

936.0 1242.0 616.0 79.0 que le rompe hasta el bautismo.

976.0 1342.0 616.0 86.0 Hoy no come en nuestra España

938.0 1384.0 384.0 64.0 el que es trabajador

938.0 1426.0 588.0 68.0 come aquel que aguanta carga

938.0 1465.0 432.0 55.0 el usurero y el ladrón;

938.0 1505.0 586.0 52.0 ladrón se llama á quel hombre

940.0 1544.0 527.0 55.0 que roba más de un millón,

938.0 1586.0 507.0 61.0 y usurero aquel que estafa

938.0 1627.0 441.0 53.0 á un pobre trabajador;

936.0 1658.0 597.0 66.0 los hombres que están perdidos

936.0 1708.0 454.0 53.0 son aquellos que se ven

936.0 1743.0 441.0 60.0 que comen sin trabajar

936.0 1792.0 380.0 72.0 á costa de la mujer,

443.0 2260.0 987.0 106.0 Tipografía LA POPULAR. Calle de Mina, 8—Barcelona.
