1753 2480
179.0 103.0 399.0 49.0 una levita adornada

179.0 140.0 346.0 60.0 con un buen reloj

179.0 179.0 656.0 60.0 tener buena pluma y largo gaban

177.0 223.0 672.0 74.0 sombrero de copa, conciencia fatal,

181.0 262.0 480.0 68.0 y con sombrero en mano

177.0 305.0 377.0 52.0 se les ha de hablar,

181.0 330.0 437.0 75.0 quieras que no quieras

179.0 380.0 346.0 78.0 has de robar más.

214.0 431.0 610.0 110.0 Me decía D. Paco vamos á votar

940.0 107.0 308.0 60.0 y yo me resistía

940.0 136.0 575.0 70.0 porque sabía el pago que dan,

934.0 192.0 610.0 68.0 á mi puerta llegó con un coche

934.0 229.0 492.0 54.0 y por fin de casa me sacó

932.0 264.0 612.0 70.0 con dosmil engaños y promesas

932.0 310.0 552.0 49.0 en la sala electoral me entró

934.0 341.0 657.0 59.0 Inego que dí el voto de allí me salí

934.0 384.0 668.0 58.0 valiente muchacho yo más no le ví

932.0 429.0 715.0 73.0 corriendo las calles cuando esto pasó,

930.0 467.0 560.0 82.0 D, Paco en el co desapareció.

204.0 886.0 1418.0 165.0 Lios y trapisondas de las mujeres

210.0 1140.0 451.0 73.0 El marido que es celoso

167.0 1175.0 403.0 58.0 martiriza á su mujer

167.0 1217.0 519.0 60.0 siampre está dándole palos

169.0 1260.0 498.0 60.0 por no saber lo que hacer.

163.0 1293.0 529.0 64.0 Si la pobre se hace el moño

165.0 1339.0 440.0 62.0 le dice que va á visitar

169.0 1380.0 405.0 60.0 y si la ve despeinada

167.0 1413.0 519.0 68.0 le dice que es muy cochina

163.0 1454.0 459.0 67.0 Si do se muda es dejada

165.0 1498.0 461.0 62.0 y si se muda teene otro.

169.0 1545.0 407.0 54.0 ¡Cuanto le toca sufrir

163.0 1576.0 508.0 67.0 la que se ve con un celoso!

200.0 1659.0 558.0 68.0 Gastan muy buenas palabras

159.0 1711.0 595.0 64.0 cuando un tronera va á la casa

165.0 1750.0 469.0 62.0 y una vez que es marido

165.0 1787.0 550.0 70.0 nunca más llega á acordarse.

163.0 1829.0 494.0 57.0 Este pendón gasta modas,

163.0 1870.0 531.0 68.0 va al teatro y á algún baile

163.0 1922.0 450.0 53.0 y la pobre de su esposa,

157.0 1957.0 463.0 55.0 quiere que pase del aire.

161.0 1996.0 452.0 60.0 En este mundo señores,

163.0 2037.0 349.0 50.0 esto suele suceder

161.0 2070.0 624.0 64.0 que el hombre que es un perdido

161.0 2116.0 372.0 68.0 tiene buena mujer.

963.0 1140.0 463.0 66.0 Hay maridos hoy en día

924.0 1190.0 539.0 54.0 que tienen cinco ó seis hijos

924.0 1231.0 432.0 54.0 y se enamoran de otra

924.0 1268.0 450.0 60.0 y olvidan los pedacitos,

919.0 1302.0 476.0 68.0 Su mujer muere de pena

921.0 1349.0 499.0 60.0 por no saber lo que hacer,

921.0 1390.0 523.0 60.0 porqne á sus hijos del alma

921.0 1430.0 509.0 60.0 no les puede dar de comer.

919.0 1471.0 534.0 60.0 El contempla otro chiquillo

917.0 1506.0 532.0 66.0 que no saben quien lo hizo,

917.0 1550.0 581.0 59.0 mientras que sus propios hijos

917.0 1591.0 511.0 74.0 van los pobres descalcitos.

955.0 1667.0 415.0 71.0 Desgraciada la mujer

915.0 1721.0 532.0 60.0 que se casa con mal marido

915.0 1764.0 552.0 56.0 de tantos palos que arrastra,

917.0 1800.0 486.0 55.0 la pobre pierde el sentido

919.0 1839.0 581.0 72.0 porque hay maridos borrachos

915.0 1884.0 465.0 58.0 que se juegan el dinero,

915.0 1919.0 478.0 58.0 y á la pobre de su esposa

913.0 1963.0 529.0 62.0 no le compran un pañuelo.

917.0 2004.0 408.0 54.0 pues este día que ella

913.0 2039.0 443.0 66.0 traiga la comida á casa

917.0 2089.0 465.0 50.0 ¿Cómo quiere su marido

917.0 2122.0 509.0 79.0 que su mujer sea honrada?
