<?xml version="1.0" encoding="UTF-8"?>
<alto xmlns:xsi="http://www.w3.org/2001/XMLSchema-instance"
      xmlns="http://www.loc.gov/standards/alto/ns-v4#"
      xsi:schemaLocation="http://www.loc.gov/standards/alto/ns-v4# http://www.loc.gov/standards/alto/v4/alto-4-2.xsd">
  <Description>
    <MeasurementUnit>pixel</MeasurementUnit>
    <sourceImageInformation>
      <fileName>Varios_221_1.jpg</fileName>
      
    </sourceImageInformation>
  </Description>
  
  <Tags>
    <OtherTag ID="BT221" LABEL="CustomZone:impresorNum" DESCRIPTION="block type CustomZone:impresorNum"/><OtherTag ID="BT222" LABEL="CustomZone:numero_pliego" DESCRIPTION="block type CustomZone:numero_pliego"/><OtherTag ID="BT223" LABEL="CustomZone:title" DESCRIPTION="block type CustomZone:title"/><OtherTag ID="BT224" LABEL="GraphicZone:illustration" DESCRIPTION="block type GraphicZone:illustration"/><OtherTag ID="BT225" LABEL="GraphicZone:ornamentation" DESCRIPTION="block type GraphicZone:ornamentation"/><OtherTag ID="BT226" LABEL="MainZone" DESCRIPTION="block type MainZone"/><OtherTag ID="BT227" LABEL="MainZone:columns" DESCRIPTION="block type MainZone:columns"/><OtherTag ID="BT228" LABEL="MarginTextZone:colophon" DESCRIPTION="block type MarginTextZone:colophon"/><OtherTag ID="BT229" LABEL="MarginTextZone:note" DESCRIPTION="block type MarginTextZone:note"/><OtherTag ID="BT230" LABEL="MusicZone" DESCRIPTION="block type MusicZone"/><OtherTag ID="BT231" LABEL="NumberingZone:page" DESCRIPTION="block type NumberingZone:page"/><OtherTag ID="BT232" LABEL="QuireMarksZone:catchwords" DESCRIPTION="block type QuireMarksZone:catchwords"/><OtherTag ID="BT233" LABEL="QuireMarksZone:signature" DESCRIPTION="block type QuireMarksZone:signature"/><OtherTag ID="BT234" LABEL="RunningTitleZone" DESCRIPTION="block type RunningTitleZone"/>
    <OtherTag ID="LT81" LABEL="CustomLine:propriedad" DESCRIPTION="line type CustomLine:propriedad"/><OtherTag ID="LT82" LABEL="CustomLine:trailer" DESCRIPTION="line type CustomLine:trailer"/><OtherTag ID="LT83" LABEL="DefaultLine" DESCRIPTION="line type DefaultLine"/><OtherTag ID="LT84" LABEL="HeadingLine" DESCRIPTION="line type HeadingLine"/>
  </Tags>
  
  <Layout>
    <Page WIDTH="1860"
          HEIGHT="2629"
          PHYSICAL_IMG_NR="42"
          ID="eSc_dummypage_">
      <PrintSpace HPOS="0"
                  VPOS="0"
                  WIDTH="1860"
                  HEIGHT="2629">
        
        <TextBlock HPOS="196.0"
                   VPOS="1317.0"
                   WIDTH="1336.0"
                   HEIGHT="229.0"
                   ID="block_0"
                   TAGREFS="BT223">
          <Shape><Polygon POINTS="1532 1317 1532 1546 196 1546 196 1317"/></Shape>
          
          
          <TextLine ID="eSc_line_640edd27"
                    TAGREFS="LT84"
                    BASELINE="445 1417 1329 1424" 
                    HPOS="440.0"
                    VPOS="1318.0"
                    WIDTH="887.0"
                    HEIGHT="134.0">
            <Shape><Polygon POINTS="1254 1318 1232 1318 1210 1318 1208 1318 1103 1325 1048 1327 1024 1323 1000 1318 991 1318 969 1318 947 1318 925 1318 903 1318 897 1318 859 1321 769 1325 763 1318 750 1318 728 1318 706 1318 684 1318 662 1318 640 1318 618 1318 596 1318 574 1318 552 1318 530 1318 508 1318 486 1318 465 1318 443 1318 443 1415 440 1432 1030 1450 1033 1452 1276 1452 1276 1450 1278 1450 1324 1437 1327 1421 1324 1329 1259 1318 1254 1318"/></Shape>
	    <String CONTENT="NUEVO MINISTERIO"
                    HPOS="440.0"
                    VPOS="1318.0"
                    WIDTH="887.0"
                    HEIGHT="134.0"></String>
          </TextLine>

          
          
          <TextLine ID="eSc_line_45ae7243"
                    TAGREFS="LT84"
                    BASELINE="247 1511 1515 1522" 
                    HPOS="245.0"
                    VPOS="1445.0"
                    WIDTH="1270.0"
                    HEIGHT="114.0">
            <Shape><Polygon POINTS="1498 1470 1476 1467 1454 1465 1432 1463 1410 1461 1388 1459 1386 1452 1160 1450 1158 1450 1155 1450 1140 1456 1118 1465 1059 1456 1041 1454 1039 1454 1037 1454 1030 1456 1008 1465 835 1456 693 1450 690 1450 688 1450 686 1450 675 1456 666 1463 502 1463 315 1459 309 1459 298 1448 298 1445 296 1445 293 1445 291 1445 289 1445 247 1456 247 1511 245 1548 289 1551 291 1551 293 1551 296 1551 329 1533 497 1533 565 1548 568 1548 570 1548 572 1548 592 1535 633 1535 647 1546 647 1548 649 1548 651 1548 653 1548 655 1548 658 1548 673 1535 739 1535 763 1548 765 1548 767 1548 769 1548 897 1537 976 1553 1006 1557 1008 1559 1256 1559 1256 1557 1259 1557 1261 1557 1267 1553 1280 1544 1289 1553 1294 1557 1296 1557 1298 1557 1300 1557 1327 1553 1357 1548 1370 1553 1384 1559 1386 1559 1388 1559 1390 1559 1392 1559 1392 1557 1399 1553 1410 1544 1511 1553 1515 1522 1509 1470 1498 1470"/></Shape>
	    <String CONTENT="QUE SE DICE VAN A FORMAR LAS MUJERES"
                    HPOS="245.0"
                    VPOS="1445.0"
                    WIDTH="1270.0"
                    HEIGHT="114.0"></String>
          </TextLine>

          
        </TextBlock>
        
        <TextBlock HPOS="100.0"
                   VPOS="1553.0"
                   WIDTH="749.0"
                   HEIGHT="547.0"
                   ID="block_4"
                   TAGREFS="BT227">
          <Shape><Polygon POINTS="849 1553 822 2091 100 2100 118 1553"/></Shape>
          
          
          <TextLine ID="eSc_line_c9efef9f"
                    TAGREFS="LT83"
                    BASELINE="193 1605 800 1612" 
                    HPOS="190.0"
                    VPOS="1577.0"
                    WIDTH="610.0"
                    HEIGHT="68.0">
            <Shape><Polygon POINTS="763 1583 741 1583 719 1583 697 1583 675 1583 653 1583 631 1581 609 1581 587 1581 565 1581 543 1581 522 1581 500 1581 478 1579 456 1579 434 1579 412 1579 390 1579 368 1579 346 1579 324 1579 302 1577 280 1577 258 1577 236 1577 214 1577 193 1577 193 1605 190 1619 368 1634 370 1634 473 1632 642 1625 684 1638 695 1643 697 1643 699 1645 798 1645 800 1612 785 1583 763 1583"/></Shape>
	    <String CONTENT="Ya vereis disponer á las mujeres"
                    HPOS="190.0"
                    VPOS="1577.0"
                    WIDTH="610.0"
                    HEIGHT="68.0"></String>
          </TextLine>

          
          
          <TextLine ID="eSc_line_9a68fc1c"
                    TAGREFS="LT83"
                    BASELINE="146 1651 699 1651" 
                    HPOS="146.0"
                    VPOS="1614.0"
                    WIDTH="553.0"
                    HEIGHT="55.0">
            <Shape><Polygon POINTS="146 1640 146 1651 146 1669 699 1665 699 1651 697 1614 153 1616 146 1640"/></Shape>
	    <String CONTENT="y la España vereis aumentar"
                    HPOS="146.0"
                    VPOS="1614.0"
                    WIDTH="553.0"
                    HEIGHT="55.0"></String>
          </TextLine>

          
          
          <TextLine ID="eSc_line_ecf97b1d"
                    TAGREFS="LT83"
                    BASELINE="146 1686 688 1691" 
                    HPOS="144.0"
                    VPOS="1654.0"
                    WIDTH="544.0"
                    HEIGHT="52.0">
            <Shape><Polygon POINTS="673 1654 651 1654 629 1654 607 1654 585 1654 563 1654 541 1654 519 1654 497 1654 475 1654 454 1654 432 1654 410 1654 388 1654 366 1654 344 1654 322 1654 300 1654 278 1654 256 1654 234 1654 212 1654 190 1654 168 1654 146 1654 146 1686 144 1700 684 1706 688 1691 686 1654 673 1654"/></Shape>
	    <String CONTENT="no por eso querais figuraros"
                    HPOS="144.0"
                    VPOS="1654.0"
                    WIDTH="544.0"
                    HEIGHT="52.0"></String>
          </TextLine>

          
          
          <TextLine ID="eSc_line_d4df3ee9"
                    TAGREFS="LT83"
                    BASELINE="144 1728 736 1732" 
                    HPOS="142.0"
                    VPOS="1686.0"
                    WIDTH="594.0"
                    HEIGHT="62.0">
            <Shape><Polygon POINTS="671 1691 649 1691 627 1691 605 1691 583 1691 561 1691 539 1691 517 1691 495 1691 473 1691 451 1691 429 1691 418 1689 144 1691 144 1728 142 1741 732 1748 736 1732 732 1686 671 1686 671 1691"/></Shape>
	    <String CONTENT="que el libertinaje se protegerá."
                    HPOS="142.0"
                    VPOS="1686.0"
                    WIDTH="594.0"
                    HEIGHT="62.0"></String>
          </TextLine>

          
          
          <TextLine ID="eSc_line_60313bc0"
                    TAGREFS="LT83"
                    BASELINE="142 1765 754 1772" 
                    HPOS="140.0"
                    VPOS="1728.0"
                    WIDTH="614.0"
                    HEIGHT="64.0">
            <Shape><Polygon POINTS="734 1732 712 1732 690 1732 668 1732 647 1732 625 1732 603 1732 581 1732 559 1732 537 1732 515 1732 493 1732 471 1732 449 1732 427 1730 405 1730 383 1730 361 1730 339 1730 318 1730 296 1730 274 1730 252 1730 230 1730 208 1730 186 1730 164 1730 142 1728 142 1765 140 1783 750 1792 754 1772 752 1730 734 1728 734 1732"/></Shape>
	    <String CONTENT="En cuanto seamos municipalas"
                    HPOS="140.0"
                    VPOS="1728.0"
                    WIDTH="614.0"
                    HEIGHT="64.0"></String>
          </TextLine>

          
          
          <TextLine ID="eSc_line_e5723b1a"
                    TAGREFS="LT83"
                    BASELINE="149 1807 754 1811" 
                    HPOS="146.0"
                    VPOS="1768.0"
                    WIDTH="608.0"
                    HEIGHT="61.0">
            <Shape><Polygon POINTS="149 1807 146 1820 750 1829 754 1811 752 1776 149 1768 149 1807"/></Shape>
	    <String CONTENT="las que guardemos la población"
                    HPOS="146.0"
                    VPOS="1768.0"
                    WIDTH="608.0"
                    HEIGHT="61.0"></String>
          </TextLine>

          
          
          <TextLine ID="eSc_line_d572e514"
                    TAGREFS="LT83"
                    BASELINE="144 1849 761 1855" 
                    HPOS="142.0"
                    VPOS="1811.0"
                    WIDTH="619.0"
                    HEIGHT="55.0">
            <Shape><Polygon POINTS="144 1849 142 1860 756 1866 761 1855 761 1818 144 1811 144 1849"/></Shape>
	    <String CONTENT="á los hombres de copa y taberna"
                    HPOS="142.0"
                    VPOS="1811.0"
                    WIDTH="619.0"
                    HEIGHT="55.0"></String>
          </TextLine>

          
          
          <TextLine ID="eSc_line_8b52b75e"
                    TAGREFS="LT83"
                    BASELINE="149 1886 721 1892" 
                    HPOS="146.0"
                    VPOS="1851.0"
                    WIDTH="575.0"
                    HEIGHT="57.0">
            <Shape><Polygon POINTS="587 1855 565 1855 554 1853 491 1853 478 1853 456 1853 434 1853 412 1853 390 1853 368 1853 346 1851 324 1851 302 1851 280 1851 258 1851 236 1851 214 1851 193 1851 171 1851 149 1851 149 1886 146 1906 717 1908 721 1892 719 1857 605 1855 587 1855"/></Shape>
	    <String CONTENT="los daremos una gran lección."
                    HPOS="146.0"
                    VPOS="1851.0"
                    WIDTH="575.0"
                    HEIGHT="57.0"></String>
          </TextLine>

          
          
          <TextLine ID="eSc_line_5764db4d"
                    TAGREFS="LT83"
                    BASELINE="149 1927 743 1934" 
                    HPOS="146.0"
                    VPOS="1890.0"
                    WIDTH="597.0"
                    HEIGHT="72.0">
            <Shape><Polygon POINTS="719 1892 697 1892 675 1892 653 1892 631 1892 609 1892 587 1892 565 1892 543 1892 528 1890 149 1890 149 1927 146 1945 515 1945 739 1962 743 1934 739 1890 719 1890 719 1892"/></Shape>
	    <String CONTENT="En siendo las ocho de la noche"
                    HPOS="146.0"
                    VPOS="1890.0"
                    WIDTH="597.0"
                    HEIGHT="72.0"></String>
          </TextLine>

          
          
          <TextLine ID="eSc_line_1eda6579"
                    TAGREFS="LT83"
                    BASELINE="149 1969 649 1969" 
                    HPOS="149.0"
                    VPOS="1934.0"
                    WIDTH="500.0"
                    HEIGHT="50.0">
            <Shape><Polygon POINTS="149 1969 149 1982 647 1984 649 1969 647 1934 149 1934 149 1969"/></Shape>
	    <String CONTENT="no queremos ninguno ver"
                    HPOS="149.0"
                    VPOS="1934.0"
                    WIDTH="500.0"
                    HEIGHT="50.0"></String>
          </TextLine>

          
          
          <TextLine ID="eSc_line_b1ea723b"
                    TAGREFS="LT83"
                    BASELINE="149 2008 712 2008" 
                    HPOS="149.0"
                    VPOS="1967.0"
                    WIDTH="563.0"
                    HEIGHT="59.0">
            <Shape><Polygon POINTS="631 1971 609 1971 587 1971 565 1971 543 1971 522 1971 500 1971 478 1971 456 1971 434 1971 412 1971 390 1971 368 1971 346 1971 324 1971 302 1971 280 1971 258 1971 236 1971 214 1971 193 1971 171 1971 149 1971 149 2008 149 2026 712 2026 712 2008 712 1967 633 1967 631 1971"/></Shape>
	    <String CONTENT="las mujeres serán todas libres"
                    HPOS="149.0"
                    VPOS="1967.0"
                    WIDTH="563.0"
                    HEIGHT="59.0"></String>
          </TextLine>

          
          
          <TextLine ID="eSc_line_0d3c71cd"
                    TAGREFS="LT83"
                    BASELINE="144 2050 706 2055" 
                    HPOS="142.0"
                    VPOS="2011.0"
                    WIDTH="564.0"
                    HEIGHT="90.0">
            <Shape><Polygon POINTS="144 2022 144 2050 142 2070 186 2094 188 2094 190 2094 193 2094 195 2094 221 2072 223 2072 370 2072 390 2081 423 2098 425 2098 427 2101 647 2101 647 2098 649 2098 651 2098 653 2096 668 2087 699 2098 706 2055 704 2017 164 2011 144 2022"/></Shape>
	    <String CONTENT="los hombres á fregar y barrer"
                    HPOS="142.0"
                    VPOS="2011.0"
                    WIDTH="564.0"
                    HEIGHT="90.0"></String>
          </TextLine>

          
          
          <TextLine ID="eSc_line_3d36a220"
                    TAGREFS="LT83"
                    BASELINE="186 2140 774 2144" 
                    HPOS="184.0"
                    VPOS="2079.0"
                    WIDTH="590.0"
                    HEIGHT="87.0">
            <Shape><Polygon POINTS="756 2103 734 2092 730 2083 730 2083 627 2094 528 2083 526 2083 524 2083 522 2083 522 2085 511 2094 502 2105 475 2092 473 2092 471 2092 469 2092 456 2092 247 2103 188 2079 186 2140 184 2151 256 2164 258 2164 379 2157 423 2155 769 2166 774 2144 774 2109 756 2103"/></Shape>
	    <String CONTENT="A nuestras valientes veteranas"
                    HPOS="184.0"
                    VPOS="2079.0"
                    WIDTH="590.0"
                    HEIGHT="87.0"></String>
          </TextLine>

          
          
          <TextLine ID="eSc_line_208cac2b"
                    TAGREFS="LT83"
                    BASELINE="140 2179 609 2184" 
                    HPOS="138.0"
                    VPOS="2140.0"
                    WIDTH="471.0"
                    HEIGHT="63.0">
            <Shape><Polygon POINTS="600 2144 579 2144 557 2144 535 2144 513 2144 491 2144 478 2142 372 2142 359 2142 337 2142 315 2142 293 2142 271 2142 250 2142 228 2142 206 2142 188 2140 140 2140 140 2179 138 2195 605 2203 609 2184 607 2144 600 2144"/></Shape>
	    <String CONTENT="las mejores de la capital"
                    HPOS="138.0"
                    VPOS="2140.0"
                    WIDTH="471.0"
                    HEIGHT="63.0"></String>
          </TextLine>

          
          
          <TextLine ID="eSc_line_d48d2208"
                    TAGREFS="LT83"
                    BASELINE="140 2223 679 2223" 
                    HPOS="140.0"
                    VPOS="2182.0"
                    WIDTH="539.0"
                    HEIGHT="63.0">
            <Shape><Polygon POINTS="600 2184 579 2184 557 2184 535 2184 513 2184 491 2184 469 2184 447 2184 425 2184 403 2184 381 2184 370 2182 140 2182 140 2223 140 2239 677 2245 679 2223 677 2182 600 2182 600 2184"/></Shape>
	    <String CONTENT="las pondremos al resguardo"
                    HPOS="140.0"
                    VPOS="2182.0"
                    WIDTH="539.0"
                    HEIGHT="63.0"></String>
          </TextLine>

          
          
          <TextLine ID="eSc_line_391225e2"
                    TAGREFS="LT83"
                    BASELINE="142 2260 857 2267" 
                    HPOS="140.0"
                    VPOS="2225.0"
                    WIDTH="717.0"
                    HEIGHT="64.0">
            <Shape><Polygon POINTS="844 2232 822 2232 813 2225 142 2225 142 2260 140 2274 853 2289 857 2267 855 2232 844 2232"/></Shape>
	    <String CONTENT="para el servicio de guardas de portal."
                    HPOS="140.0"
                    VPOS="2225.0"
                    WIDTH="717.0"
                    HEIGHT="64.0"></String>
          </TextLine>

          
          
          <TextLine ID="eSc_line_79130ab6"
                    TAGREFS="LT83"
                    BASELINE="140 2304 756 2304" 
                    HPOS="140.0"
                    VPOS="2271.0"
                    WIDTH="616.0"
                    HEIGHT="57.0">
            <Shape><Polygon POINTS="140 2304 140 2328 756 2328 756 2304 756 2271 140 2271 140 2304"/></Shape>
	    <String CONTENT="Be han de registrar severamente"
                    HPOS="140.0"
                    VPOS="2271.0"
                    WIDTH="616.0"
                    HEIGHT="57.0"></String>
          </TextLine>

          
          
          <TextLine ID="eSc_line_5c4d544c"
                    TAGREFS="LT83"
                    BASELINE="142 2342 743 2348" 
                    HPOS="140.0"
                    VPOS="2306.0"
                    WIDTH="603.0"
                    HEIGHT="55.0">
            <Shape><Polygon POINTS="142 2342 140 2355 739 2361 743 2348 741 2313 142 2306 142 2342"/></Shape>
	    <String CONTENT="teniendo siempre la precaución"
                    HPOS="140.0"
                    VPOS="2306.0"
                    WIDTH="603.0"
                    HEIGHT="55.0"></String>
          </TextLine>

          
          
          <TextLine ID="eSc_line_d2b8e0b4"
                    TAGREFS="LT83"
                    BASELINE="142 2379 778 2385" 
                    HPOS="140.0"
                    VPOS="2344.0"
                    WIDTH="638.0"
                    HEIGHT="65.0">
            <Shape><Polygon POINTS="734 2348 712 2348 690 2348 668 2348 647 2348 625 2348 603 2348 581 2348 559 2348 541 2346 458 2346 449 2346 427 2346 405 2346 383 2346 361 2346 353 2344 142 2344 142 2379 140 2396 774 2409 778 2385 776 2348 734 2346 734 2348"/></Shape>
	    <String CONTENT="de no dejarles pasar contrabando"
                    HPOS="140.0"
                    VPOS="2344.0"
                    WIDTH="638.0"
                    HEIGHT="65.0"></String>
          </TextLine>

          
          
          <TextLine ID="eSc_line_537f05ea"
                    TAGREFS="LT83"
                    BASELINE="146 2420 726 2429" 
                    HPOS="144.0"
                    VPOS="2383.0"
                    WIDTH="582.0"
                    HEIGHT="66.0">
            <Shape><Polygon POINTS="146 2420 144 2436 721 2449 726 2429 723 2396 146 2383 146 2420"/></Shape>
	    <String CONTENT="ni nada que llame la atención."
                    HPOS="144.0"
                    VPOS="2383.0"
                    WIDTH="582.0"
                    HEIGHT="66.0"></String>
          </TextLine>

          
          
          <TextLine ID="eSc_line_83fe9c13"
                    TAGREFS="LT83"
                    BASELINE="146 2462 668 2466" 
                    HPOS="144.0"
                    VPOS="2423.0"
                    WIDTH="524.0"
                    HEIGHT="65.0">
            <Shape><Polygon POINTS="454 2427 451 2425 353 2425 344 2425 322 2425 300 2425 285 2423 250 2423 234 2423 212 2423 190 2423 168 2423 146 2423 146 2462 144 2475 664 2488 668 2466 666 2431 458 2427 454 2427"/></Shape>
	    <String CONTENT="Todo hombre que se resista"
                    HPOS="144.0"
                    VPOS="2423.0"
                    WIDTH="524.0"
                    HEIGHT="65.0"></String>
          </TextLine>

          
          
          <TextLine ID="eSc_line_22193ed4"
                    TAGREFS="LT83"
                    BASELINE="146 2506 598 2506" 
                    HPOS="146.0"
                    VPOS="2464.0"
                    WIDTH="452.0"
                    HEIGHT="101.0">
            <Shape><Polygon POINTS="146 2506 146 2565 212 2563 214 2563 217 2563 217 2561 234 2545 315 2558 366 2565 368 2565 370 2565 372 2565 372 2563 381 2554 407 2530 497 2543 500 2543 570 2530 592 2545 598 2506 598 2473 146 2464 146 2506"/></Shape>
	    <String CONTENT="y no las quiera respatar"
                    HPOS="146.0"
                    VPOS="2464.0"
                    WIDTH="452.0"
                    HEIGHT="101.0"></String>
          </TextLine>

          
        </TextBlock>
        
        <TextBlock HPOS="883.0"
                   VPOS="1582.0"
                   WIDTH="649.0"
                   HEIGHT="118.0"
                   ID="block_1"
                   TAGREFS="BT227">
          <Shape><Polygon POINTS="1532 1582 1532 1700 883 1700 883 1582"/></Shape>
          
          
          <TextLine ID="eSc_line_74f1f232"
                    TAGREFS="LT83"
                    BASELINE="899 1619 1399 1619" 
                    HPOS="899.0"
                    VPOS="1586.0"
                    WIDTH="500.0"
                    HEIGHT="54.0">
            <Shape><Polygon POINTS="1381 1588 1359 1586 1337 1586 1316 1586 1294 1586 1272 1586 1250 1586 1228 1586 1206 1586 1184 1586 1162 1586 1140 1586 1118 1586 1096 1586 1074 1586 1052 1586 1030 1586 1008 1586 987 1586 965 1586 943 1586 921 1586 899 1586 899 1619 899 1640 1399 1640 1399 1619 1394 1605 1381 1588"/></Shape>
	    <String CONTENT="le daremos unas lavativas"
                    HPOS="899.0"
                    VPOS="1586.0"
                    WIDTH="500.0"
                    HEIGHT="54.0"></String>
          </TextLine>

          
          
          <TextLine ID="eSc_line_1c528096"
                    TAGREFS="LT83"
                    BASELINE="897 1658 1502 1662" 
                    HPOS="894.0"
                    VPOS="1621.0"
                    WIDTH="608.0"
                    HEIGHT="96.0">
            <Shape><Polygon POINTS="1357 1621 1335 1621 1313 1621 1291 1621 1269 1621 1248 1621 1226 1621 1204 1621 1182 1621 1160 1621 1138 1621 1116 1621 1094 1621 1072 1621 1050 1621 1028 1621 1006 1621 984 1621 962 1621 940 1621 919 1621 897 1621 897 1658 894 1704 940 1706 943 1706 945 1706 947 1706 951 1702 976 1684 1002 1702 1024 1715 1026 1715 1028 1715 1219 1717 1221 1717 1223 1717 1274 1691 1291 1682 1500 1682 1502 1662 1500 1621 1379 1621 1357 1621"/></Shape>
	    <String CONTENT="de pimiento, ajo, vinagre y sal."
                    HPOS="894.0"
                    VPOS="1621.0"
                    WIDTH="608.0"
                    HEIGHT="96.0"></String>
          </TextLine>

          
        </TextBlock>
        
        <TextBlock HPOS="875.0"
                   VPOS="1744.0"
                   WIDTH="696.0"
                   HEIGHT="505.0"
                   ID="block_5"
                   TAGREFS="BT227">
          <Shape><Polygon POINTS="1562 1744 1571 2243 875 2249 881 1744"/></Shape>
          
          
          <TextLine ID="eSc_line_12aae2fd"
                    TAGREFS="LT83"
                    BASELINE="938 1770 1467 1770" 
                    HPOS="938.0"
                    VPOS="1721.0"
                    WIDTH="529.0"
                    HEIGHT="66.0">
            <Shape><Polygon POINTS="1377 1728 1355 1726 1346 1724 1267 1732 1197 1739 1166 1728 1151 1724 1149 1724 1147 1724 1144 1724 1136 1728 1114 1737 1063 1726 1061 1726 1059 1726 1000 1739 980 1721 978 1721 976 1721 938 1721 938 1770 938 1787 1467 1787 1467 1770 1467 1741 1390 1728 1377 1728"/></Shape>
	    <String CONTENT="De quince años en adelante"
                    HPOS="938.0"
                    VPOS="1721.0"
                    WIDTH="529.0"
                    HEIGHT="66.0"></String>
          </TextLine>

          
          
          <TextLine ID="eSc_line_40c204c4"
                    TAGREFS="LT83"
                    BASELINE="901 1809 1452 1814" 
                    HPOS="899.0"
                    VPOS="1774.0"
                    WIDTH="553.0"
                    HEIGHT="59.0">
            <Shape><Polygon POINTS="901 1809 899 1829 1447 1833 1452 1814 1449 1774 901 1774 901 1809"/></Shape>
	    <String CONTENT="que vayan á la sala electoral"
                    HPOS="899.0"
                    VPOS="1774.0"
                    WIDTH="553.0"
                    HEIGHT="59.0"></String>
          </TextLine>

          
          
          <TextLine ID="eSc_line_63caa7a2"
                    TAGREFS="LT83"
                    BASELINE="901 1851 1410 1851" 
                    HPOS="901.0"
                    VPOS="1820.0"
                    WIDTH="509.0"
                    HEIGHT="46.0">
            <Shape><Polygon POINTS="901 1851 901 1866 1410 1866 1410 1851 1410 1820 901 1820 901 1851"/></Shape>
	    <String CONTENT="para que emitan sus votos"
                    HPOS="901.0"
                    VPOS="1820.0"
                    WIDTH="509.0"
                    HEIGHT="46.0"></String>
          </TextLine>

          
          
          <TextLine ID="eSc_line_f8dbc821"
                    TAGREFS="LT83"
                    BASELINE="899 1886 1530 1892" 
                    HPOS="897.0"
                    VPOS="1851.0"
                    WIDTH="633.0"
                    HEIGHT="61.0">
            <Shape><Polygon POINTS="1517 1851 1403 1851 1403 1853 1381 1853 1359 1853 1337 1853 1316 1853 1294 1853 1272 1853 1250 1853 1228 1853 1206 1853 1184 1853 1162 1853 1140 1853 1118 1853 1096 1853 1074 1853 1052 1853 1030 1853 1008 1853 987 1853 965 1853 943 1853 921 1853 899 1851 899 1886 897 1901 1526 1912 1530 1892 1530 1866 1517 1851"/></Shape>
	    <String CONTENT="aunque muchas no sepan firmar."
                    HPOS="897.0"
                    VPOS="1851.0"
                    WIDTH="633.0"
                    HEIGHT="61.0"></String>
          </TextLine>

          
          
          <TextLine ID="eSc_line_6393e00e"
                    TAGREFS="LT83"
                    BASELINE="901 1930 1373 1932" 
                    HPOS="899.0"
                    VPOS="1890.0"
                    WIDTH="474.0"
                    HEIGHT="53.0">
            <Shape><Polygon POINTS="901 1930 899 1941 1368 1943 1373 1932 1370 1897 901 1890 901 1930"/></Shape>
	    <String CONTENT="Hace falta dejar anotado"
                    HPOS="899.0"
                    VPOS="1890.0"
                    WIDTH="474.0"
                    HEIGHT="53.0"></String>
          </TextLine>

          
          
          <TextLine ID="eSc_line_33deadd2"
                    TAGREFS="LT83"
                    BASELINE="899 1967 1443 1971" 
                    HPOS="897.0"
                    VPOS="1927.0"
                    WIDTH="546.0"
                    HEIGHT="66.0">
            <Shape><Polygon POINTS="1359 1932 1337 1932 1316 1932 1294 1932 1272 1932 1250 1932 1228 1932 1206 1932 1184 1932 1162 1932 1140 1932 1118 1932 1096 1932 1074 1932 1052 1932 1030 1932 1008 1932 987 1932 965 1932 943 1932 921 1932 899 1930 899 1967 897 1989 1438 1993 1443 1971 1441 1930 1359 1927 1359 1932"/></Shape>
	    <String CONTENT="las que más instruidas estén"
                    HPOS="897.0"
                    VPOS="1927.0"
                    WIDTH="546.0"
                    HEIGHT="66.0"></String>
          </TextLine>

          
          
          <TextLine ID="eSc_line_fb4c2ecd"
                    TAGREFS="LT83"
                    BASELINE="901 2006 1430 2013" 
                    HPOS="899.0"
                    VPOS="1971.0"
                    WIDTH="531.0"
                    HEIGHT="64.0">
            <Shape><Polygon POINTS="901 2006 899 2028 1425 2035 1430 2013 1427 1978 901 1971 901 2006"/></Shape>
	    <String CONTENT="para poder darles un cargo"
                    HPOS="899.0"
                    VPOS="1971.0"
                    WIDTH="531.0"
                    HEIGHT="64.0"></String>
          </TextLine>

          
          
          <TextLine ID="eSc_line_667a64b5"
                    TAGREFS="LT83"
                    BASELINE="899 2046 1394 2052" 
                    HPOS="897.0"
                    VPOS="2013.0"
                    WIDTH="497.0"
                    HEIGHT="52.0">
            <Shape><Polygon POINTS="899 2046 897 2059 1390 2065 1394 2052 1392 2019 899 2013 899 2046"/></Shape>
	    <String CONTENT="el día que tomen el poder."
                    HPOS="897.0"
                    VPOS="2013.0"
                    WIDTH="497.0"
                    HEIGHT="52.0"></String>
          </TextLine>

          
          
          <TextLine ID="eSc_line_d614d772"
                    TAGREFS="LT83"
                    BASELINE="901 2090 1473 2090" 
                    HPOS="901.0"
                    VPOS="2050.0"
                    WIDTH="572.0"
                    HEIGHT="64.0">
            <Shape><Polygon POINTS="901 2090 901 2109 1471 2114 1473 2090 1473 2059 901 2050 901 2090"/></Shape>
	    <String CONTENT="Las morenas, altas y garbosas"
                    HPOS="901.0"
                    VPOS="2050.0"
                    WIDTH="572.0"
                    HEIGHT="64.0"></String>
          </TextLine>

          
          
          <TextLine ID="eSc_line_9732fe65"
                    TAGREFS="LT83"
                    BASELINE="901 2131 1449 2136" 
                    HPOS="899.0"
                    VPOS="2092.0"
                    WIDTH="550.0"
                    HEIGHT="63.0">
            <Shape><Polygon POINTS="901 2131 899 2151 1445 2155 1449 2136 1447 2098 901 2092 901 2131"/></Shape>
	    <String CONTENT="y las rubias de bonito andar"
                    HPOS="899.0"
                    VPOS="2092.0"
                    WIDTH="550.0"
                    HEIGHT="63.0"></String>
          </TextLine>

          
          
          <TextLine ID="eSc_line_cb40e455"
                    TAGREFS="LT83"
                    BASELINE="901 2166 1316 2171" 
                    HPOS="899.0"
                    VPOS="2136.0"
                    WIDTH="417.0"
                    HEIGHT="48.0">
            <Shape><Polygon POINTS="901 2166 899 2184 1313 2184 1316 2171 1313 2140 901 2136 901 2166"/></Shape>
	    <String CONTENT="todas serán admitidas"
                    HPOS="899.0"
                    VPOS="2136.0"
                    WIDTH="417.0"
                    HEIGHT="48.0"></String>
          </TextLine>

          
          
          <TextLine ID="eSc_line_c4b5be9b"
                    TAGREFS="LT83"
                    BASELINE="901 2210 1544 2214" 
                    HPOS="899.0"
                    VPOS="2157.0"
                    WIDTH="645.0"
                    HEIGHT="90.0">
            <Shape><Polygon POINTS="1537 2179 1535 2177 1500 2157 1498 2157 1495 2157 1333 2160 1331 2160 1289 2175 1278 2179 901 2168 901 2210 899 2228 1065 2230 1065 2232 1083 2245 1083 2247 1085 2247 1087 2247 1090 2247 1541 2239 1544 2214 1544 2199 1537 2179"/></Shape>
	    <String CONTENT="las chatas y feas no pueden votar."
                    HPOS="899.0"
                    VPOS="2157.0"
                    WIDTH="645.0"
                    HEIGHT="90.0"></String>
          </TextLine>

          
        </TextBlock>
        
        <TextBlock HPOS="875.0"
                   VPOS="2272.0"
                   WIDTH="705.0"
                   HEIGHT="264.0"
                   ID="block_3"
                   TAGREFS="BT227">
          <Shape><Polygon POINTS="1580 2272 1580 2536 875 2536 875 2272"/></Shape>
          
          
          <TextLine ID="eSc_line_fe1f7952"
                    TAGREFS="LT83"
                    BASELINE="936 2309 1458 2313" 
                    HPOS="934.0"
                    VPOS="2252.0"
                    WIDTH="524.0"
                    HEIGHT="79.0">
            <Shape><Polygon POINTS="1441 2278 1419 2276 1397 2276 1375 2274 1353 2271 1331 2269 1199 2269 1136 2258 1105 2254 1103 2254 1101 2254 1098 2254 1094 2258 1081 2267 1068 2256 1063 2252 1061 2252 1059 2252 1057 2252 936 2252 936 2309 934 2324 1454 2331 1458 2313 1454 2278 1441 2278"/></Shape>
	    <String CONTENT="Al saber la noticia Sagasta"
                    HPOS="934.0"
                    VPOS="2252.0"
                    WIDTH="524.0"
                    HEIGHT="79.0"></String>
          </TextLine>

          
          
          <TextLine ID="eSc_line_5c7fe718"
                    TAGREFS="LT83"
                    BASELINE="897 2348 1541 2352" 
                    HPOS="894.0"
                    VPOS="2304.0"
                    WIDTH="647.0"
                    HEIGHT="84.0">
            <Shape><Polygon POINTS="1445 2313 1423 2313 1401 2313 1386 2313 1232 2317 1063 2311 1050 2311 1028 2311 1006 2311 984 2311 962 2311 940 2311 938 2304 897 2304 897 2348 894 2361 1017 2377 1019 2377 1127 2368 1158 2381 1160 2381 1162 2381 1164 2381 1219 2368 1344 2368 1408 2385 1410 2385 1412 2388 1489 2388 1489 2385 1491 2385 1539 2366 1541 2352 1539 2309 1445 2311 1445 2313"/></Shape>
	    <String CONTENT="de que las mujeres iban á mandar"
                    HPOS="894.0"
                    VPOS="2304.0"
                    WIDTH="647.0"
                    HEIGHT="84.0"></String>
          </TextLine>

          
          
          <TextLine ID="eSc_line_fb01ac70"
                    TAGREFS="LT83"
                    BASELINE="897 2392 1355 2392" 
                    HPOS="897.0"
                    VPOS="2350.0"
                    WIDTH="458.0"
                    HEIGHT="64.0">
            <Shape><Polygon POINTS="897 2392 897 2414 1355 2414 1355 2392 1355 2359 897 2350 897 2392"/></Shape>
	    <String CONTENT="le dijo á León y Castillo"
                    HPOS="897.0"
                    VPOS="2350.0"
                    WIDTH="458.0"
                    HEIGHT="64.0"></String>
          </TextLine>

          
          
          <TextLine ID="eSc_line_2666d2af"
                    TAGREFS="LT83"
                    BASELINE="899 2431 1563 2436" 
                    HPOS="897.0"
                    VPOS="2394.0"
                    WIDTH="666.0"
                    HEIGHT="64.0">
            <Shape><Polygon POINTS="899 2431 897 2453 1559 2458 1563 2436 1561 2398 899 2394 899 2431"/></Shape>
	    <String CONTENT="ya no hay posiciones ni vale votar."
                    HPOS="897.0"
                    VPOS="2394.0"
                    WIDTH="666.0"
                    HEIGHT="64.0"></String>
          </TextLine>

          
          
          <TextLine ID="eSc_line_19d70b02"
                    TAGREFS="LT83"
                    BASELINE="899 2469 1506 2475" 
                    HPOS="897.0"
                    VPOS="2436.0"
                    WIDTH="609.0"
                    HEIGHT="63.0">
            <Shape><Polygon POINTS="899 2469 897 2484 1502 2499 1506 2475 1504 2438 899 2436 899 2469"/></Shape>
	    <String CONTENT="Muy contentos estos presidentes"
                    HPOS="897.0"
                    VPOS="2436.0"
                    WIDTH="609.0"
                    HEIGHT="63.0"></String>
          </TextLine>

          
          
          <TextLine ID="eSc_line_0d934fa9"
                    TAGREFS="LT83"
                    BASELINE="899 2510 1458 2517" 
                    HPOS="899.0"
                    VPOS="2475.0"
                    WIDTH="559.0"
                    HEIGHT="81.0">
            <Shape><Polygon POINTS="1447 2475 1425 2475 1403 2475 1381 2475 1359 2475 1337 2475 1316 2475 899 2475 899 2510 899 2552 945 2541 958 2552 960 2554 962 2554 965 2554 967 2556 1087 2556 1087 2554 1090 2554 1092 2554 1092 2552 1096 2550 1105 2541 1153 2541 1177 2547 1199 2554 1201 2554 1204 2554 1206 2554 1208 2554 1219 2547 1228 2541 1232 2545 1243 2554 1243 2556 1245 2556 1248 2556 1250 2556 1252 2556 1285 2545 1287 2545 1289 2545 1340 2556 1342 2556 1344 2556 1346 2556 1346 2554 1357 2543 1359 2543 1394 2554 1397 2554 1399 2554 1456 2541 1458 2517 1456 2475 1447 2475"/></Shape>
	    <String CONTENT="el proyecto acordaron los dos"
                    HPOS="899.0"
                    VPOS="2475.0"
                    WIDTH="559.0"
                    HEIGHT="81.0"></String>
          </TextLine>

          
        </TextBlock>
        
        <TextBlock HPOS="985.0"
                   VPOS="425.0"
                   WIDTH="573.0"
                   HEIGHT="887.0"
                   ID="eSc_textblock_ba3cf2f1"
                   TAGREFS="BT224">
          <Shape><Polygon POINTS="991 425 985 1312 1558 1312 1558 425"/></Shape>
          
        </TextBlock>
        
        <TextBlock HPOS="125.0"
                   VPOS="2111.0"
                   WIDTH="723.0"
                   HEIGHT="420.0"
                   ID="block_2"
                   TAGREFS="BT227">
          <Shape><Polygon POINTS="848 2111 848 2531 125 2531 125 2111"/></Shape>
          
        </TextBlock>
        
        <TextBlock HPOS="204.0"
                   VPOS="427.0"
                   WIDTH="776.0"
                   HEIGHT="787.0"
                   ID="block_7"
                   TAGREFS="BT224">
          <Shape><Polygon POINTS="980 430 968 1214 204 1214 204 427"/></Shape>
          
        </TextBlock>
        

        
      </PrintSpace>
    </Page>
  </Layout>
</alto>
