1860 2629
820 175 206 90 — 4 —

221.0 297.0 415.0 53.0 así mientras tenga vida

221.0 337.0 362.0 85.0 te amaré con frenesí.

267.0 394.0 384.0 81.0 El primer día que ví

221.0 455.0 443.0 66.0 tus gracias y tu belleza,

221.0 508.0 412.0 57.0 quedé prendado de tí,

225.0 554.0 450.0 52.0 y así no hallará flaqueza

217.0 598.0 390.0 61.0 jamás el olvido en mí.

263.0 659.0 333.0 70.0 El abrasado ardor

219.0 705.0 436.0 74.0 que los días de mi vida

219.0 764.0 368.0 59.0 acorta con su dolor

217.0 810.0 517.0 61.0 dice que no en mí el rencor

214.0 854.0 422.0 66.0 tendrá la menor cabida.

258.0 898.0 503.0 107.0 De amarte, prenda querida

212.0 972.0 487.0 66.0 hago diez mil juramentos,

212.0 1020.0 476.0 62.0 estará mi alma á tí unida

214.0 1069.0 494.0 59.0 sin separarse un momento

212.0 1112.0 426.0 73.0 así mientras tenga vida.

254.0 1163.0 425.0 81.0 Gozo, placer y alegría

212.0 1231.0 450.0 61.0 disfrutaré siempre en tí:

212.0 1279.0 421.0 57.0 así pues, ámame á mí,

212.0 1325.0 527.0 63.0 que hasta mis postreros días

210.0 1360.0 358.0 68.0 te amaré con frenesí.

258.0 1415.0 483.0 96.0 Tú eres mi dicha y mi cielo,

210.0 1491.0 463.0 60.0 mi esperanza y mi ilusión;

208.0 1533.0 489.0 68.0 llamarme tu amante anhelo,

206.0 1575.0 386.0 74.0 prenda de mi corazón.

252.0 1629.0 434.0 95.0 Tu aliento me da vida,

203.0 1695.0 507.0 77.0 que es lo que más prefiero,

208.0 1750.0 474.0 64.0 y si no me lo das muero,

208.0 1792.0 454.0 65.0 ya sabes prenda querida,

203.0 1840.0 474.0 68.0 tú eres mi dicha y mi cielo.

245.0 1892.0 395.0 86.0 En mi desesperación

201.0 1965.0 494.0 59.0 solo á tu nombre prefiero,

206.0 2008.0 357.0 57.0 tu sencillo corazón

201.0 2048.0 443.0 74.0 dame, pues, ese lucero,

967.0 306.0 467.0 55.0 mi esperanza y mi ilusión.

1013.0 363.0 482.0 77.0 Tus amores solo han sido

965.0 418.0 432.0 63.0 la causa de mi desvelo,

965.0 464.0 487.0 63.0 lo único que he apetecido

965.0 512.0 504.0 68.0 es que tú hubieras querido

962.0 560.0 490.0 70.0 llamarme tu amante anhelo.

1006.0 624.0 472.0 81.0 Aunque mil años viviera,

962.0 683.0 500.0 61.0 sería siempre mi intención

962.0 729.0 386.0 64.0 adorarte con pasión,

962.0 768.0 494.0 73.0 pues mudable yo no fuera,

960.0 819.0 388.0 70.0 prenda de mi corazón.

997.0 869.0 389.0 88.0 Adiós, niña celestial,

958.0 931.0 415.0 72.0 no olvides á tu amador,

958.0 983.0 443.0 59.0 que nadie cual yo la tiene

956.0 1025.0 419.0 74.0 hermosa con tal primor.

1004.0 1084.0 476.0 105.0 Yo te adoro, prenda mía,

951.0 1150.0 393.0 61.0 con cariño sin igual,

951.0 1198.0 459.0 57.0 eres mi bien, mi alegría

954.0 1242.0 471.0 70.0 y me despido, alma mía,

956.0 1294.0 357.0 64.0 adiós, niña celestial.

995.0 1338.0 476.0 101.0 Eres, mi niña, un tesoro,

951.0 1404.0 457.0 72.0 ángel bello, encantador,

951.0 1452.0 490.0 68.0 que al no verte solo lloro;

954.0 1500.0 583.0 90.0 ya que soy quien más te adoro;

949.0 1546.0 417.0 77.0 no olvides a tu amador.

993.0 1599.0 448.0 81.0 Adiós, hermosa deidad,

947.0 1667.0 373.0 63.0 encantadora sirena,

947.0 1711.0 551.0 85.0 ten pues, de mi amor piedad,

945.0 1759.0 397.0 63.0 es pura mi voluntad,

945.0 1798.0 458.0 68.0 que nadie cual yo la tiene.

989.0 1853.0 498.0 96.0 Adiós, mi dulce embeleso,

945.0 1923.0 373.0 59.0 adiós purísima flor,

945.0 1967.0 548.0 70.0 que me tienes de amor preso;

947.0 2019.0 452.0 55.0 nadie tiene, lo confieso;

938.0 2063.0 426.0 77.0 hermosa con tal primor.

1204.0 2122.0 311.0 108.0 (Es PROPIEDAD).

162.0 2236.0 1421.0 79.0 Se hallará de venta en casa los sucesores de A. Bosch, calle Bou de la Plaza Nueva, 13

386.0 2313.0 1000.0 114.0 Tipografía Española, calle del Hospital, núm., 87 —BARCELONA.
