<?xml version="1.0" encoding="UTF-8"?>
<alto xmlns:xsi="http://www.w3.org/2001/XMLSchema-instance"
      xmlns="http://www.loc.gov/standards/alto/ns-v4#"
      xsi:schemaLocation="http://www.loc.gov/standards/alto/ns-v4# http://www.loc.gov/standards/alto/v4/alto-4-2.xsd">
  <Description>
    <MeasurementUnit>pixel</MeasurementUnit>
    <sourceImageInformation>
      <fileName>Varios_121_2.jpg</fileName>
      
    </sourceImageInformation>
  </Description>
  
  <Tags>
    <OtherTag ID="BT221" LABEL="RunningTitleZone" DESCRIPTION="block type RunningTitleZone"/><OtherTag ID="BT226" LABEL="MainZone" DESCRIPTION="block type MainZone"/><OtherTag ID="BT225" LABEL="GraphicZone:ornamentation" DESCRIPTION="block type GraphicZone:ornamentation"/><OtherTag ID="BT230" LABEL="MusicZone" DESCRIPTION="block type MusicZone"/><OtherTag ID="BT233" LABEL="QuireMarksZone:signature" DESCRIPTION="block type QuireMarksZone:signature"/><OtherTag ID="BT232" LABEL="QuireMarksZone:catchwords" DESCRIPTION="block type QuireMarksZone:catchwords"/><OtherTag ID="BT224" LABEL="GraphicZone:illustration" DESCRIPTION="block type GraphicZone:illustration"/><OtherTag ID="BT231" LABEL="NumberingZone:page" DESCRIPTION="block type NumberingZone:page"/><OtherTag ID="BT228" LABEL="MarginTextZone:colophon" DESCRIPTION="block type MarginTextZone:colophon"/><OtherTag ID="BT229" LABEL="MarginTextZone:note" DESCRIPTION="block type MarginTextZone:note"/><OtherTag ID="BT95" LABEL="CustomZone:impresorNum" DESCRIPTION="block type CustomZone:impresorNum"/><OtherTag ID="BT222" LABEL="CustomZone:numero_pliego" DESCRIPTION="block type CustomZone:numero_pliego"/><OtherTag ID="BT227" LABEL="MainZone:columns" DESCRIPTION="block type MainZone:columns"/><OtherTag ID="BT223" LABEL="CustomZone:title" DESCRIPTION="block type CustomZone:title"/>
    <OtherTag ID="LT82" LABEL="CustomLine:trailer" DESCRIPTION="line type CustomLine:trailer"/><OtherTag ID="LT81" LABEL="CustomLine:propriedad" DESCRIPTION="line type CustomLine:propriedad"/><OtherTag ID="LT83" LABEL="DefaultLine" DESCRIPTION="line type DefaultLine"/><OtherTag ID="LT84" LABEL="HeadingLine" DESCRIPTION="line type HeadingLine"/>
  </Tags>
  
  <Layout>
    <Page WIDTH="1753"
          HEIGHT="2480"
          PHYSICAL_IMG_NR="689"
          ID="eSc_dummypage_">
      <PrintSpace HPOS="0"
                  VPOS="0"
                  WIDTH="1753"
                  HEIGHT="2480">
        
        <TextBlock HPOS="33"
                   VPOS="181"
                   WIDTH="618"
                   HEIGHT="1751"
                   ID="eSc_textblock_1ad7bda3"
                   TAGREFS="BT227">
          <Shape><Polygon POINTS="568 328 543 330 535 394 576 421 535 570 568 735 568 1105 634 1124 651 1246 551 1405 551 1494 593 1570 593 1866 527 1932 33 1915 66 181 543 198 518 229"/></Shape>
          
          
          <TextLine ID="eSc_line_49b678e8"
                    TAGREFS="LT83"
                    BASELINE="82 212 421 219" 
                    HPOS="78"
                    VPOS="119"
                    WIDTH="343"
                    HEIGHT="124">
            <Shape><Polygon POINTS="82 212 80 146 121 144 138 128 138 126 138 126 140 126 140 126 140 126 142 126 142 126 144 126 144 126 144 126 146 126 146 126 165 134 177 121 177 119 177 119 179 119 179 119 179 119 181 119 181 119 183 119 235 121 235 121 235 121 237 121 237 121 239 121 239 121 260 138 272 128 272 126 272 126 274 126 274 126 274 126 277 126 277 126 277 126 279 126 279 126 281 126 281 126 281 126 283 126 283 126 295 136 312 124 314 124 314 124 314 124 316 124 316 124 318 124 318 124 318 124 320 124 320 124 322 124 322 124 322 126 343 144 349 148 419 144 421 219 419 231 312 243 312 243 310 243 310 243 308 243 308 243 308 243 305 243 305 243 289 231 208 241 208 241 206 241 206 241 78 225"/></Shape>
	    <String CONTENT="una vieja y agarré"
                    HPOS="78"
                    VPOS="119"
                    WIDTH="343"
                    HEIGHT="124"></String>
          </TextLine>

          
          
          <TextLine ID="eSc_line_958440c8"
                    TAGREFS="LT83"
                    BASELINE="82 256 506 266" 
                    HPOS="78"
                    VPOS="208"
                    WIDTH="428"
                    HEIGHT="71">
            <Shape><Polygon POINTS="82 256 84 208 121 221 161 212 161 212 161 212 163 212 163 212 274 225 287 214 287 214 289 214 289 214 289 214 291 214 291 214 291 214 293 214 293 214 295 214 341 227 504 219 506 266 502 279 78 268"/></Shape>
	    <String CONTENT="la bazinilla y se plania:"
                    HPOS="78"
                    VPOS="208"
                    WIDTH="428"
                    HEIGHT="71"></String>
          </TextLine>

          
          
          <TextLine ID="eSc_line_18e06394"
                    TAGREFS="LT83"
                    BASELINE="78 301 508 310" 
                    HPOS="74"
                    VPOS="264"
                    WIDTH="434"
                    HEIGHT="68">
            <Shape><Polygon POINTS="78 301 78 264 508 264 508 310 506 332 188 332 186 330 186 330 183 330 183 330 183 330 181 330 181 330 181 328 171 320 171 318 74 316"/></Shape>
	    <String CONTENT="que truenos! que lluvia!"
                    HPOS="74"
                    VPOS="264"
                    WIDTH="434"
                    HEIGHT="68"></String>
          </TextLine>

          
          
          <TextLine ID="eSc_line_dab48e7d"
                    TAGREFS="LT83"
                    BASELINE="74 347 506 353" 
                    HPOS="72"
                    VPOS="312"
                    WIDTH="434"
                    HEIGHT="60">
            <Shape><Polygon POINTS="74 347 74 312 504 318 506 353 504 372 72 372"/></Shape>
	    <String CONTENT="que juracan! que desata!"
                    HPOS="72"
                    VPOS="312"
                    WIDTH="434"
                    HEIGHT="60"></String>
          </TextLine>

          
          
          <TextLine ID="eSc_line_bc6fdb3a"
                    TAGREFS="LT83"
                    BASELINE="76 390 444 396" 
                    HPOS="72"
                    VPOS="369"
                    WIDTH="372"
                    HEIGHT="52">
            <Shape><Polygon POINTS="76 390 74 374 440 369 444 396 440 421 72 409"/></Shape>
	    <String CONTENT="pero yo a too callao"
                    HPOS="72"
                    VPOS="369"
                    WIDTH="372"
                    HEIGHT="52"></String>
          </TextLine>

          
          
          <TextLine ID="eSc_line_f2e07ae5"
                    TAGREFS="LT83"
                    BASELINE="76 431 560 442" 
                    HPOS="72"
                    VPOS="394"
                    WIDTH="488"
                    HEIGHT="73">
            <Shape><Polygon POINTS="76 431 76 394 558 413 560 442 556 467 72 450"/></Shape>
	    <String CONTENT="porque en mi no reparara."
                    HPOS="72"
                    VPOS="394"
                    WIDTH="488"
                    HEIGHT="73"></String>
          </TextLine>

          
          
          <TextLine ID="eSc_line_16bfb144"
                    TAGREFS="LT83"
                    BASELINE="66 475 401 479" 
                    HPOS="62"
                    VPOS="438"
                    WIDTH="339"
                    HEIGHT="62">
            <Shape><Polygon POINTS="66 475 64 440 398 438 401 479 396 500 62 487"/></Shape>
	    <String CONTENT="Mas apenas acabó"
                    HPOS="62"
                    VPOS="438"
                    WIDTH="339"
                    HEIGHT="62"></String>
          </TextLine>

          
          
          <TextLine ID="eSc_line_dd86aeaf"
                    TAGREFS="LT83"
                    BASELINE="64 520 487 527" 
                    HPOS="59"
                    VPOS="481"
                    WIDTH="428"
                    HEIGHT="66">
            <Shape><Polygon POINTS="64 520 62 483 483 481 487 527 483 547 59 535"/></Shape>
	    <String CONTENT="fue erecha á la ventana"
                    HPOS="59"
                    VPOS="481"
                    WIDTH="428"
                    HEIGHT="66"></String>
          </TextLine>

          
          
          <TextLine ID="eSc_line_d3eb1e0a"
                    TAGREFS="LT83"
                    BASELINE="66 568 479 574" 
                    HPOS="62"
                    VPOS="527"
                    WIDTH="417"
                    HEIGHT="62">
            <Shape><Polygon POINTS="66 568 66 527 477 539 479 574 475 589 62 586"/></Shape>
	    <String CONTENT="y pensando que era yo"
                    HPOS="62"
                    VPOS="527"
                    WIDTH="417"
                    HEIGHT="62"></String>
          </TextLine>

          
          
          <TextLine ID="eSc_line_39f87350"
                    TAGREFS="LT83"
                    BASELINE="59 611 456 615" 
                    HPOS="55"
                    VPOS="572"
                    WIDTH="401"
                    HEIGHT="64">
            <Shape><Polygon POINTS="59 611 57 576 384 572 386 572 386 572 456 584 456 615 452 636 55 624"/></Shape>
	    <String CONTENT="algun berijon de lana"
                    HPOS="55"
                    VPOS="572"
                    WIDTH="401"
                    HEIGHT="64"></String>
          </TextLine>

          
          
          <TextLine ID="eSc_line_caf5e037"
                    TAGREFS="LT83"
                    BASELINE="62 655 496 661" 
                    HPOS="57"
                    VPOS="620"
                    WIDTH="439"
                    HEIGHT="59">
            <Shape><Polygon POINTS="62 655 59 622 491 620 496 661 491 679 57 663"/></Shape>
	    <String CONTENT="se me regolvió de popa"
                    HPOS="57"
                    VPOS="620"
                    WIDTH="439"
                    HEIGHT="59"></String>
          </TextLine>

          
          
          <TextLine ID="eSc_line_02c1b62a"
                    TAGREFS="LT83"
                    BASELINE="59 700 502 706" 
                    HPOS="55"
                    VPOS="661"
                    WIDTH="447"
                    HEIGHT="64">
            <Shape><Polygon POINTS="59 700 57 667 353 661 355 661 355 661 357 661 357 661 357 661 359 661 359 661 370 671 372 673 502 673 502 706 498 725 55 713"/></Shape>
	    <String CONTENT="con las naguas levantaas"
                    HPOS="55"
                    VPOS="661"
                    WIDTH="447"
                    HEIGHT="64"></String>
          </TextLine>

          
          
          <TextLine ID="eSc_line_eaef2bc6"
                    TAGREFS="LT83"
                    BASELINE="62 750 529 750" 
                    HPOS="59"
                    VPOS="704"
                    WIDTH="470"
                    HEIGHT="66">
            <Shape><Polygon POINTS="62 750 62 704 529 713 529 750 527 770 59 766"/></Shape>
	    <String CONTENT="y en medio de los josicos"
                    HPOS="59"
                    VPOS="704"
                    WIDTH="470"
                    HEIGHT="66"></String>
          </TextLine>

          
          
          <TextLine ID="eSc_line_4798e8dc"
                    TAGREFS="LT83"
                    BASELINE="59 787 487 797" 
                    HPOS="55"
                    VPOS="750"
                    WIDTH="432"
                    HEIGHT="62">
            <Shape><Polygon POINTS="59 787 59 750 485 760 487 797 483 812 55 799"/></Shape>
	    <String CONTENT="me plantificó las nalgás"
                    HPOS="55"
                    VPOS="750"
                    WIDTH="432"
                    HEIGHT="62"></String>
          </TextLine>

          
          
          <TextLine ID="eSc_line_6f596c79"
                    TAGREFS="LT83"
                    BASELINE="57 832 529 841" 
                    HPOS="53"
                    VPOS="791"
                    WIDTH="478"
                    HEIGHT="62">
            <Shape><Polygon POINTS="57 832 55 799 281 791 283 791 283 791 411 806 423 806 432 806 498 795 498 795 500 795 500 795 500 795 502 795 502 795 531 808 529 841 525 853 53 845"/></Shape>
	    <String CONTENT="en fin se limpió y no mas"
                    HPOS="53"
                    VPOS="791"
                    WIDTH="478"
                    HEIGHT="62"></String>
          </TextLine>

          
          
          <TextLine ID="eSc_line_33641f8e"
                    TAGREFS="LT83"
                    BASELINE="62 876 394 880" 
                    HPOS="59"
                    VPOS="841"
                    WIDTH="337"
                    HEIGHT="64">
            <Shape><Polygon POINTS="62 876 62 841 392 845 394 880 396 892 380 905 380 905 378 905 378 905 378 905 376 905 376 905 374 905 374 905 264 896 219 892 59 901"/></Shape>
	    <String CONTENT="y decia la malvaa"
                    HPOS="59"
                    VPOS="841"
                    WIDTH="337"
                    HEIGHT="64"></String>
          </TextLine>

          
          
          <TextLine ID="eSc_line_ee443890"
                    TAGREFS="LT83"
                    BASELINE="57 921 473 925" 
                    HPOS="53"
                    VPOS="888"
                    WIDTH="420"
                    HEIGHT="48">
            <Shape><Polygon POINTS="57 921 57 888 471 888 473 925 469 936 53 932"/></Shape>
	    <String CONTENT="esta lana á estao al sol"
                    HPOS="53"
                    VPOS="888"
                    WIDTH="420"
                    HEIGHT="48"></String>
          </TextLine>

          
          
          <TextLine ID="eSc_line_fe9a3b51"
                    TAGREFS="LT83"
                    BASELINE="53 965 529 973" 
                    HPOS="49"
                    VPOS="927"
                    WIDTH="480"
                    HEIGHT="60">
            <Shape><Polygon POINTS="53 965 53 927 527 930 529 973 525 987 49 981"/></Shape>
	    <String CONTENT="que está caljente, su alma"
                    HPOS="49"
                    VPOS="927"
                    WIDTH="480"
                    HEIGHT="60"></String>
          </TextLine>

          
          
          <TextLine ID="eSc_line_d8f4b471"
                    TAGREFS="LT83"
                    BASELINE="51 1008 514 1014" 
                    HPOS="47"
                    VPOS="973"
                    WIDTH="467"
                    HEIGHT="54">
            <Shape><Polygon POINTS="51 1008 51 973 512 979 514 1014 510 1027 47 1023"/></Shape>
	    <String CONTENT="sa caliente en los intiernos"
                    HPOS="47"
                    VPOS="973"
                    WIDTH="467"
                    HEIGHT="54"></String>
          </TextLine>

          
          
          <TextLine ID="eSc_line_54259c00"
                    TAGREFS="LT83"
                    BASELINE="53 1054 508 1058" 
                    HPOS="49"
                    VPOS="1014"
                    WIDTH="459"
                    HEIGHT="58">
            <Shape><Polygon POINTS="53 1054 53 1014 506 1023 508 1058 504 1072 49 1070"/></Shape>
	    <String CONTENT="pues me llenó de surrapa"
                    HPOS="49"
                    VPOS="1014"
                    WIDTH="459"
                    HEIGHT="58"></String>
          </TextLine>

          
          
          <TextLine ID="eSc_line_978dcead"
                    TAGREFS="LT83"
                    BASELINE="51 1095 432 1101" 
                    HPOS="49"
                    VPOS="1058"
                    WIDTH="383"
                    HEIGHT="60">
            <Shape><Polygon POINTS="51 1095 51 1058 429 1064 432 1101 429 1118 49 1118"/></Shape>
	    <String CONTENT="ojos, narizes y boca:"
                    HPOS="49"
                    VPOS="1058"
                    WIDTH="383"
                    HEIGHT="60"></String>
          </TextLine>

          
          
          <TextLine ID="eSc_line_dd2c7cf5"
                    TAGREFS="LT83"
                    BASELINE="51 1142 626 1151" 
                    HPOS="47"
                    VPOS="1099"
                    WIDTH="579"
                    HEIGHT="66">
            <Shape><Polygon POINTS="51 1142 51 1107 297 1109 299 1109 334 1099 336 1099 336 1099 336 1099 339 1099 339 1099 341 1099 341 1099 374 1111 378 1111 386 1111 477 1101 477 1101 479 1101 624 1116 626 1151 622 1165 47 1161"/></Shape>
	    <String CONTENT="cuando no eché yo allí el alma,"
                    HPOS="47"
                    VPOS="1099"
                    WIDTH="579"
                    HEIGHT="66"></String>
          </TextLine>

          
          
          <TextLine ID="eSc_line_712a2cc1"
                    TAGREFS="LT83"
                    BASELINE="51 1188 489 1192" 
                    HPOS="43"
                    VPOS="1147"
                    WIDTH="446"
                    HEIGHT="64">
            <Shape><Polygon POINTS="51 1188 49 1151 485 1147 489 1192 487 1209 70 1211 68 1211 68 1211 66 1211 66 1211 66 1211 64 1211 43 1198"/></Shape>
	    <String CONTENT="tripas, cuajar y asauras"
                    HPOS="43"
                    VPOS="1147"
                    WIDTH="446"
                    HEIGHT="64"></String>
          </TextLine>

          
          
          <TextLine ID="eSc_line_a3a8c708"
                    TAGREFS="LT83"
                    BASELINE="55 1231 632 1240" 
                    HPOS="51"
                    VPOS="1196"
                    WIDTH="581"
                    HEIGHT="60">
            <Shape><Polygon POINTS="55 1231 55 1196 632 1196 632 1240 628 1256 51 1252"/></Shape>
	    <String CONTENT="pienso que nunca he de echarla,"
                    HPOS="51"
                    VPOS="1196"
                    WIDTH="581"
                    HEIGHT="60"></String>
          </TextLine>

          
          
          <TextLine ID="eSc_line_b1bdf980"
                    TAGREFS="LT83"
                    BASELINE="57 1279 531 1283" 
                    HPOS="55"
                    VPOS="1242"
                    WIDTH="476"
                    HEIGHT="57">
            <Shape><Polygon POINTS="57 1279 57 1242 531 1242 531 1283 529 1293 55 1299"/></Shape>
	    <String CONTENT="y llamando á un hijo suyo"
                    HPOS="55"
                    VPOS="1242"
                    WIDTH="476"
                    HEIGHT="57"></String>
          </TextLine>

          
          
          <TextLine ID="eSc_line_42873d9d"
                    TAGREFS="LT83"
                    BASELINE="51 1322 463 1328" 
                    HPOS="47"
                    VPOS="1283"
                    WIDTH="416"
                    HEIGHT="62">
            <Shape><Polygon POINTS="51 1322 51 1283 463 1283 463 1328 458 1345 47 1335"/></Shape>
	    <String CONTENT="vino dando voces altas;"
                    HPOS="47"
                    VPOS="1283"
                    WIDTH="416"
                    HEIGHT="62"></String>
          </TextLine>

          
          
          <TextLine ID="eSc_line_5e3c8543"
                    TAGREFS="LT83"
                    BASELINE="53 1370 438 1370" 
                    HPOS="53"
                    VPOS="1330"
                    WIDTH="385"
                    HEIGHT="62">
            <Shape><Polygon POINTS="53 1370 53 1330 438 1330 438 1370 438 1392 53 1392"/></Shape>
	    <String CONTENT="yo ije (para mi sallo)"
                    HPOS="53"
                    VPOS="1330"
                    WIDTH="385"
                    HEIGHT="62"></String>
          </TextLine>

          
          
          <TextLine ID="eSc_line_bc3e9f0e"
                    TAGREFS="LT83"
                    BASELINE="51 1411 458 1417" 
                    HPOS="49"
                    VPOS="1372"
                    WIDTH="409"
                    HEIGHT="64">
            <Shape><Polygon POINTS="51 1411 49 1376 456 1372 458 1417 454 1436 186 1423 49 1430"/></Shape>
	    <String CONTENT="ya esta corona la anza;"
                    HPOS="49"
                    VPOS="1372"
                    WIDTH="409"
                    HEIGHT="64"></String>
          </TextLine>

          
          
          <TextLine ID="eSc_line_d7c33677"
                    TAGREFS="LT83"
                    BASELINE="47 1452 467 1461" 
                    HPOS="43"
                    VPOS="1417"
                    WIDTH="424"
                    HEIGHT="60">
            <Shape><Polygon POINTS="47 1452 45 1419 463 1417 467 1461 463 1477 43 1465"/></Shape>
	    <String CONTENT="empeze á rezar el creo,"
                    HPOS="43"
                    VPOS="1417"
                    WIDTH="424"
                    HEIGHT="60"></String>
          </TextLine>

          
          
          <TextLine ID="eSc_line_b3844e16"
                    TAGREFS="LT83"
                    BASELINE="47 1498 471 1504" 
                    HPOS="45"
                    VPOS="1461"
                    WIDTH="426"
                    HEIGHT="53">
            <Shape><Polygon POINTS="47 1498 47 1461 469 1463 471 1504 469 1514 45 1514"/></Shape>
	    <String CONTENT="no queo Santo ni Santa"
                    HPOS="45"
                    VPOS="1461"
                    WIDTH="426"
                    HEIGHT="53"></String>
          </TextLine>

          
          
          <TextLine ID="eSc_line_898caf14"
                    TAGREFS="LT83"
                    BASELINE="45 1541 448 1545" 
                    HPOS="41"
                    VPOS="1506"
                    WIDTH="407"
                    HEIGHT="50">
            <Shape><Polygon POINTS="45 1541 45 1506 446 1510 448 1545 444 1556 41 1554"/></Shape>
	    <String CONTENT="en toito el Calandario"
                    HPOS="41"
                    VPOS="1506"
                    WIDTH="407"
                    HEIGHT="50"></String>
          </TextLine>

          
          
          <TextLine ID="eSc_line_94c1b15e"
                    TAGREFS="LT83"
                    BASELINE="45 1585 566 1591" 
                    HPOS="41"
                    VPOS="1547"
                    WIDTH="525"
                    HEIGHT="62">
            <Shape><Polygon POINTS="45 1585 45 1547 566 1554 566 1591 562 1609 41 1605"/></Shape>
	    <String CONTENT="á quien no me encomendara;"
                    HPOS="41"
                    VPOS="1547"
                    WIDTH="525"
                    HEIGHT="62"></String>
          </TextLine>

          
          
          <TextLine ID="eSc_line_ad13e230"
                    TAGREFS="LT83"
                    BASELINE="45 1630 479 1630" 
                    HPOS="43"
                    VPOS="1595"
                    WIDTH="436"
                    HEIGHT="50">
            <Shape><Polygon POINTS="45 1630 43 1599 477 1595 479 1630 477 1645 43 1643"/></Shape>
	    <String CONTENT="mas apenas que me vió"
                    HPOS="43"
                    VPOS="1595"
                    WIDTH="436"
                    HEIGHT="50"></String>
          </TextLine>

          
          
          <TextLine ID="eSc_line_2b52bd2f"
                    TAGREFS="LT83"
                    BASELINE="49 1671 500 1680" 
                    HPOS="47"
                    VPOS="1632"
                    WIDTH="453"
                    HEIGHT="64">
            <Shape><Polygon POINTS="49 1671 49 1632 500 1638 500 1680 498 1696 47 1696"/></Shape>
	    <String CONTENT="por las orejas me agarra,"
                    HPOS="47"
                    VPOS="1632"
                    WIDTH="453"
                    HEIGHT="64"></String>
          </TextLine>

          
          
          <TextLine ID="eSc_line_25e11959"
                    TAGREFS="LT83"
                    BASELINE="45 1717 376 1721" 
                    HPOS="41"
                    VPOS="1684"
                    WIDTH="335"
                    HEIGHT="47">
            <Shape><Polygon POINTS="45 1717 45 1684 374 1686 376 1721 372 1731 41 1727"/></Shape>
	    <String CONTENT="con tal coraje tiró"
                    HPOS="41"
                    VPOS="1684"
                    WIDTH="335"
                    HEIGHT="47"></String>
          </TextLine>

          
          
          <TextLine ID="eSc_line_4f542361"
                    TAGREFS="LT83"
                    BASELINE="47 1760 523 1764" 
                    HPOS="43"
                    VPOS="1727"
                    WIDTH="480"
                    HEIGHT="52">
            <Shape><Polygon POINTS="47 1760 47 1727 523 1727 523 1764 518 1779 43 1775"/></Shape>
	    <String CONTENT="que yo por la puerta falsa"
                    HPOS="43"
                    VPOS="1727"
                    WIDTH="480"
                    HEIGHT="52"></String>
          </TextLine>

          
          
          <TextLine ID="eSc_line_411b9933"
                    TAGREFS="LT83"
                    BASELINE="45 1806 523 1810" 
                    HPOS="41"
                    VPOS="1773"
                    WIDTH="482"
                    HEIGHT="47">
            <Shape><Polygon POINTS="45 1806 45 1773 520 1777 523 1810 518 1820 41 1816"/></Shape>
	    <String CONTENT="empeze á llorar, de suerte"
                    HPOS="41"
                    VPOS="1773"
                    WIDTH="482"
                    HEIGHT="47"></String>
          </TextLine>

          
          
          <TextLine ID="eSc_line_7082abba"
                    TAGREFS="LT83"
                    BASELINE="47 1853 560 1857" 
                    HPOS="37"
                    VPOS="1812"
                    WIDTH="523"
                    HEIGHT="64">
            <Shape><Polygon POINTS="47 1853 45 1814 556 1812 560 1857 558 1870 55 1876 53 1876 53 1876 51 1876 51 1876 51 1876 49 1876 49 1876 49 1874 47 1874 37 1862"/></Shape>
	    <String CONTENT="que las lagrimas que echaba"
                    HPOS="37"
                    VPOS="1812"
                    WIDTH="523"
                    HEIGHT="64"></String>
          </TextLine>

          
          
          <TextLine ID="eSc_line_745b7212"
                    TAGREFS="LT83"
                    BASELINE="43 1899 518 1903" 
                    HPOS="39"
                    VPOS="1862"
                    WIDTH="479"
                    HEIGHT="97">
            <Shape><Polygon POINTS="43 1899 41 1866 514 1862 518 1903 516 1953 359 1959 357 1959 357 1959 355 1959 355 1959 355 1959 328 1946 316 1938 237 1938 227 1942 194 1957 194 1957 192 1957 192 1957 192 1957 190 1957 190 1957 190 1957 188 1957 188 1957 186 1957 186 1957 186 1955 167 1940 165 1938 159 1940 126 1948 124 1948 124 1948 121 1948 121 1948 39 1934"/></Shape>
	    <String CONTENT="ersa mas gordas que peros"
                    HPOS="39"
                    VPOS="1862"
                    WIDTH="479"
                    HEIGHT="97"></String>
          </TextLine>

          
        </TextBlock>
        
        <TextBlock HPOS="810"
                   VPOS="190"
                   WIDTH="643"
                   HEIGHT="1742"
                   ID="eSc_textblock_28eb998a"
                   TAGREFS="BT227">
          <Shape><Polygon POINTS="1420 560 1378 653 1395 725 1345 973 1370 1000 1387 1295 1444 1419 1370 1471 1362 1651 1453 1882 1362 1932 810 1915 826 206 901 190 1312 206 1411 330 1378 363 1378 444"/></Shape>
          
          
          <TextLine ID="eSc_line_77d3d9f7"
                    TAGREFS="LT83"
                    BASELINE="853 235 1254 241" 
                    HPOS="849"
                    VPOS="159"
                    WIDTH="405"
                    HEIGHT="97">
            <Shape><Polygon POINTS="853 235 853 159 988 175 1068 167 1124 163 1126 163 1126 163 1254 177 1254 241 1250 256 849 248"/></Shape>
	    <String CONTENT="pa toos mis camaraas,"
                    HPOS="849"
                    VPOS="159"
                    WIDTH="405"
                    HEIGHT="97"></String>
          </TextLine>

          
          
          <TextLine ID="eSc_line_0f3122d0"
                    TAGREFS="LT83"
                    BASELINE="851 276 1341 289" 
                    HPOS="847"
                    VPOS="239"
                    WIDTH="494"
                    HEIGHT="64">
            <Shape><Polygon POINTS="851 276 851 239 1339 252 1341 289 1337 303 847 287"/></Shape>
	    <String CONTENT="sin duda lo tentó el diablo:"
                    HPOS="847"
                    VPOS="239"
                    WIDTH="494"
                    HEIGHT="64"></String>
          </TextLine>

          
          
          <TextLine ID="eSc_line_9ed9b774"
                    TAGREFS="LT83"
                    BASELINE="857 322 1368 334" 
                    HPOS="853"
                    VPOS="276"
                    WIDTH="515"
                    HEIGHT="77">
            <Shape><Polygon POINTS="857 322 857 276 1368 289 1368 334 1364 353 853 338"/></Shape>
	    <String CONTENT="luego fué y en una lata,"
                    HPOS="853"
                    VPOS="276"
                    WIDTH="515"
                    HEIGHT="77"></String>
          </TextLine>

          
          
          <TextLine ID="eSc_line_8c4e9a8c"
                    TAGREFS="LT83"
                    BASELINE="851 361 1318 376" 
                    HPOS="847"
                    VPOS="326"
                    WIDTH="471"
                    HEIGHT="62">
            <Shape><Polygon POINTS="851 361 851 326 1318 341 1318 376 1314 388 847 374"/></Shape>
	    <String CONTENT="trajo un betan y pintome"
                    HPOS="847"
                    VPOS="326"
                    WIDTH="471"
                    HEIGHT="62"></String>
          </TextLine>

          
          
          <TextLine ID="eSc_line_0ce3686d"
                    TAGREFS="LT83"
                    BASELINE="847 405 1300 419" 
                    HPOS="843"
                    VPOS="363"
                    WIDTH="457"
                    HEIGHT="79">
            <Shape><Polygon POINTS="847 405 847 363 1298 380 1300 419 1296 442 843 427"/></Shape>
	    <String CONTENT="como á demonio la cara,"
                    HPOS="843"
                    VPOS="363"
                    WIDTH="457"
                    HEIGHT="79"></String>
          </TextLine>

          
          
          <TextLine ID="eSc_line_4c7a356c"
                    TAGREFS="LT83"
                    BASELINE="847 446 1250 458" 
                    HPOS="843"
                    VPOS="415"
                    WIDTH="407"
                    HEIGHT="64">
            <Shape><Polygon POINTS="847 446 847 415 1248 425 1250 458 1248 479 1062 479 1060 477 1060 477 1058 477 1058 477 1058 477 1056 477 1056 477 1056 475 1048 469 1043 465 1031 467 990 475 990 475 990 475 988 475 988 475 986 475 986 475 986 475 983 475 983 475 983 473 981 473 975 465 973 462 969 465 926 473 926 473 926 473 924 473 924 473 843 456"/></Shape>
	    <String CONTENT="en esto ya era de dia,"
                    HPOS="843"
                    VPOS="415"
                    WIDTH="407"
                    HEIGHT="64"></String>
          </TextLine>

          
          
          <TextLine ID="eSc_line_41799370"
                    TAGREFS="LT83"
                    BASELINE="847 493 1354 502" 
                    HPOS="843"
                    VPOS="444"
                    WIDTH="511"
                    HEIGHT="74">
            <Shape><Polygon POINTS="847 493 847 444 944 458 1048 448 1048 448 1050 448 1050 448 1052 448 1052 448 1052 448 1054 448 1070 460 1095 452 1097 452 1097 452 1097 452 1099 452 1099 452 1101 452 1101 452 1101 452 1103 452 1103 452 1103 454 1114 465 1225 465 1351 452 1354 502 1349 518 843 516"/></Shape>
	    <String CONTENT="y los muchachos que pasan"
                    HPOS="843"
                    VPOS="444"
                    WIDTH="511"
                    HEIGHT="74"></String>
          </TextLine>

          
          
          <TextLine ID="eSc_line_1c1cdfe2"
                    TAGREFS="LT83"
                    BASELINE="847 537 1399 551" 
                    HPOS="843"
                    VPOS="500"
                    WIDTH="556"
                    HEIGHT="70">
            <Shape><Polygon POINTS="847 537 847 500 1399 510 1399 551 1395 570 843 555"/></Shape>
	    <String CONTENT="pensando que yo era un Judas"
                    HPOS="843"
                    VPOS="500"
                    WIDTH="556"
                    HEIGHT="70"></String>
          </TextLine>

          
          
          <TextLine ID="eSc_line_61e5f26d"
                    TAGREFS="LT83"
                    BASELINE="845 578 1331 597" 
                    HPOS="841"
                    VPOS="539"
                    WIDTH="490"
                    HEIGHT="72">
            <Shape><Polygon POINTS="845 578 845 539 1331 551 1331 597 1327 611 841 591"/></Shape>
	    <String CONTENT="me spedrean y fualtratan,"
                    HPOS="841"
                    VPOS="539"
                    WIDTH="490"
                    HEIGHT="72"></String>
          </TextLine>

          
          
          <TextLine ID="eSc_line_c035616f"
                    TAGREFS="LT83"
                    BASELINE="845 628 1310 636" 
                    HPOS="841"
                    VPOS="591"
                    WIDTH="469"
                    HEIGHT="57">
            <Shape><Polygon POINTS="845 628 845 591 1308 597 1310 636 1306 648 841 640"/></Shape>
	    <String CONTENT="¡que verguenza que pasé!"
                    HPOS="841"
                    VPOS="591"
                    WIDTH="469"
                    HEIGHT="57"></String>
          </TextLine>

          
          
          <TextLine ID="eSc_line_b7a3f6a6"
                    TAGREFS="LT83"
                    BASELINE="845 667 1302 682" 
                    HPOS="841"
                    VPOS="628"
                    WIDTH="461"
                    HEIGHT="66">
            <Shape><Polygon POINTS="845 667 845 628 1300 638 1302 682 1298 694 841 679"/></Shape>
	    <String CONTENT="se juntó gente á desgaja."
                    HPOS="841"
                    VPOS="628"
                    WIDTH="461"
                    HEIGHT="66"></String>
          </TextLine>

          
          
          <TextLine ID="eSc_line_049a43f1"
                    TAGREFS="LT83"
                    BASELINE="845 713 1339 725" 
                    HPOS="841"
                    VPOS="671"
                    WIDTH="498"
                    HEIGHT="66">
            <Shape><Polygon POINTS="845 713 843 675 1081 671 1083 671 1141 675 1256 686 1337 677 1339 725 1335 737 841 733"/></Shape>
	    <String CONTENT="Mas un maldito muchacho"
                    HPOS="841"
                    VPOS="671"
                    WIDTH="498"
                    HEIGHT="66"></String>
          </TextLine>

          
          
          <TextLine ID="eSc_line_c7041171"
                    TAGREFS="LT83"
                    BASELINE="841 756 1310 768" 
                    HPOS="837"
                    VPOS="721"
                    WIDTH="473"
                    HEIGHT="62">
            <Shape><Polygon POINTS="841 756 841 721 1310 727 1310 768 1306 783 837 766"/></Shape>
	    <String CONTENT="se subió, de mi se agarra"
                    HPOS="837"
                    VPOS="721"
                    WIDTH="473"
                    HEIGHT="62"></String>
          </TextLine>

          
          
          <TextLine ID="eSc_line_71b39d1f"
                    TAGREFS="LT83"
                    BASELINE="839 801 1320 812" 
                    HPOS="835"
                    VPOS="764"
                    WIDTH="485"
                    HEIGHT="60">
            <Shape><Polygon POINTS="839 801 839 764 1320 768 1320 812 1316 824 835 818"/></Shape>
	    <String CONTENT="me ha quitao los calzones"
                    HPOS="835"
                    VPOS="764"
                    WIDTH="485"
                    HEIGHT="60"></String>
          </TextLine>

          
          
          <TextLine ID="eSc_line_00776583"
                    TAGREFS="LT83"
                    BASELINE="843 843 1242 853" 
                    HPOS="839"
                    VPOS="803"
                    WIDTH="403"
                    HEIGHT="67">
            <Shape><Polygon POINTS="843 843 843 803 1240 818 1242 853 1238 870 839 855"/></Shape>
	    <String CONTENT="de tanto como tiraba,"
                    HPOS="839"
                    VPOS="803"
                    WIDTH="403"
                    HEIGHT="67"></String>
          </TextLine>

          
          
          <TextLine ID="eSc_line_6b63290d"
                    TAGREFS="LT83"
                    BASELINE="843 884 1236 894" 
                    HPOS="835"
                    VPOS="849"
                    WIDTH="401"
                    HEIGHT="62">
            <Shape><Polygon POINTS="843 884 843 849 1234 859 1236 894 1234 911 857 911 855 909 855 909 853 909 853 909 853 909 851 909 851 909 835 896"/></Shape>
	    <String CONTENT="tal que me jiso pegar"
                    HPOS="835"
                    VPOS="849"
                    WIDTH="401"
                    HEIGHT="62"></String>
          </TextLine>

          
          
          <TextLine ID="eSc_line_300f8f7a"
                    TAGREFS="LT83"
                    BASELINE="839 930 1258 940" 
                    HPOS="835"
                    VPOS="892"
                    WIDTH="423"
                    HEIGHT="66">
            <Shape><Polygon POINTS="839 930 839 892 1256 896 1258 940 1254 958 835 942"/></Shape>
	    <String CONTENT="una costalá de espaldas"
                    HPOS="835"
                    VPOS="892"
                    WIDTH="423"
                    HEIGHT="66"></String>
          </TextLine>

          
          
          <TextLine ID="eSc_line_8509d575"
                    TAGREFS="LT83"
                    BASELINE="839 973 1196 983" 
                    HPOS="835"
                    VPOS="936"
                    WIDTH="361"
                    HEIGHT="64">
            <Shape><Polygon POINTS="839 973 839 936 1194 940 1196 983 1192 1000 835 985"/></Shape>
	    <String CONTENT="que pensé dejar allí"
                    HPOS="835"
                    VPOS="936"
                    WIDTH="361"
                    HEIGHT="64"></String>
          </TextLine>

          
          
          <TextLine ID="eSc_line_9b6b9c82"
                    TAGREFS="LT83"
                    BASELINE="837 1014 1329 1029" 
                    HPOS="833"
                    VPOS="979"
                    WIDTH="496"
                    HEIGHT="62">
            <Shape><Polygon POINTS="837 1014 837 979 1329 983 1329 1029 1325 1041 833 1031"/></Shape>
	    <String CONTENT="toas mis costillas quebraas."
                    HPOS="833"
                    VPOS="979"
                    WIDTH="496"
                    HEIGHT="62"></String>
          </TextLine>

          
          
          <TextLine ID="eSc_line_a0ca8507"
                    TAGREFS="LT83"
                    BASELINE="835 1058 1223 1068" 
                    HPOS="831"
                    VPOS="1020"
                    WIDTH="392"
                    HEIGHT="62">
            <Shape><Polygon POINTS="835 1058 835 1020 1221 1029 1223 1068 1219 1082 831 1070"/></Shape>
	    <String CONTENT="Salí corriendo tras él"
                    HPOS="831"
                    VPOS="1020"
                    WIDTH="392"
                    HEIGHT="62"></String>
          </TextLine>

          
          
          <TextLine ID="eSc_line_737b6154"
                    TAGREFS="LT83"
                    BASELINE="833 1103 1298 1116" 
                    HPOS="828"
                    VPOS="1058"
                    WIDTH="470"
                    HEIGHT="72">
            <Shape><Polygon POINTS="833 1103 833 1058 1298 1070 1298 1116 1294 1130 828 1116"/></Shape>
	    <String CONTENT="cual liebre que va acosaa,"
                    HPOS="828"
                    VPOS="1058"
                    WIDTH="470"
                    HEIGHT="72"></String>
          </TextLine>

          
          
          <TextLine ID="eSc_line_9ecccd45"
                    TAGREFS="LT83"
                    BASELINE="833 1151 1287 1159" 
                    HPOS="828"
                    VPOS="1107"
                    WIDTH="459"
                    HEIGHT="71">
            <Shape><Polygon POINTS="833 1151 833 1107 1285 1122 1287 1159 1283 1178 828 1171"/></Shape>
	    <String CONTENT="un escuadron me seguia,"
                    HPOS="828"
                    VPOS="1107"
                    WIDTH="459"
                    HEIGHT="71"></String>
          </TextLine>

          
          
          <TextLine ID="eSc_line_0e82826c"
                    TAGREFS="LT83"
                    BASELINE="839 1196 1341 1204" 
                    HPOS="835"
                    VPOS="1159"
                    WIDTH="506"
                    HEIGHT="62">
            <Shape><Polygon POINTS="839 1196 839 1159 1341 1159 1341 1204 1337 1221 835 1215"/></Shape>
	    <String CONTENT="yo en viento en popa volaba"
                    HPOS="835"
                    VPOS="1159"
                    WIDTH="506"
                    HEIGHT="62"></String>
          </TextLine>

          
          
          <TextLine ID="eSc_line_a92d289f"
                    TAGREFS="LT83"
                    BASELINE="835 1235 1308 1246" 
                    HPOS="831"
                    VPOS="1200"
                    WIDTH="477"
                    HEIGHT="60">
            <Shape><Polygon POINTS="835 1235 835 1200 1308 1206 1308 1246 1304 1260 831 1254"/></Shape>
	    <String CONTENT="con el pañal por bandera"
                    HPOS="831"
                    VPOS="1200"
                    WIDTH="477"
                    HEIGHT="60"></String>
          </TextLine>

          
          
          <TextLine ID="eSc_line_79f5bdb1"
                    TAGREFS="LT83"
                    BASELINE="839 1283 1325 1291" 
                    HPOS="835"
                    VPOS="1246"
                    WIDTH="490"
                    HEIGHT="58">
            <Shape><Polygon POINTS="839 1283 839 1246 1325 1246 1325 1291 1320 1304 835 1302"/></Shape>
	    <String CONTENT="y en él gravaas mis armas."
                    HPOS="835"
                    VPOS="1246"
                    WIDTH="490"
                    HEIGHT="58"></String>
          </TextLine>

          
          
          <TextLine ID="eSc_line_8aedd8da"
                    TAGREFS="LT83"
                    BASELINE="835 1326 1229 1333" 
                    HPOS="831"
                    VPOS="1291"
                    WIDTH="398"
                    HEIGHT="60">
            <Shape><Polygon POINTS="835 1326 835 1291 1229 1291 1229 1333 1225 1351 831 1339"/></Shape>
	    <String CONTENT="Mas tenia yo que ver"
                    HPOS="831"
                    VPOS="1291"
                    WIDTH="398"
                    HEIGHT="60"></String>
          </TextLine>

          
          
          <TextLine ID="eSc_line_e8c741df"
                    TAGREFS="LT83"
                    BASELINE="835 1372 1413 1382" 
                    HPOS="833"
                    VPOS="1324"
                    WIDTH="580"
                    HEIGHT="93">
            <Shape><Polygon POINTS="835 1372 835 1324 1077 1337 1411 1330 1413 1382 1411 1417 1349 1417 1347 1415 1347 1415 1345 1415 1345 1415 1345 1415 1343 1415 1343 1413 1343 1413 1327 1399 1258 1390 1229 1403 1229 1403 1227 1403 1227 1403 1227 1403 1225 1403 1225 1403 1126 1390 1105 1405 1099 1409 1097 1409 1097 1409 1097 1409 1095 1409 1095 1409 1095 1409 1093 1409 1093 1409 1046 1403 963 1388 938 1397 938 1397 936 1397 936 1397 936 1397 934 1397 934 1397 934 1397 934 1397 932 1397 932 1397 930 1397 909 1384 833 1392"/></Shape>
	    <String CONTENT="que un buen jardin del-Alcarza»"
                    HPOS="833"
                    VPOS="1324"
                    WIDTH="580"
                    HEIGHT="93"></String>
          </TextLine>

          
          
          <TextLine ID="eSc_line_b1b062ea"
                    TAGREFS="LT83"
                    BASELINE="833 1415 1312 1419" 
                    HPOS="828"
                    VPOS="1382"
                    WIDTH="484"
                    HEIGHT="52">
            <Shape><Polygon POINTS="833 1415 831 1384 1308 1382 1312 1419 1308 1434 828 1432"/></Shape>
	    <String CONTENT="y mas que un titirimundi"
                    HPOS="828"
                    VPOS="1382"
                    WIDTH="484"
                    HEIGHT="52"></String>
          </TextLine>

          
          
          <TextLine ID="eSc_line_b3b128e5"
                    TAGREFS="LT83"
                    BASELINE="831 1454 1275 1463" 
                    HPOS="826"
                    VPOS="1421"
                    WIDTH="449"
                    HEIGHT="60">
            <Shape><Polygon POINTS="831 1454 831 1421 1273 1430 1275 1463 1271 1481 826 1467"/></Shape>
	    <String CONTENT="en donde se ven pintaas"
                    HPOS="826"
                    VPOS="1421"
                    WIDTH="449"
                    HEIGHT="60"></String>
          </TextLine>

          
          
          <TextLine ID="eSc_line_4dc92878"
                    TAGREFS="LT83"
                    BASELINE="835 1500 1215 1506" 
                    HPOS="831"
                    VPOS="1459"
                    WIDTH="384"
                    HEIGHT="68">
            <Shape><Polygon POINTS="835 1500 835 1459 1213 1471 1215 1506 1211 1527 831 1512"/></Shape>
	    <String CONTENT="Napoles, Ingalaterra,"
                    HPOS="831"
                    VPOS="1459"
                    WIDTH="384"
                    HEIGHT="68"></String>
          </TextLine>

          
          
          <TextLine ID="eSc_line_52fb951d"
                    TAGREFS="LT83"
                    BASELINE="828 1543 1335 1556" 
                    HPOS="824"
                    VPOS="1496"
                    WIDTH="511"
                    HEIGHT="74">
            <Shape><Polygon POINTS="828 1543 831 1496 862 1508 1335 1512 1335 1556 1331 1570 824 1552"/></Shape>
	    <String CONTENT="la Gran Bretaña é trlanda,"
                    HPOS="824"
                    VPOS="1496"
                    WIDTH="511"
                    HEIGHT="74"></String>
          </TextLine>

          
          
          <TextLine ID="eSc_line_ace8cd64"
                    TAGREFS="LT83"
                    BASELINE="828 1587 1302 1597" 
                    HPOS="824"
                    VPOS="1541"
                    WIDTH="478"
                    HEIGHT="71">
            <Shape><Polygon POINTS="828 1587 828 1541 1300 1556 1302 1597 1298 1612 824 1603"/></Shape>
	    <String CONTENT="la gran Corte de Madrid,"
                    HPOS="824"
                    VPOS="1541"
                    WIDTH="478"
                    HEIGHT="71"></String>
          </TextLine>

          
          
          <TextLine ID="eSc_line_930a94e6"
                    TAGREFS="LT83"
                    BASELINE="828 1630 1300 1640" 
                    HPOS="824"
                    VPOS="1593"
                    WIDTH="476"
                    HEIGHT="58">
            <Shape><Polygon POINTS="828 1630 828 1593 1298 1603 1300 1640 1296 1651 824 1645"/></Shape>
	    <String CONTENT="las Carrozas y las Damas,"
                    HPOS="824"
                    VPOS="1593"
                    WIDTH="476"
                    HEIGHT="58"></String>
          </TextLine>

          
          
          <TextLine ID="eSc_line_fa040519"
                    TAGREFS="LT83"
                    BASELINE="824 1676 1236 1680" 
                    HPOS="822"
                    VPOS="1634"
                    WIDTH="416"
                    HEIGHT="62">
            <Shape><Polygon POINTS="824 1676 824 1634 1217 1634 1217 1634 1217 1634 1219 1634 1219 1634 1219 1634 1221 1634 1221 1634 1238 1647 1236 1680 1234 1690 822 1696"/></Shape>
	    <String CONTENT="jasta el diablo se reia"
                    HPOS="822"
                    VPOS="1634"
                    WIDTH="416"
                    HEIGHT="62"></String>
          </TextLine>

          
          
          <TextLine ID="eSc_line_0f5d8fc1"
                    TAGREFS="LT83"
                    BASELINE="824 1717 1351 1729" 
                    HPOS="820"
                    VPOS="1684"
                    WIDTH="531"
                    HEIGHT="58">
            <Shape><Polygon POINTS="824 1717 824 1684 1351 1688 1351 1729 1347 1742 820 1729"/></Shape>
	    <String CONTENT="de ver tan horrible estampa."
                    HPOS="820"
                    VPOS="1684"
                    WIDTH="531"
                    HEIGHT="58"></String>
          </TextLine>

          
          
          <TextLine ID="eSc_line_6b7ae993"
                    TAGREFS="LT83"
                    BASELINE="826 1762 1279 1771" 
                    HPOS="822"
                    VPOS="1721"
                    WIDTH="457"
                    HEIGHT="64">
            <Shape><Polygon POINTS="826 1762 826 1721 1277 1725 1279 1771 1275 1785 822 1773"/></Shape>
	    <String CONTENT="En fin la cruz á Sivilla,"
                    HPOS="822"
                    VPOS="1721"
                    WIDTH="457"
                    HEIGHT="64"></String>
          </TextLine>

          
          
          <TextLine ID="eSc_line_ff8dbc0a"
                    TAGREFS="LT83"
                    BASELINE="824 1808 1337 1816" 
                    HPOS="820"
                    VPOS="1773"
                    WIDTH="517"
                    HEIGHT="56">
            <Shape><Polygon POINTS="824 1808 824 1773 1337 1779 1337 1816 1333 1829 820 1826"/></Shape>
	    <String CONTENT="y á las malditas muchachas"
                    HPOS="820"
                    VPOS="1773"
                    WIDTH="517"
                    HEIGHT="56"></String>
          </TextLine>

          
          
          <TextLine ID="eSc_line_17d2b2df"
                    TAGREFS="LT83"
                    BASELINE="826 1853 1438 1866" 
                    HPOS="822"
                    VPOS="1816"
                    WIDTH="616"
                    HEIGHT="58">
            <Shape><Polygon POINTS="826 1853 826 1816 1438 1816 1438 1866 1434 1874 822 1870"/></Shape>
	    <String CONTENT="pues de esta suerte me han puesta"
                    HPOS="822"
                    VPOS="1816"
                    WIDTH="616"
                    HEIGHT="58"></String>
          </TextLine>

          
          
          <TextLine ID="eSc_line_d2d898d3"
                    TAGREFS="LT83"
                    BASELINE="824 1903 1349 1907" 
                    HPOS="822"
                    VPOS="1857"
                    WIDTH="527"
                    HEIGHT="96">
            <Shape><Polygon POINTS="824 1903 822 1868 988 1857 990 1857 990 1857 990 1857 992 1857 1027 1868 1043 1857 1046 1857 1046 1857 1048 1857 1048 1857 1048 1857 1050 1857 1050 1857 1052 1857 1052 1857 1085 1870 1087 1870 1087 1870 1099 1860 1099 1860 1101 1860 1101 1860 1103 1860 1103 1860 1103 1860 1105 1860 1347 1872 1349 1907 1347 1953 1283 1953 1281 1950 1281 1950 1279 1950 1279 1950 1279 1950 1279 1950 1277 1950 1277 1950 1277 1948 1250 1924 1161 1924 1128 1948 1128 1948 1126 1948 1126 1948 1126 1948 1126 1948 1124 1948 1124 1948 1122 1948 1122 1948 1122 1948 1120 1948 1120 1948 1120 1948 1120 1948 1118 1948 1081 1922 1048 1948 1048 1948 1048 1948 1046 1948 1046 1948 1046 1948 1043 1948 1043 1948 1043 1950 983 1950 981 1948 981 1948 979 1948 979 1948 979 1948 977 1948 977 1948 977 1946 946 1922 911 1938 911 1938 909 1938 909 1938 909 1938 907 1938 907 1938 905 1938 905 1938 876 1928 824 1944"/></Shape>
	    <String CONTENT="voy corriendo á buscar agua."
                    HPOS="822"
                    VPOS="1857"
                    WIDTH="527"
                    HEIGHT="96"></String>
          </TextLine>

          
        </TextBlock>
        
        <TextBlock HPOS="647"
                   VPOS="1954"
                   WIDTH="281"
                   HEIGHT="148"
                   ID="eSc_textblock_487874f2"
                   TAGREFS="BT226">
          <Shape><Polygon POINTS="647 1954 647 2102 928 2102 928 1954"/></Shape>
          
          
          <TextLine ID="eSc_line_06291bed"
                    TAGREFS="LT82"
                    BASELINE="665 2068 884 2068" 
                    HPOS="661"
                    VPOS="1953"
                    WIDTH="223"
                    HEIGHT="148">
            <Shape><Polygon POINTS="663 2066 663 1953 715 1953 715 1953 715 1953 717 1953 717 1953 717 1953 719 1953 719 1953 719 1955 723 1957 735 1971 797 1971 810 1965 831 1953 831 1953 831 1953 833 1953 833 1953 833 1953 835 1953 835 1953 837 1953 837 1953 884 1971 882 2066 880 2101 661 2091"/></Shape>
	    <String CONTENT="FIN."
                    HPOS="661"
                    VPOS="1953"
                    WIDTH="223"
                    HEIGHT="148"></String>
          </TextLine>

          
        </TextBlock>
        
        <TextBlock HPOS="32"
                   VPOS="2125"
                   WIDTH="1572"
                   HEIGHT="174"
                   ID="eSc_textblock_b660ed14"
                   TAGREFS="BT228">
          <Shape><Polygon POINTS="32 2125 32 2299 1604 2299 1604 2125"/></Shape>
          
          
          <TextLine ID="eSc_line_ea68f28c"
                    TAGREFS="LT83"
                    BASELINE="43 2203 1500 2211" 
                    HPOS="41"
                    VPOS="2114"
                    WIDTH="1459"
                    HEIGHT="124">
            <Shape><Polygon POINTS="43 2203 45 2120 124 2145 181 2134 183 2134 370 2145 403 2122 405 2122 407 2122 421 2120 456 2118 458 2118 475 2120 518 2126 564 2120 609 2114 611 2114 613 2114 628 2120 638 2124 651 2120 669 2114 671 2114 673 2114 675 2114 688 2120 696 2124 727 2120 775 2114 777 2114 837 2116 839 2116 841 2116 847 2120 864 2130 924 2126 926 2126 928 2126 983 2151 1143 2153 1192 2153 1263 2120 1271 2118 1273 2118 1275 2118 1500 2122 1500 2211 1496 2225 1236 2223 1219 2225 1149 2238 1147 2238 1145 2238 1110 2227 983 2236 981 2236 979 2236 952 2223 944 2221 907 2223 775 2236 773 2236 663 2223 628 2219 613 2223 585 2232 582 2232 580 2232 578 2232 549 2223 537 2219 487 2221 378 2229 376 2229 283 2221 254 2219 248 2221 223 2232 221 2232 219 2232 41 2219"/></Shape>
	    <String CONTENT="Con licencia: En Sevilla en la Imprenta de Ara¬"
                    HPOS="41"
                    VPOS="2114"
                    WIDTH="1459"
                    HEIGHT="124"></String>
          </TextLine>

          
          
          <TextLine ID="eSc_line_dc809608"
                    TAGREFS="LT83"
                    BASELINE="541 2294 570 2287 737 2283 1035 2285" 
                    HPOS="533"
                    VPOS="2211"
                    WIDTH="500"
                    HEIGHT="107">
            <Shape><Polygon POINTS="539 2294 533 2211 764 2215 764 2215 764 2215 766 2215 766 2215 766 2215 769 2215 769 2215 777 2221 791 2236 928 2236 938 2229 969 2217 969 2217 971 2217 971 2217 973 2217 973 2217 973 2217 975 2217 1033 2236 1033 2283 1029 2316 955 2304 816 2316 795 2318 795 2318 793 2318 793 2318 791 2318 791 2318 791 2318 789 2318 789 2318 789 2316 789 2316 775 2304 696 2304 673 2316 673 2318 671 2318 671 2318 671 2318 669 2318 669 2318 669 2318 667 2318 667 2318 665 2318 665 2318 665 2318 663 2316 638 2306 613 2316 609 2318 609 2318 607 2318 607 2318 607 2318 605 2318 537 2316"/></Shape>
	    <String CONTENT="yon y Compañia."
                    HPOS="533"
                    VPOS="2211"
                    WIDTH="500"
                    HEIGHT="107"></String>
          </TextLine>

          
        </TextBlock>
        
        <TextBlock HPOS="1405"
                   VPOS="719"
                   WIDTH="6"
                   HEIGHT="6"
                   ID="eSc_textblock_90ccd49c"
                   TAGREFS="BT227">
          <Shape><Polygon POINTS="1411 719 1411 725 1405 725 1405 719"/></Shape>
          
        </TextBlock>
        

        
      </PrintSpace>
    </Page>
  </Layout>
</alto>
