1753 2480
78.0 119.0 343.0 124.0 una vieja y agarró

78.0 208.0 428.0 71.0 la bazinilla y se planta:

74.0 264.0 434.0 68.0 que truenos! que lluvia!

72.0 312.0 434.0 60.0 que juracan! que desata!

72.0 369.0 372.0 52.0 pero yo á too callao

72.0 394.0 488.0 73.0 porque en mi no reparara.

62.0 438.0 339.0 62.0 Mas apenas acabó

59.0 481.0 428.0 66.0 fue erecha á la ventana

62.0 527.0 417.0 62.0 y pensando que era yo

55.0 572.0 401.0 64.0 algun berijon de lana

57.0 620.0 439.0 59.0 se me regolvió de popa

55.0 661.0 447.0 64.0 con las naguas levantaas

59.0 704.0 470.0 66.0 y en medio de los josicos

55.0 750.0 432.0 62.0 me plantificó las nalgas

53.0 791.0 478.0 62.0 en fin se limpió y no mas

59.0 841.0 337.0 64.0 y decia la malvaa

53.0 888.0 420.0 48.0 esta lana á estao al sol

49.0 927.0 480.0 60.0 que está caliente, su alma

47.0 973.0 467.0 54.0 se caliente en los infiernos

49.0 1014.0 459.0 58.0 pues me llenó de surrapa

49.0 1058.0 383.0 60.0 ojos, narizes y boca:

47.0 1099.0 579.0 66.0 cuando no eché yo allí el alma,

43.0 1147.0 446.0 64.0 tripas, cuajar y asauras

51.0 1196.0 581.0 60.0 pienso que nunca he de echarla,

55.0 1242.0 476.0 57.0 y llamando á un hijo suyo

47.0 1283.0 416.0 62.0 vino dando voces altas;

53.0 1330.0 385.0 62.0 yo ije (para mi sallo)

49.0 1372.0 409.0 64.0 ya esta corona la anza;

43.0 1417.0 424.0 60.0 empeze á rezar el creo,

45.0 1461.0 426.0 53.0 no queo Santo ni Santa

41.0 1506.0 407.0 50.0 en toito el Calandario

41.0 1547.0 525.0 62.0 á quien no me encomendara;

43.0 1595.0 436.0 50.0 mas apenas que me vió

47.0 1632.0 453.0 64.0 por las orejas me agarra,

41.0 1684.0 335.0 47.0 con tal coraje tiró

43.0 1727.0 480.0 52.0 que yo por la puerta falsa

41.0 1773.0 482.0 47.0 empeze á llorar, de suerte

37.0 1812.0 523.0 64.0 que las lagrimas que echaba

39.0 1862.0 479.0 97.0 eran mas gordas que peros

849.0 159.0 405.0 97.0 pa toos mis camaraas,

847.0 239.0 494.0 64.0 sin duda lo tentó el diablo:

853.0 276.0 515.0 77.0 luego fué y en una taza,

847.0 326.0 471.0 62.0 trajo un betun y pintome

843.0 363.0 457.0 79.0 como á demonio la cara,

843.0 415.0 407.0 64.0 en esto ya era de dia,

843.0 444.0 511.0 74.0 y los muchachos que pasan

843.0 500.0 556.0 70.0 pensando que yo era un Judas

841.0 539.0 490.0 72.0 me apedrean y maltratan,

841.0 591.0 469.0 57.0 ¡que verguenza que pasé!

841.0 628.0 461.0 66.0 se juntó gente á desgaja.

841.0 671.0 498.0 66.0 Mas un maldito muchacho

837.0 721.0 473.0 62.0 se subió, de mi se agarra

835.0 764.0 485.0 60.0 me ha quitao los calzones

839.0 803.0 403.0 67.0 de tanto como tiraba,

835.0 849.0 401.0 62.0 tal que me jiso pegar

835.0 892.0 423.0 66.0 una costalá de espaldas

835.0 936.0 361.0 64.0 que pensé dejar alli

833.0 979.0 496.0 62.0 toas mis costillas quebraas.

831.0 1020.0 392.0 62.0 Salí corriendo tras él

828.0 1058.0 470.0 72.0 cual liebre que va acosaa,

828.0 1107.0 459.0 71.0 un escuadron me seguía,

835.0 1159.0 506.0 62.0 yo en viento en popa volaba

831.0 1200.0 477.0 60.0 con el pañal por bandera

835.0 1246.0 490.0 58.0 y en él gravaas mis armas.

831.0 1291.0 398.0 60.0 Mas tenia yo que ver

833.0 1324.0 580.0 93.0 que un buen jardin del Alcarzar

828.0 1382.0 484.0 52.0 y mas que un titirimundi

826.0 1421.0 449.0 60.0 en donde se ven pintaas

831.0 1459.0 384.0 68.0 Napoles, Ingalaterra,

824.0 1496.0 511.0 74.0 la Gran Bretaña é Irlanda,

824.0 1541.0 478.0 71.0 la gran Corte de Madrid,

824.0 1593.0 476.0 58.0 las Carrozas y las Damas,

822.0 1634.0 416.0 62.0 jasta el diablo se reia

820.0 1684.0 531.0 58.0 de ver tan horrible estampa.

822.0 1721.0 457.0 64.0 En fin la cruz á Sivilla,

820.0 1773.0 517.0 56.0 y á las malditas muchachas

822.0 1816.0 616.0 58.0 pues de esta suerte me han puesto

822.0 1857.0 527.0 96.0 voy corriendo á buscar agua.

661.0 1953.0 223.0 148.0 FIN.

41.0 2114.0 1459.0 124.0 Con licencia: En Sevilla en la Imprenta de Ara-

510 2213 523 109 gon y Compañia.
