1860 2629
214 234 349 107 una vieja y agarró

217 304 436 79 la bazinilla y se planta:

212 363 428 72 que truenos! que lluvia!

212 407 430 68 qu juracan que desata!

214 462 365 63 pero yo á too callao

212 481 527 90 por que en mi no reparara.

208 538 335 64 Mas apenas acabó

203 580 437 70 fue erecha á la ventana

212 628 421 73 y pensando que era yo

206 676 403 62 algun berijon de lana

210 712 423 70 se me regolvió de popa

210 766 445 62 con las naguas levantaas

214 799 446 72 y en medio de los josicos

208 843 439 74 me plantificó las nargas:

203 885 476 89 en fin se limpió y no mas

212 935 323 74 y decia la malvaa

206 970 419 79 esta lana á estao al sol

208 1020 458 77 que está caliente, su alma

208 1064 478 66 se caliente en los infiernos

212 1110 456 79 pues me llenó de surrapa

203 1150 378 79 ojos, narizes y boca:

206 1196 577 68 cuando no eche yo alli el alma,

206 1242 462 68 tripas, guajar y asaduras

210 1279 581 81 pienso que nunca he de echarla.

212 1329 476 79 y llamando á un hijo suyo

206 1378 423 59 vino dando voces altas;

214 1419 373 72 yo ije (para mi sállo)

210 1459 408 76 ya está corona la anza;

203 1509 428 66 empeze á rezar el Creo,

203 1557 428 66 no queo santo ni santa

206 1599 390 61 en toito el calandario

203 1634 525 79 á quien no me encomendara;

208 1684 428 68 mas apenas que me vió

212 1726 443 85 por las orejas me agarra,

203 1772 332 70 con tal coraje tiró

214 1811 476 75 que yo por la puerta falsa

214 1868 465 62 empeze á llorar, de suerte,

217 1897 513 76 que las lagrimas que echaba

208 1954 489 94 cran mas gordas que peros

1004 251 404 88 pa foct miz camarass,

1000 262 498 121 En aua foidn ermianla:

1004 363 461 57 Luego fue y en una taza

1000 400 548 71 trajo dn betum! y pintone sri

1000 453 467 53 como á Demonio la cara,

1002 492 414 68 en esto ya era de dia,

1008 543 496 66 y los muchachos que pasan

1004 580 548 68 pensando que yo era un judas

997 624 483 59 me apedrean y maltratan,

1006 666 465 65 ¡que verguenza que pasé!

1004 709 450 62 se juntó gente á desgaja.

997 755 501 66 Mas un maldito muchacho

1002 806 452 54 se subió de mi se agarra

1002 841 511 59 me ha quitado los calzones

1004 887 412 66 de tanto como tiraba,

1004 939 395 62 tal que me jiso pegar

997 972 457 68 una costada de espaldas

1000 1018 370 64 que pense dejar allí

1002 1062 515 57 toas mis costillas quebraas.

1004 1108 401 59 Sali corriendo tras el

993 1143 511 66 cual liebre que va acosaa

1000 1200 456 59 un escuadron me seguia,

1006 1235 516 72 yo en viento en popa volaba

997 1288 476 54 con el pañal por bandera

1006 1321 496 65 y en el gravaas mis armas.

1002 1371 390 61 Mas tenia yo que ver

1004 1413 586 76 que un buen jardin del Alcazar

1006 1463 467 64 y mas que un titirimundi

1006 1496 494 63 en donde se ven'pintaaso

1006 1544 397 64 Napoles, Ingalaterra,

1008 1594 487 62 la Gran Bretaña é Irlanda,

1004 1632 476 59 la gran Corte de Madrid,

1006 1675 463 62 las Carrozas y las Damas,

1004 1721 410 68 jasta el Diablo se reia

1000 1757 546 81 de ver tan horrible estampa:

1004 1809 443 59 En fin la cruz á Sivilla

1008 1851 509 70 y á las malditas muchachas

1008 1895 652 78 pues de esta suerte me han puesto

1000 1938 533 101 voy corriendo á buscar agua.

826 2033 244 149 FIN.

212 2203 1457 154 Con licencia: En Sevilla en la Imprenta de Aragon

754 2291 377 121 y Compañia.
