1753 2480
233 109 527 66 Por Dios, serrana, por Dios,

183 163 517 56 que vea esa pierna un poco;

188 202 533 64 que me estás volviendo loco,

190 243 430 60 por instantes, puñaláa.

181 283 478 66 Déjame que absorto mire

179 336 403 56 de tu edificio la base;

179 372 494 66 deja que el alma se abrase

179 413 439 83 contemplándote, saláa.

227 502 461 76 Vaya una curra, ¡salero!

179 560 470 60 ¡que viva la gente güena!

179 607 594 70 valen más que el mundo entero

173 646 443 81 las ligas de mi morena.

223 737 465 77 Vaya unos ojos ladrones,

175 799 422 58 temerarios y atrevíos;

173 847 492 60 ¿por qué me miran reñíos,

177 888 416 50 si no les hice por qué?

181 925 470 60 Vaya unas cejas reondas,

175 967 463 66 y qué pestañas... salero!

177 1014 496 62 ¡vaya un mirar retrechero!

177 1064 513 70 ¡vaya una jembra gachona!

212 1140 530 79 Que soy capaz, si me muero

173 1206 405 60 de placer en la faena,

173 1250 480 62 de llevarme... !ole salero!

171 1293 451 89 las ligas de mi morena.

913 107 395 62 Tan dura de corazon

868 163 434 56 es la negra de mis ojos,

868 202 599 70 que hasta verme hecho despojos

870 243 463 56 no se ha de compadecer.

866 285 512 64 Por más que la digo: reina,

866 334 494 56 ¿hasta cuándo ha de durar

868 382 359 49 este modo de jugar

864 415 502 72 que tienes, mi malagueña?

864 493 423 83 ¡Colasiya.... Resalero!

862 560 485 60 hermosa, blanca azucena,

857 607 550 58 no te enfaes... porque quiero

862 653 440 76 las ligas de mi morena.

864 793 423 66 verte pronto declaráa,

909 725 540 97 Vamos, gachona, que quiero

864 847 349 52 y esa liga coloráa,

859 880 470 66 hacerla dos mil pedazos.

864 927 405 60 Menea toa esa tienda

862 969 469 62 de ropa con mas soltura;

864 1016 469 58 !várgame Dios, criatura!

866 1062 576 87 vente pronto entre mis brazos.

907 1149 457 82 Y luego en el fondeaero

859 1215 387 49 echaremos la caena,

866 1250 407 62 y diré: ¡vivan, salero,

859 1291 439 75 las ligas de mi morena!

396 1378 896 200 LA ZAL DE LA CANELA.

214 1589 389 56 Con ese cabeyo rojo

173 1634 544 66 que al mármol roba la calma,

175 1682 494 58 y ez el iman de mi antojo,

171 1717 496 66 haz puesto, niña del alma,

169 1767 432 64 mi corazon en remojo .

214 1814 561 68 Zi algun mángria lo murmura

171 1860 548 70 que ze lo cuente á zu abuela,

407 1905 173 66 criatura!

171 1930 457 85 ay, benaya eza cintura,

173 2000 486 79 que ez la zal de la canela.

173 2058 420 93 Tú zabes y yo bien zé

175 2120 542 120 que en el punto en que te ví

857 1587 453 66 mi corazon te entregué.

864 1636 452 69 Zi yo te digo: alto aquí,

862 1682 527 60 no digas que no hay de qué

862 1727 582 77 Porque ez tanta tu hermosura,

857 1777 430 76 que perderé la cautela,

1095 1824 174 52 criatura!

857 1860 474 68 en guiñando eza cintura,

862 1917 487 79 que ez la zal de la canela.

903 1979 498 93 Ay, zi un galan turuleque

855 2046 519 74 la paz e mi pecho inquieta,

857 2095 468 66 dile, niña, que no peque,

855 2143 445 86 ó en la punta de la jeta
