1753 2480
450 221 1090 161 SEGUNDA PARTE.

334 423 513 68 Ya sabes, lector discreto,

289 462 539 73 y que es verdad manifiesta

283 510 562 79 tuvo el mundo cinco edades

279 560 543 74 mientras duró la ley vieja:

274 603 567 83 Desde Adan hasta el diluvio

274 653 511 72 fué de todas la primera:

268 698 569 85 la segunda hasta Abraham,

279 752 500 78 y hasta David la tercera;

270 799 436 75 la cuarta á Jerusalen

268 847 505 76 de los Caldeos deshecha.

264 892 587 87 La quinta es hasta que Dios

264 942 527 83 bajó del Cielo á la tierra,

262 989 548 83 los años que todos montan

258 1037 612 89 desde el justo Abel se cuenta

258 1087 513 86 de que fueron cinco mil,

258 1138 453 77 como lo dice la letra.

256 1182 612 91 Todo este tiempo los hombres

248 1233 539 87 siempre vivieron á ciegas,

245 1287 455 77 sin aquella luz divina,

250 1330 432 83 anegados en torpeza.

245 1374 499 85 Solo aquellos patriarcas,

245 1428 451 78 y evangélicos profetas

241 1481 536 77 que de Dios tuvieron luz,

245 1529 581 78 pues con admirables guerras

235 1578 490 75 todo era persecuciones,

241 1628 521 74 y con estas competencias

233 1674 376 66 el Espiritu Divino

233 1719 550 87 con el fuego de su lengua,

227 1764 494 83 los cortesanos del Cielo

214 1818 604 85 juntó con su gracia inmensa,

223 1870 506 72 y entre todos ordenaron

221 1915 467 77 una celestial audíencia,

221 1961 558 82 y llegando al padre eterno;

217 2015 479 72 con humilde reverencia

214 2054 507 80 le dicen, como han oido

214 2108 439 80 unas dolorosas quejas

212 2153 478 126 en el seno de Abrahan,

1006 429 616 87 y que hasta los Cielos llegan:

1006 489 527 77 que su Magestad se sirva,

1004 535 536 74 que su remedio les venga.

998 578 562 87 El Señor con rostro alegre,

998 634 525 74 responde con paz serena.

996 677 527 81 Bien sabeis todos que fué

994 725 550 85 contra mi hecha la ofensa,

994 783 564 74 y ha de ser un hombre Dios

994 828 488 77 quien satisfaga la deuda.

1000 872 523 82 Y sentándose en su sólio,

986 925 521 73 recogido en su grandeza,

981 969 571 80 solo en mirarse así mismo

981 1023 561 82 con toda su Omnipotencia,

977 1064 556 87 hizo una estampa tan viva,

979 1120 451 74 con autoridad que sea

977 1163 451 79 segunda persona suya,

975 1213 505 78 y disposicion que venga

971 1266 521 71 á vivir entre los hombres

971 1310 554 80 disfrazado, hasta que tenga

967 1359 585 81 cerca de treinta y tres años,

967 1407 630 85 y que en cumpliéndolos muera

965 1459 494 80 enclavado en una cruz,

977 1502 614 89 porque con su sangre mesma

961 1554 506 76 lave la mancha que hizo

963 1601 455 75 toda la culpa primera.

971 1649 432 80 Y para que recibiese

957 1694 657 95 á la humanidad (que es fuerza)

957 1750 386 72 eligieron una niña

948 1793 540 85 de la misma decendencia

946 1841 521 81 de Abraham, y de David,

948 1893 536 76 tan pura, tan casta y bella

944 1938 631 91 que siempre estuvo con Díos,

946 1994 484 74 y Dios estuvo con ella,

940 2037 467 83 hija de Joaquin y Ana,

940 2085 492 82 tambien por naturaleza.

936 2132 529 81 Hija de Adan como todas:

932 2186 529 161 mas con tanta diferencia,
