1688 2452
263 228 474 70 Por la Virgen soberana

261 294 509 55 no llores en mi presencia

267 343 505 69 que no tendré resistencia

267 392 515 63 pa oirte, Rosa temprana.

263 453 497 63 Muéstrame ya tu alegría

269 500 489 70 y esa sonrisa tus lavios,

269 551 468 76 y olviemos los agravios

261 613 474 61 de nuestra azarosa via.

216 662 591 61 ROSA. ¡Ay José, como orvidá

267 713 507 75 pudiera yo este suplicio!

212 760 607 67 JOSÉ. Dí: ¿aborrese mi oficio?

269 813 452 84 pues ya lo voy á dejá:

269 868 515 73 ¿No sabes tú, Rosa pura,

261 923 501 63 el motivo é mi tardanza?

216 970 689 80 ROSA. Dímelo que es mi esperanza

263 1027 564 66 el saber que es de tu vida.

220 1082 662 74 JOSÉ.   Antes quiero que me digas

273 1132 534 79 por qué yó tu dicha fundo

275 1191 636 77 y qué quisieras tú en el mundo

279 1234 515 79 pa acabá toas tus faitigas,

226 1291 597 78 ROSA. Solo quisiera una cosa,

273 1352 489 57 una no mas, lo prefiero,

279 1399 499 74 y entonces seria dichosa,

279 1456 477 76 pero la cosa que quiero

271 1501 366 80 é José dificultosa.

228 1542 597 94 JOSÉ.  Rosa, no pongas recelo

279 1612 383 75 ni tengas dificultá,

282 1653 537 89 que soy yo pa tu consuelo

275 1712 458 80 capás de ir al infierno

304 1781 300 55 jasé una soná.

275 1806 472 88 Pide, pide por tu boca

275 1857 638 84 cuanto en el mundo ambiciones,

230 1918 658 94 ROSA. ¡Ay Jesú! me vuelvo loca,

279 1988 468 63 lo diré ya que me toca

284 2029 525 71 y que tan formá te pones.

279 2082 511 71 Pa yó quitarme del susto

286 2139 357 73 una cosa apetesia

286 2186 521 84 que hace muy poco vulto,

284 2243 543 76 no era mas que tu indurto,

286 2294 480 80 tu indurto, José Maria.

999 230 474 62 Entonces sí que gozosa

997 275 547 74 mas que toas las mujeres,

999 328 449 66 entonces seria dichosa

1003 390 488 71 y no queria yo otra cosa

1003 433 582 75 pa cormá toos, mis placeres.

1001 492 476 63 Cuánto seria mi alegria

997 537 507 71 si estuvieras tú indurtao

1007 598 468 74 y oyera decir argun dia

1001 643 404 70 á ya vá José Maria,

1001 694 480 70 su Rosa la lleva al lao.

1009 749 439 72 Y por calles y paseos

1009 815 448 61 paseándonos sin susto,

1001 858 621 71 se cumplieran nuestros gustos,

1003 919 511 55 entre tan grandes trofeos

1005 958 541 77 viviéramos siempre juntos.

1009 1013 525 80 ¿No seria mas de tu agrao

1005 1066 415 66 dejá esa mardita via

1015 1115 554 86 y aunque antes hayas robao

1009 1179 535 61 vivir en un pueblo honrao

1007 1219 527 70 con tu Rosa en compañia?

1017 1277 572 83 ¿No seria pa mí un contento

1011 1332 415 63 amarte con desatino

1013 1373 493 90 y no tener padecimiento

1009 1432 482 67 de tanto acontecimiento

1013 1483 503 71 como pasa en el camino?

1017 1538 427 76 Y viviendo sin recelo

1011 1599 480 64 como las aves del prao,

1011 1644 515 78 disfrutando los consuelos

1017 1702 456 75 y sin disgustos ni celo

1013 1755 437 63 é luno del otro amao.

962 1792 640 87 JOSE. No hables mas Rosa pura

1019 1857 554 86 por que atento te escuchao,

1017 1912 454 76 jasta ma dao calentura

1015 1963 431 76 el oir con la primura

1021 2012 495 80 que tu boquilla á jablao.

1019 2084 297 59 Di tú jermosa,

1015 2114 395 78 no pies tu otra cosa

1019 2178 509 77 que el indurto, salerosa,

1019 2231 462 80 lo tienes ya conseguio.

972 2292 307 70 ROSA. E veras.
