1753 2480
943 260 146 3 = 7 =

308 227 458 116 María de su preñado,

312 316 496 72 y San José tuvo cuenta,

312 374 504 57 reparando muchas veces

312 409 595 78 y viendo que es cosa cierta,

305 465 526 62 con todos cinco sentidos

308 514 523 64 traia una campal guerra,

308 555 576 75 diciendo, mienten mis ojos,

310 609 502 64 ni mi pensamiento crea

305 651 495 70 el ser posible en María

308 700 489 68 haber cometido ofensa.

310 752 504 62 Estas dudas le cercaron

308 803 516 67 hasta que Dios le revela

318 859 510 60 por un ángel su ventura.

316 901 620 70 Y habiendo mandado el Cesar

314 952 531 60 que todos los comarcanos

308 992 481 74 de las tribus de Judéa

312 1041 372 72 acudieran á Belen

314 1099 583 64 para que sus nombres sepa,

314 1149 525 66 y que paguen un tributo

312 1190 504 68 sin obligacion ni deuda.

314 1240 492 62 María y José partieron,

318 1291 519 70 y cuando cumplidos eran

316 1341 574 60 veinte y cinco de Diciembre,

312 1380 562 70 Domingo á la noche, media

312 1434 492 68 á María le dió el parto,

312 1488 512 62 en un establo de bestias

316 1539 502 58 entre pajas, porque Dios

312 1576 483 67 amó mucho la pobreza.

316 1628 508 64 Angeles le acompañaron,

322 1680 453 64 y Pastores le festejan,

320 1731 488 58 y tres personajes reales,

316 1777 502 62 guíados por una estrella

316 1824 539 60 vinieron desde el Oriente,

320 1872 531 62 y los dones que le llevan

308 1915 628 71 fueron Oro, Incienso y Mirra,

322 1969 548 58 y se vuelven á sus tierras.

314 2012 477 62 El primer dia de Enero

314 2060 479 66 la circuncision celebran

312 2110 463 68 Ponerle al niño, Jesus,

324 2155 509 70 y cumplidos los cuarenta

316 2207 492 62 dias, á dos de Febrero

316 2258 564 89 en el Templo lo presentan,

1027 248 515 84 donde el Santo Simeon,

1035 314 467 66 y una profetiza dueña,

1027 359 620 64 del Hijo, y Mádre anunciaron

1029 413 525 66 muchisimas cosa buenas.

1029 454 562 66 Un ángel á San José

1029 508 500 58 le revelo de que huyera

1029 551 624 73 la persecucion de Heródes,

1031 605 486 62 que como supo que era

1029 648 564 65 nacido el rey de los reyes,

1033 702 612 68 el traidor porque no hubiera

1031 750 480 66 otro rey mas superior,

1029 803 637 65 mandó al punto que murieran

1027 849 511 66 en Belen todos los niños;

1029 899 509 62 y asi con notable priesa

1035 938 529 80 para los remos de Egipto

1033 987 459 69 la romeria comienzan.

1033 1025 548 80 Entraron por las montañas

1035 1091 610 66 (Válgame Dios) quien pudiera

1031 1138 504 66 manifestar muy despacio

1031 1186 496 64 las aflicciones, las penas

1031 1221 610 81 que en dos meses de camino

1035 1281 546 66 quiso Dios que padecieran!

1033 1335 554 62 La espesura de los montes,

1027 1378 519 70 la sequedad de la tierra,

1029 1430 571 66 sin mas agua que el rocio,

1029 1483 616 64 sin mas sustento que yerbas,

1031 1533 583 52 sin mas poblado que riscos,

1029 1572 612 64 sin mas luz que las tinieblas,

1029 1622 641 68 sin mas amparo que un arbol,

1031 1671 583 67 sin mas cama que la arena,

1029 1723 575 62 sin mas compaña que Dios;

1029 1773 581 72 sin mas voces que Cornejas

1037 1816 463 66 y bramidos de leones,

1048 1866 471 64 y sirvidos de las fieras.

1027 1905 544 81 En fin, llegaron á Egipto,

1035 1965 422 70 y las altas arboledas

1039 2015 523 62 por el suelo se abatieron,

1035 2064 474 62 haciéndoles reverencias

1031 2099 511 75 Los idolos de los nichos

1035 2161 507 60 todos cayeron en tierra:

1041 2211 507 60 Allí estuvieron seis años,

1039 2256 598 102 porque el niño tome fuerzas.
