1737 2508
234 225 472 82 JOSE. Que sí, serrana:

288 282 531 75 ya lo ije, no hay muanza,

282 342 501 59 lo tianes Rosa temprana

282 392 457 63 ende ayer de mañana,

284 445 512 69 por eso fué mi tardanza.

234 484 691 86 ROSA. Dime, como y de que manera

282 545 558 94 te has gobernao pa arcansá

282 601 223 90 el indurto.

232 643 482 88 JOSE.     Espera,

290 702 418 79 yo te lo iré salamera

288 756 428 69 toito lo que á pasao.

286 804 535 82 Ante ayer, seria esta hora

286 869 495 69 cuando de tí me espedí,

288 921 393 69 jacia Sevilla me fuí

286 969 470 67 suvio en mi jaca mora.

284 1019 399 71 lba soliyo cantando

288 1082 439 67 y en un olivo gozosas

284 1132 435 61 dos tórtolas amorosas

288 1178 531 67 ví que estaban arruyando.

286 1231 545 75 Pensando en las tortolillas

294 1291 506 67 pasé el camino arrogante

292 1339 539 75 y me planté en un instante

288 1391 483 65 en las calles de Sevilla.

294 1440 508 68 Volví la cara hácia el lao

296 1494 517 79 y vi que tóos me miraban

298 1546 502 82 y que toitos se agolpaban

290 1613 456 61 á las puertas asomaos.

290 1642 560 82 En medio de aquel tumulto

284 1703 445 71 oí una voz que decia:

288 1759 428 69 «á ya vá José Maria,

290 1803 583 82 quizás venga po el indurto.»

288 1864 464 67 No jise caso é la jente

288 1920 481 75 que con tanta maravilla

292 1966 491 80 por las calles de Sevilla

290 2025 512 65 se paseaba atentamente.

298 2081 427 63 Y siguiendo con valor

290 2121 502 79 llegué en mitá é la plaza

296 2190 481 69 preguntando por la casa

290 2242 408 61 del señor gobernaó.

296 2286 504 86 Apenas me la enseñaron

1024 217 552 65 entré dentro como un rayo

1026 269 428 67 dejándole mi caballo

1030 323 483 67 entregao ayí á un señó.

1024 372 610 77 Señor, Dios guarde á usencia;

1024 428 420 69 aquí está José Maria

1024 476 478 84 quien queria su señoría

1030 532 477 67 ver elante su presencia.

1026 587 468 71 Por las calles ma rojao

1026 635 443 75 sin ninguna compañía

1024 702 393 60 haber á su señoría

1032 735 508 75 y á su presencia é llegao.

1034 792 583 81 Y quiero que en el momento

1024 852 549 69 me diga á que soy llamao,

1030 907 449 75 porque vengo esatinao

1024 946 641 78 na mas que á saber su intento.

1026 1009 443 77 Me dice: «José Maria,

1026 1059 552 75 no te irrites, ten paciencia,

1028 1116 533 77 el llamarte á mi presencia

1028 1168 485 69 es pa darte una alegría.

1026 1210 642 94 Saviendo el rey que es imposible

1028 1272 466 71 en contra tí resistencia

1032 1329 479 79 y que no falta violencia

1028 1379 550 71 contra tu brazo invencible,

1030 1433 406 67 á tomao sus medias

1032 1483 504 82 y en esta carta consulto,

1032 1540 493 75 que si quieres el indurto

1034 1594 464 75 para tí y toa tu partía.

1038 1657 452 65 Y toma parecer el Rey

1032 1703 429 67 bajándose á tí, y así,

1030 1751 464 71 me puedes claro decir

1030 1799 587 84 lo que ahora pienzas hacer.»

1030 1866 355 58 Dígale su señoría

1028 1903 579 74 al Rey monarca y clemente,

1032 1966 613 78 que aunque no quiera mi jente

1030 2016 477 76 cuente con José Maria.

1032 2064 531 80 Que ahora lo voy á contar

1028 2121 533 79 á los que ignoran el caso,

1036 2190 496 65 y si no quieren, si acaso

1043 2242 457 63 poco cuidao se nos dá.

1032 2284 544 92 Con que si estoy espachao

1504 167 61 58 3
