1732 2480
338 64 1024 86 CANCION QUE SE CANTA EN EL DRAMA TITULADO

221 144 1223 180 LA SEGUNDA DAMA DUENDE.

194 438 477 78 Han sonado tres palmadas

157 483 444 77 y es cerca de anochecer,

157 535 413 62 y te pones tan de prisa

146 574 463 77 la mantilla y guardapiés.

192 628 372 66 ¿A dónde vas, niña?

144 661 372 80 Madre, no me riña,

146 719 290 60 que voy á rezar

140 762 397 72 á la Virgen del Pilar.

181 832 428 85 Salió la niña corriendo

134 882 426 74 sin un instante esperar,

142 940 469 68 y la madre quedó en casa

136 985 424 64 disponiendo que cenar.

181 1029 368 68 ¿A donde vas, niña?

136 1064 370 76 Madre, no me riña,

136 1120 281 51 que voy á rezar

132 1163 382 81 á la Virgen del Pilar.

175 1225 492 97 Pasaron mos de tres horas,

130 1295 403 66 cuando la niña volvió,

132 1343 547 72 y halló á su madre que estaba

130 1390 405 54 esperándola al balcon.

175 1436 403 62 ¿Dónde bas ido, niña?

128 1461 374 80 Madre, no me riña,

134 1521 264 55 vengo de rezar

126 1560 394 76 á la Virgen del Pilar.

167 1638 494 89 ¿Cómo vuelves tan turbada

126 1694 351 62 y perdida la color?

126 1740 525 76 ¡siendo ya mas de las nueve

128 1787 432 70 y saliste á la oracion...!

165 1833 362 72 Respóndeme, niña.

119 1868 368 78 Madre, no me riña,

121 1924 273 53 vengo de rezar

117 1963 391 103 á la Virgen del Pilar.

888 456 484 79 Mucho rezo son tres horas

847 510 391 62 para niña de tu edad;

845 549 397 58 á no ser las oraciones

841 591 411 82 para santo muy galan.

882 640 298 60 Despidete, niña.

834 677 362 81 Madre, no me riña,

834 735 333 54 que yo he de rezar

828 770 381 85 á la Virgen del Pilar,

826 830 492 106 ¡Cuánto polvo has recogido

828 913 465 68 ¡muy sucia la iglesia está!

826 950 449 73 si la limpias con la saya,

824 998 498 68 haces mas que el sacristan.

866 1047 291 62 Sacúdete, niña,

824 1080 370 69 Madre, no me riña.

820 1134 364 68 que esto es de rezar

822 1184 387 72 á la Virgen del Pilar.

861 1246 556 109 ¡Tambien polvo en la mantilla!

824 1316 374 66 ¡el pañuelo sin atar!

818 1353 473 81 sin duda que te has caido

822 1401 372 66 y lo quieres ocultar.

863 1444 401 77 No me mientas, niña.

818 1479 374 83 Madre, no me riña,

818 1537 345 54 que estuve á rezar

816 1585 393 74 á la Virgen del Pílar.

866 1647 467 103 Yo te juro que en tu vida

818 1715 403 70 no saldrás sola jamás,

820 1758 475 79 pues has venido tan tarde,

816 1810 430 76 y llena de polvo á mas.

857 1851 310 66 Despidete, niña.

810 1895 357 70 Madre, no me riña

806 1942 299 54 que quiero rezar

799 1975 379 93 á la Virgen del Pilar

605 2116 358 68 MADRID.—1856.

355 2198 845 133 Se hallará de venta en la Plaza de la Cebada, núm. 96.
