1765 2512
385 188 33 59 2

272 207 446 88 y para mi una corbata

274 276 379 63 y calzones estezao:

265 311 484 86 ejé el borro en la posaa

274 376 400 74 y me salí aborricao,

272 420 471 84 y sin saber de qué moo

265 479 484 71 en la catreal me zampo.

272 531 475 76 Qué infinia é columnas!

282 586 513 77 qué aposentos tan pintaos:

276 638 402 69 aonde se jacia Misa,

276 684 513 82 y estaban llenos é santos,

278 743 595 77 qué infiernos de peires curas,

274 799 479 78 metios en confisonarios!

276 849 494 74 vaya si era una impiruta,

280 904 459 77 y yo no sabré pintallo;

278 962 446 70 atisvé unos escalones,

280 1004 463 82 y allí me queé arrimao

272 1063 513 73 como una sorrica muerta

280 1119 415 70 mu serio y isimulao,

295 1165 460 86 y habia unos señorones

286 1224 450 73 vestios con unos sacos

282 1281 381 69 de tafetan ú é sea,

293 1327 510 83 y unos jopos arrastrando.

337 1383 477 67 Otros con unas camisas

284 1433 478 80 de lienzo muy arrugao,

286 1490 459 84 con unos tirajos largos

291 1549 525 73 enrroscaos por los brazos,

291 1601 506 73 y unos medios celemines

297 1643 509 88 toos tenian en las manos,

301 1695 521 86 que jacian cuatro cuernos.

353 1752 528 79 Allí habia seis muchachos

297 1806 540 78 con sus camisetas brancas,

299 1875 370 63 bestíos é collorao,

301 1898 687 103 un mombre gordo habia en medio

303 1971 461 80 aquel estaba cantando,

314 2024 441 90 parecia que llamaba

297 2070 473 90 a toicos con las manos.

360 2122 557 92 Tambien habia un estantino

295 2181 444 88 too de libros cuajaos,

299 2229 563 100 con unas letras muy gordas

324 2290 509 98 que se volvian é toos laos,

1023 1911 423 60 y jizo una reverencia

996 211 381 75 y sigun me pareció

992 259 400 73 el cura y beneficiao

992 320 417 65 é mi tierra necesitan

996 368 413 75 pa leer en ellos algo

992 418 433 69 comerse toos los dias

994 473 456 71 un selemin de salvaos.

1046 519 505 75 Por un callejon de jierro

996 579 563 63 se llegó un hombre aerezao

996 632 465 62 con un baquero de sea

1000 684 580 75 y unos mangotes muy largos,

996 738 544 78 y en el piscuezo un gollete

992 801 502 61 si acertaré yo á pintallo,

994 847 412 63 él jacia una meseta,

998 893 536 78 y su color negro y blanco,

998 956 394 67 su llamaera é plata

1002 1006 476 72 y su porrilla en lo alto.

1004 1055 509 69 el pelo toos jecho roscas,

1011 1119 391 59 y empues enjarinao.

1013 1165 511 63 Yo le pregunté allí á uno

1015 1216 567 75 ¿quién es ese amigo honrao?

1011 1270 546 63 y él me respondió con risá:

1009 1327 575 71 lo que jase á uno ser ganso:

1007 1375 561 67 no vé que es el perdiguero;

1015 1433 406 65 queé tan avichornao

1013 1482 486 71 con semejante repuesta,

1017 1534 563 75 que á no haberme reportao,

1015 1586 488 71 con la porra que llevaba

1017 1641 477 73 le sacramento un leñazo

1021 1693 385 71 que lo ejo patitieso

1023 1747 457 76 por el dichico é ganso.

1069 1798 428 73 Por fin el dicho señó

1017 1852 509 69 derecho se jué al cercao,

1017 1955 538 75 á los que estaban sentaos

1025 2017 488 70 yo no sé lo que les jizo,

1025 2064 413 75 él llevó tres enjilaos

1023 2120 494 71 de los dichos señorones,

1032 2166 584 78 y allí los metió en un cuarto,

1034 2225 475 79 y al cabo é poco tiempo

1030 2283 439 76 cátalos aquí aereraos,
