1860 2629
144.0 192.0 522.0 68.0 estas siguientes palabras:

146.0 247.0 481.0 59.0 tres hijos que ha tenido

149.0 286.0 574.0 62.0 por mi suerte ó mi desgracia

149.0 326.0 467.0 63.0 los tres han ido á morir

151.0 368.0 478.0 54.0 en ese charco profundo,

155.0 394.0 531.0 72.0 que tantas víctimas causa:

151.0 451.0 493.0 55.0 para mi no hay remedio

151.0 486.0 524.0 52.0 se me abrasa la garganta;

153.0 527.0 553.0 60.0 la cual perdiendo el sentido

153.0 573.0 399.0 55.0 una congoja le daba

157.0 606.0 454.0 68.0 y preciso fué aliviarla.

190.0 635.0 511.0 70.0 Otras por el mismo estilo

155.0 687.0 474.0 57.0 amargamente lloraban.

157.0 729.0 452.0 59.0 la pérdida de sus hijos

157.0 768.0 474.0 60.0 en ese piélago de agua,

162.0 799.0 623.0 77.0 que era la quién las consolaba.

197.0 847.0 515.0 60.0 Después algunas familias

157.0 891.0 536.0 55.0 que á diez años no llegaba

160.0 931.0 566.0 61.0 preguntaban por sus padres

160.0 972.0 519.0 59.0 á las madres que lloraban

177.0 1016.0 360.0 55.0 con dolor sin igual

162.0 1049.0 520.0 63.0 que rasgaba las entrañas.

206.0 1091.0 498.0 61.0 Aquéllas tristes mujeres

168.0 1132.0 479.0 59.0 á sus hijos contestaban,

166.0 1172.0 437.0 68.0 yá no le verémos más

168.0 1194.0 612.0 78.0 que se han ahogado en el mar,

164.0 1250.0 487.0 66.0 aquí mi pluma desmaya:

166.0 1296.0 481.0 60.0 aquí mi boca enmudece

166.0 1334.0 538.0 59.0 y no sierto hablar palabra:

166.0 1367.0 551.0 111.0 el número de esas víctimas

919.0 186.0 423.0 61.0 de trescientos pasan

923.0 227.0 430.0 70.0 por noticias recibidas

921.0 258.0 526.0 70.0 en partes que lo declaran.

965.0 302.0 491.0 70.0 Todavia habrá personas

925.0 346.0 608.0 68.0 que hay lenguas desgraciadas

925.0 389.0 531.0 66.0 que dirán eso es mentira;

927.0 431.0 500.0 66.0 es un embuste una farsa:

927.0 464.0 647.0 74.0 porque en el mundo hay de todo

929.0 510.0 606.0 77.0 no hay que extrañar de nada.

969.0 552.0 469.0 57.0 Temamos todos á Diós.

927.0 591.0 419.0 61.0 á su justicia irritada.

930.0 622.0 500.0 72.0 nos libre de tempestades

930.0 668.0 513.0 68.0 de tormentas y borrascas

936.0 707.0 533.0 68.0 y de otros muchos peligros

932.0 751.0 570.0 57.0 que nos cercan y amenazan.

976.0 784.0 590.0 70.0 Treinta hombres se salvaron

936.0 832.0 454.0 57.0 agarrados á las tablas

934.0 871.0 502.0 66.0 porque estaria del Señor,

934.0 909.0 539.0 70.0 no se ahogaron en el agua.

973.0 939.0 579.0 79.0 Cuando en tierra se hallaron

938.0 990.0 448.0 63.0 decían estas palabras:

947.0 1031.0 439.0 70.0 pedimos con devoción

938.0 1075.0 428.0 64.0 á la Virgen soberana

945.0 1104.0 482.0 72.0 que le suplique á su hijo

938.0 1145.0 551.0 75.0 nos libre de esta desgracia.

991.0 1198.0 474.0 63.0 Y el capitán del barco,

949.0 1233.0 413.0 66.0 hizo promesa formal

949.0 1270.0 450.0 66.0 de repartir este papel

945.0 1314.0 425.0 61.0 al buen creyente fiel

943.0 1334.0 618.0 140.0 dejándo el pago á su voluntad.

603.0 1564.0 669.0 65.0 Imp. de E. Pamies.—Unión 54
