1860 2629
206 1176 1377 177 NUEVO Y CURIOSO PAPEL

241 1334 1300 85 en el que se cuenta y declara las grandes desgracias

146 1391 1492 92 ocurridas el dia 5 de Enero de 1909, á causa de una borrasca

234 1459 1316 133 envuelta en grandes tormentas en las costas de Canarias.

171 1603 419 88 A la Sagrada María

133 1665 529 70 por todo el orbe nombrada

131 1711 529 61 hermosa Virgen del Cielo

133 1757 514 61 luna sin menguante clara

135 1798 496 66 lucero el más refurgente

133 1840 413 57 estrella matutinaria

135 1873 479 61 reina celestial hermosa

135 1912 523 61 imploro de vuestra gracia

138 1960 427 57 el valor para escribir

138 2000 500 57 iunumerables desgracías

138 2035 552 59 que han sucedido en el mar

138 2079 520 57 enlas costas de Canarias

140 2120 489 64 y otras islas que existen

140 2157 504 60 en toda aquella comarca;

142 2203 500 60 han quedado las familias

142 2243 480 61 pobres y desamparadas

142 2285 434 52 sujetas á las miserias

142 2320 570 103 que es un dolor anunciarras.

947 1581 566 103 Pero antes de dar principio

914 1665 465 63 ni pasar á la sustancia,

912 1706 384 59 será preciso acudir

910 1748 463 63 á la majestad sagrada

912 1789 555 51 de Dios, padre omnipotente

916 1829 492 52 que solo con su palabra

914 1870 428 60 hizo el día con su luz

914 1903 559 68 para ver por donde andaba,

916 1952 538 54 la noche para el descanso,

916 1989 470 63 cada uno en su morada

916 2030 485 57 con su mujer y sus hijos

919 2070 528 55 en dulce amor y compaña.

921 2111 563 55 Dios hizo el cielo y la tierra

921 2147 491 67 y crió las demás plantas

916 2190 606 55 el Sol, la Luna y las estrellas

919 2234 502 59 esa hermosa maquinaria

921 2274 460 59 y los demás elementos,

919 2313 572 88 tierra. fuego, viento y agua.
