1860 2629
213 255 336 104 ORACION

1212 227 262 114 A SAN

283 369 250 91 MIGUEL

1189 353 346 95 ARCANGEL.

239 1161 1309 71 Glorioso Señor San Miguel Arcangel, tan especialmente favorecido de

232 1206 1315 71 Dios Nuestro Señor; elegido, y destinado especialmente para la guarda,

236 1241 1315 83 y proteccion de la Santa lglesia Católica, mayor bien y salvacion de

228 1281 1324 79 las almas que por su Divina Misericordia tenemos la gran dicha de vivir

235 1333 1318 72 en su santo gremio, en cuya Sagrada Fé, y creencia protesto, y deseo

236 1372 1317 76 vivir y morir: humildemente te suplicamos mires por el Reyno de Es-

238 1416 1315 83 paña, que tan Católico es, y que con tantas veras ha servido á la lglesia

236 1461 1316 85 de Cristo, que tu defiendes y amparas. Suplicamoste, que pues eres Capi-

239 1504 1320 76 tan de los ejércitos de Dios, que le defiendas de sus enemigos, y como

241 1554 1315 77 Angel de paz le reduzcas á concordia y union. A ti te escogió el Señor

241 1590 1318 82 para echar los rebeldes del Cielo; y á ti acudimos para que reduzcas los

241 1637 1318 80 rebeldes de esta monarquía, y sosiegues sus alteraciones. Tu detuviste en

241 1679 1319 75 pié las gerarquias de los Angeles, conserva tambien y repara nuestros es-

244 1721 1316 78 tados. Tu limpiaste el Cielo de pecados; libra de ellos á nuestros Reynos.

250 1765 1313 84 A ti nos dió el Señor por patron universal de todos los fieles, y á ti

246 1815 1317 77 acudimos como protector singular, y esperamos de ti muy particular pa-

250 1849 1311 81 trocinio. En tu dia España abjuró la heregía de Arrio, y recibió la Fé

249 1900 1314 79 Católica : Suplicamoste conserves sus Reynos en toda pureza de Fé, y no

251 1938 1315 84 permitas que entre en ellos la heregía, ni semilla de mala doctrina; sino

252 1982 1314 81 que conservando la verdadera Fé, la comunique como ha hecho á otras na-

249 2031 1318 75 ciones, y en sí tenga paz entre sus Reynos, obediencia al Vicario de

254 2069 1315 80 Cristo y reverencia á Dios, y á las cosas Divinas. Esto te suplicamos por

256 2114 1312 87 el amor que tienes á Jesucristo, y zelo de la exaltacion de su Iglesia. Amen.

298 2203 1274 98 El llustrísimo Señor Arzobispo Obispo de Málaga concedió 80 dias

261 2263 1311 83 de indulgencia á todas las personas que devotamente rezaren esta Oracion,

258 2309 1316 96 y lo mismo á las que estendieren, y movieren á otros para que lo ejecuten.
