1860 2629
203 219 327 107 ORACION

239 335 243 90 MIGUEL

1228 210 250 80 A SAN

1199 318 332 92 ARCANGEL

226 1150 1309 66 Glorioso Señor San Miguel Arcangel, tan especialmente favorecido de

220 1203 1315 61 Dios nuestro Señor, elegido y destinado especialmente para la guarda y pro-

222 1244 1310 60 teccion de la Santa Iglesia católica, mayor bien y salvacion de las almas,

219 1288 1314 65 que por su divina misericordia tenemos la gran dicha de vivir en su san-

225 1330 1307 70 to gremio, en cuya Sagrada Fé, y creencia protesto, y deseo vivir y mo-

223 1375 1310 64 rir : humildemente te suplicamos mires por el Reyno de España, que

226 1419 1309 60 tan Católico es, y que con tantas veras ha servido á la Iglesia de Cristo,

223 1467 1314 62 que tu defiendes, y amparas. Suplicámoste, que pues eres Capitan de

227 1505 1311 69 los ejércitos de Dios, que le defiendas de sus enemigos, y como Angel

226 1554 1309 62 de paz le reduzcas á concordia, y union. A ti te escogió el Señor

230 1597 1308 60 para echar los rebeldes del Cielo; y á ti acudimos para que reduzcas

230 1640 1305 54 los rebeldes de esta Monarquía, y sosiegues sus alteraciones. Tu detu-

229 1686 1311 53 viste en pié las gerarquias de los Angeles, conserva tambien y repara

227 1729 1310 57 nuestros estados. Tu limpiaste el Cielo de pecados; libra de ellos á nues-

208 1759 1327 70 tros Reynos. A ti nos dió el Señor por patron universal de todos los fieles, y

232 1821 1308 57 á ti acudimos como protector singular, y esperamos de tí muy particular

232 1856 1309 63 patrocinio. En tu dia España abjuró la heregía de Arrio y recibió la Fé

233 1901 1304 57 Católica : Suplicamoste conserves sus Reynos en toda pureza de Fé, y no

232 1943 1310 69 permitas que entre en ellos la heregía, ni semilla de mala doctrina; sino

235 1990 1309 60 que conservando la verdadera Fe, la comunique como ha hecho á otras

233 2030 1309 60 naciones, y en sí tenga paz entre sus Reynos, obediencia al Vicario de

236 2075 1308 66 Cristo y reverencia á Dios, y á las cosas Divinas. Esto te suplicamos por

235 2119 1307 77 el amor que tienes á Jesucristo, y zelo de la exaltacion de su lglesia. Amen.

280 2225 1262 57 El Ilustrísimo Señor Arzobispo Obispo de Málaga concedió 80 dias de

239 2271 1305 60 Indulgencia á todas las personas que devotamente rezaren esta Oracion,

236 2322 1309 57 y lo mismo á las que estiendieren y movieren á otros para que lo ejecuten.
