1860 2629
208 255 581 67 Soy la mapa de las castañeras

170 299 614 66 que pasean hoy dia en el Prado,

173 343 544 60 y no puedo sufrir mi amante

168 381 677 70 que otra dama se esté requebrando.

287 427 617 78 Calentitas que ahora queman etc.

204 524 688 64 Cuando salgo á la esquina rumbosa,

175 571 640 59 y me encuentro con algun amigo

166 610 558 57 le presento cuatro castañitas,

166 645 663 77 por la buena á qualquiera convido.

403 706 502 73 Calentitas yo las vendo etc.

978 262 629 68 Se presentan los mozos al verme

940 305 597 60 mi salero, mi garbo y mi brio,

942 353 612 55 y á las voces que salen calientes

939 391 506 60 cae plata para mi bolsillo.

1070 441 601 78 Calentitas que ahora queman etc.

933 578 739 64 anda el fuelle el carbon y el hornillo,

971 522 687 76 Dando el grito que son regordonas

935 625 605 57 aunque vendan otras castañeras

933 667 469 60 á toditas yo las desafio.

1164 705 510 88 Calentitas yo las vendo etc.

878 784 98 71 FIN.

353 1055 1122 152 LOS TOROS DEL PUERTO.

201 1288 585 73 Que vivan los cuerpos buenos

160 1343 466 62 Que viva la gente crua

160 1407 444 72 Atrácame ese falucho,

650 1370 231 86 Avechucho,

160 1460 640 63 Quién se viene? ¿Quién se mua?

163 1502 535 52 Aquí tengo el cielo abierto,

160 1540 443 50 O ue se larga mi falua,

160 1577 672 71 ¿ Quién se embarca para el puerto ?

197 1650 415 63 De bolina caballeros,

163 1694 500 67 Viento fresco y á los toros

160 1759 488 76 Mas dulce que la arropía

578 1726 228 86 Gloria mia,

165 1814 454 59 Vámonos á Mata-moros

160 1856 515 52 Aunque sea en un desierto

160 1898 513 56 Hasta que callen los loros.

162 1932 664 71 ¿ Quién se embarca para el puerto ?

157 2003 705 81 Quién se embarca ? ¿ Quién se mete?

163 2050 419 73 Vira y jala Periquiyo

159 2122 451 62 Levante uzté la patita

523 2098 178 53 Señorita,

200 2179 510 51 zalte uzté á ese barquillo,

160 2214 526 58 No se le ponga uzté tuerto

159 2250 488 56 El molde de ese monillo.

157 2285 691 92 ¿Quién se embarca para el puerto ?

977 1307 428 61 A divertirnos gustosos

940 1349 455 60 Toitos vamos de jarana.

942 1416 446 62 Bailemos la Zarabanda

1335 1391 188 59 Caramba,

943 1470 443 48 Y beberemos con gana;

940 1511 597 48 Todos pequemos con el muerto

936 1549 431 57 Hasta pasado mañana.

936 1586 656 73 ¿Quién se embarca para el puerto?

976 1659 534 65 Tio Garrucho buenos tragos

938 1705 435 65 Para amarar el pellejo.

1357 1735 145 80 Pepino,

938 1784 498 63 Supuesto que ya no atino

936 1832 460 50 A enganchar un aparejo

943 1865 509 60 Voy con mi niña por cierto

938 1907 444 57 A ver el toro bermejo;

936 1936 662 83 ¿ Quién se embarca para el puerto?

968 2019 550 65 Cuando lleguemos al muelle

936 2065 430 61 Asegure bien la pipa

938 2132 414 66 No se vaya tan lijero

1364 2106 168 73 Carnero,

942 2184 419 53 Y beberá una chiquita

930 2222 582 53 Que yo engulliré hasta ciento

929 2269 423 57 Con mi saláa Juanita,

930 2300 660 70 ¿Quién se embarca para el puerto?

866 2313 92 103 FIN.
