1765 2512
161 198 500 86 ya sabe mi pensamiento,

163 253 557 81 pues si ahora me consiento

163 322 515 65 señor que estoy indurtao.

163 368 555 71 Y sin darme chispa é susto

157 412 429 75 al despedirme de él,

159 468 508 63 Rosa, me dió este papel,

157 519 529 69 miralo, Rosa, mi indurto.

113 573 573 80 ROSA. La alegria me rebosa

161 625 421 82 al escucharte, salao,

163 678 521 79 que no sé lo que ma dao

163 736 567 76 que nunca estao tan gozosa.

167 787 440 79 Si, juntitos viviremos

165 841 507 75 entre tan dulces jaromas,

165 900 542 67 lo mesmo que las palomas

167 948 546 77 pa siempre nos amaremos.

117 994 691 90 JOSE. Dices bien, yo ya aborrezco

167 1059 404 75 esta via borrascosa,

169 1099 534 75 lo mesmíto que tú Rosa,

171 1170 492 62 otra tranquila apetezco.

177 1209 474 76 Ya no seré mas ladron,

169 1270 561 76 haré esamen de concencia,

173 1322 476 63 cumpliré mi penitencia

177 1371 469 79 y al cielo peiré perdon.

182 1421 529 73 Ya se acabó en Andalucía

175 1473 555 86 quien robando al poderoso,

173 1532 476 75 le daba al menesteroso

173 1578 515 84 al que mas falta le hacia.

177 1643 488 75 Andaba por los caminos

182 1699 391 63 y sin respetar la ley

177 1720 551 103 robaba hasta el mesmo Rey

180 1800 517 77 y á naide nunca á temio,

184 1846 446 75 Ya el rico se alegrará,

177 1898 476 82 los buenos me sentirán

182 1957 454 79 los malos se alegrarán

186 2005 446 73 y los pobres llorarán.

188 2043 555 100 Ya que con su misma mano

180 2110 475 94 el Rey borró mi delito.

894 192 594 73 desde ahora mesmo me quito

896 244 515 65 de este oficio tan villano.

904 293 538 83 Y viviendo como hermanos

896 345 531 86 Rosa, amándonos los dos,

896 401 464 74 solo pediremos á Dios

902 445 571 80 que nos mire desde el cielo.

900 512 521 76 Nos prestará su consuelo,

906 577 484 61 y imploremos á una voz:

898 609 578 79 si, Dios mio, ten clemencia,

900 669 469 67 que si antes fuí ladron

902 718 546 75 merecer quiero el perdon

904 780 544 80 cumpliendo mi penitencia.

906 828 465 74 Y sufriré con paciencia

906 879 423 83 por justicia rigurosa:

906 937 473 76 ya no haré yó otra cosa

904 985 431 74 que viviré arrepentio

902 1046 433 63 de toito lo que é sio,

908 1078 593 102 y amando siempre á mi Rosa.

906 1145 536 77 Que á noble comportacion

908 1197 507 71 tus palabras se reducen,

912 1247 557 86 y á una gloria me conducen

910 1302 438 71 de armoniosa ilusion.

862 1350 549 88 ROSA. José de mi corazon,

908 1408 524 74 cuanta alegria me reboza,

908 1461 576 85 siempre fiel, seré tu esposa,

912 1519 505 80 para pagar tu amor fino,

912 1572 526 81 Dios te prepare güen sino

921 1632 490 71 y entonces seré dichosa.

864 1666 605 92 JOSE. Si lo seremos, serrana,

912 1729 478 67 mas vamos á descansar

919 1773 517 90 que lugar habrá de jablar

917 1831 529 82 en todo el dia de mañana.

921 1886 433 79 Y la Vírgen soberana

925 1932 496 88 premiará nuestra pasion,

921 1992 525 90 que mañana imploraremos

923 2057 463 74 y al cielo le pediremos

919 2105 464 93 cristianamente perdon.

159 2260 1363 109 CARMONA 1878.—Imp. y lib. de LA AURORA. Capinteros, 2.

780 2221 141 43 FIN.
