1860 2629
895 277 57 93 — 4 —

244 369 514 48 Así escuchando de la mar

207 403 444 52 el melancólico rumor,

208 449 491 49 entre la luz crepuscular

210 484 507 53 vogando vamos sin temor.

245 530 511 61 No hay mayor placer, etc.

242 603 627 70 Cuando, mecida con languidez,

211 655 604 60 nuestra barquilla flotando está

211 698 588 64 su blanca estela, con timidez,

211 737 531 75 la fresca brisa besando vá,

249 817 547 71 Besa, de paso, la blanca faz

214 870 617 64 de mi chiquilla, mi dulce bien,

219 909 694 68 yo, de los remos siempre al compás,

214 952 661 76 de aquellos besos, gozo tambien.

257 1038 507 70 Y enagenado en el vaiven

216 1092 548 54 del frágil leño sobre el mar,

217 1131 558 62 si quieres tu verás tambien,

219 1169 521 57 mi amante pecho palpitar.

258 1216 519 66 No hay mayor placer, etc.

265 1292 614 73 Vamos bogando, mi dulce bien,

222 1342 618 61 no tengas, niña, ningun temor,

222 1383 654 61 mi rumbo, hermosa, será el eden,

225 1424 599 68 y nuestro puerto será el amor.

258 1489 611 86 Deja, mi niña, que llegue á él,

226 1551 646 67 ya que es el puerto de salvación,

223 1599 622 58 donde llegando, verás cuan fiel

225 1634 566 70 su fé te entrega mi corazón.

267 1707 606 80 Y antes que llegue el claro sol

227 1759 509 66 la fresca niebla á disipar,

230 1809 493 72 bajo el dosel del arrebol.

967 347 532 60 en él podremos descansar.

1016 387 515 67 No hay mayor placer, etc,

962 480 690 69 Tu amor me inviste de un nuevo ser,

943 534 601 67 sin tí, la vida fuera un pesar,

945 581 708 63 si hay quien amores quiera aprender,

948 617 615 70 venga á nosotros, verá la mar!

945 753 554 50 con apacible y suave rumor

981 695 618 71 Nuestra barquilla cruza por el,

946 787 594 55 cual si quisiera, melosa y fiel,

945 825 685 83 cantar las glorias de nuestro amor.

990 917 478 67 A nada puedo comparar

949 959 564 66 el bienestar que siento a quí,

951 1010 558 60 porque de amor eres la mar,

955 1044 529 64 y en ese mar, nací y crecí.

990 1091 514 70 No hay mayor placer, etc.

989 1185 559 72 Bella la aurora despunta ya

955 1234 563 58 la fresca brisa gira en redor,

958 1273 555 61 su faz la luna abultando vá,

959 1315 624 82 que fué testigo de nuestro amor.

996 1400 571 73 Mira en las nubes el arrebol

959 1450 594 67 que de oro y grana tiñendo vá,

961 1491 567 65 son precursores del olaro sol

962 1530 554 70 que en breve, niña relucirá.

997 1618 491 66 Y así bogamos á compás

964 1665 538 61 boguemos, niña, sin temor,

962 1705 541 63 que pronto el sol derramará

964 1746 511 66 su luz intensa y su calor.

993 1789 511 95 No hay mayor placer, etc.

892 2011 117 71 FIN

236 2268 1448 90 Se vende en la Papelería del Sucesor de A. Bosch, Bou Plaza Nueva, 13.—Barcelona.

685 2369 556 73 Tipografía Española, Hospital, 87.
