1753 2480
351 43 953 97 La Chica del 17

793 169 50 35 I

267 183 971 85 La chica del 17. le gustan mucho los salmonetes

220 241 943 67 se muere por un filete que es una exageración,

221 283 1078 79 en todos los reustaurantes se maravillan de su apetito,

223 333 773 55 pues se come la fruta con hueso y tóo.

227 376 878 74 Todos los comensales les llama la atención:

667 429 192 46 Estribillo

259 453 634 76 En qué se mete la chica del 17,

219 504 917 74 pues yo no he visto quien tenga tanto apetitó;

219 551 806 67 pero ella díce, siempre con tono guasón:

220 592 1036 88 como mucho, si señores, porque bailo el charlestón.

771 651 64 53 II

257 673 911 83 La chica del 17 suele ir al cine con un cadete,

216 731 824 69 y le saca los billetes con mucha facilidad,

214 766 1146 97 despuès salen muy gozosos y suelen irse muy presurosos

213 823 651 67 al hotel más cercano para cenar.

219 862 872 76 Todos lop comensales les llama la atención,

214 912 942 80 y mnrmurando entonan con gracia esta canción:

609 961 257 77 Al estribillo.

345 1030 543 80 La Chica

700 1140 56 40 I

249 1169 994 72 La chica del 18 lahanvistoanocheconD. Ambroiso

203 1220 975 70 en sitio muy misterioso, que hace de mal pensar,

205 1268 565 51 se encuentra muy satisfecha

208 1310 638 62 y no la importa que la critiquen,

205 1355 818 64 el caso es que ella pueda siempre pensar.

203 1398 840 69 Por eso las vecinas la tienen que envidiar,

205 1443 773 75 y al verla tan lujosa, la dicen con afán:

649 1500 194 47 EstrIbillo

245 1526 637 72 En qué se mete, la chica del 18,

201 1572 883 75 a dónde marcha, de noche con D. Ambrosio,

201 1621 667 66 pero ella dice al verse tan criticá,

201 1665 1068 79 la que quiera coger peces, que vaya a San Sebastián.

769 1715 62 66 II

241 1745 1040 80 La chica del 18 la han visto anoche con D. Pinocho,

197 1799 1080 73 comiéndose un buen bizcocho en un grande restaurant

194 1847 459 59 lo come con chocolate,

195 1888 608 67 pues es goloso de nacimiento,

198 1933 765 63 que D. Pinocho paga con mucho afán.

192 1979 858 72 Por eso el vecindario la tiene que envidiar,

194 2026 767 75 y al verla tan lujosa, la dicen al pasar.

636 2073 188 57 Estribillo

232 2106 651 76 En qué se mete, la chica del 18,

188 2161 797 66 qué relaciones sostiene con D. Pinocho,

187 2208 741 62 pero ella dice, lo mejor es comerciar,

188 2252 986 92 y de esa forma he logrado no fregar platos jamás
