1860 2629
149.0 315.0 640.0 79.0 Garc. ¿Bárbaro, de qué lo infieres?

151.0 370.0 559.0 63.0 Tarf. De que solo con mirarte,

190.0 416.0 461.0 55.0 filigrana de los hombres,

190.0 462.0 428.0 59.0 dará lástima quebrarte.

149.0 488.0 572.0 81.0 Garc. Moro, acorta de razones,

190.0 549.0 527.0 66.0 porque se va haciendo tarde,

193.0 595.0 456.0 62.0 y vengo con mucha prisa

186.0 639.0 463.0 57.0 al infierno á despacharte.

149.0 679.0 552.0 65.0 Tarf. Para trasto tan pequeño

186.0 727.0 461.0 59.0 muy grande cólera traes;

190.0 764.0 516.0 77.0 vuélvete al conde de Cabra,

193.0 814.0 473.0 68.0 y á Pulgar, y de mi parte

186.0 858.0 476.0 64.0 les dices que aquí espero,

186.0 904.0 480.0 68.0 y te envio sin maltratarte.

144.0 939.0 608.0 81.0 Garc. Tienes razon, mas conmigo

186.0 999.0 478.0 56.0 tu cabeza he de llevarme.

146.0 1029.0 608.0 66.0 Tarf. ¿Mi cabeza? pues aun todos

184.0 1077.0 542.0 66.0 los del Real no son bastantes,

184.0 1119.0 612.0 83.0 que pesa mucho y no hay fuerzas

184.0 1169.0 498.0 64.0 para que con ella carguen.

140.0 1207.0 561.0 81.0 Garc. Moro, ¿qué puede pesar

182.0 1261.0 432.0 60.0 una cabeza que es aire?

144.0 1296.0 601.0 79.0 Tarf. Tienes razon, dí que salga,

182.0 1353.0 530.0 64.0 para que mas pronto acaben,

182.0 1393.0 568.0 77.0 que si es aire, hácia la muerte

182.0 1441.0 414.0 59.0 mas ligeros irán antes;

182.0 1476.0 465.0 68.0 vé y diles lo que te digo.

138.0 1513.0 651.0 92.0 Garc. Moro, el tiempo no malgaste

177.0 1579.0 529.0 61.0 que estoy corrido, por Dios,

177.0 1621.0 502.0 54.0 de lo que tardo en matarte,

186.0 1656.0 520.0 72.0 y hago gran falta en el Real.

138.0 1697.0 649.0 81.0 Tarf. Pues vuélvete, que es mas fácil

179.0 1754.0 531.0 64.0 que si haces gran falta ahora

177.0 1800.0 566.0 64.0 muriendo la harás mas grande.

133.0 1838.0 588.0 76.0 Garc. De este modo las razones,

304.0 1888.0 312.0 64.0 (Saca la espada.)

175.0 1912.0 522.0 81.0 Bárbaro, habré de acortarte;

175.0 1980.0 430.0 53.0 defiéndete, ó vive Dios

173.0 2008.0 542.0 73.0 que has de morir de cobarde.

133.0 2059.0 597.0 79.0 Tarf. Solo siento, que eres poco

171.0 2111.0 456.0 57.0 triunfo para este alfange.

129.0 2140.0 599.0 92.0 Garc. No te pese, que muriendo

182.0 2203.0 414.0 79.0 de tanto cuidado sales.

831.0 315.0 588.0 70.0 Tarf. Por Alá que eres valiente.

835.0 372.0 542.0 53.0 Garc. Rayos tu acero reparte.

837.0 407.0 590.0 68.0 Tarf. No juzgué que en tal edad

877.0 462.0 504.0 52.0 tan gran resistencia hallase.

835.0 495.0 564.0 72.0 Garc. No imaginé que pudieras

875.0 543.0 447.0 74.0 tanto á mi valor durarle,

879.0 595.0 344.0 53.0 pero de esta vez...

840.0 620.0 263.0 76.0 Tarf. Detente.

835.0 661.0 557.0 107.0 Garc. Alienta, moro, el coraje;

872.0 720.0 329.0 62.0 ¿qué te suspende?

842.0 764.0 283.0 68.0 Tarf. Decirte...

875.0 806.0 421.0 68.0 la lástima que me hace

875.0 858.0 416.0 57.0 darte muerte, vuélvete

875.0 896.0 605.0 72.0 que es gran desdicha que acaben

875.0 948.0 511.0 55.0 tan presto unos años tiernos

875.0 994.0 469.0 59.0 que dan tan altas señales.

837.0 1036.0 549.0 61.0 Garc. Lo piadoso te agradezco

868.0 1084.0 430.0 85.0 pero no puedo pagarte.

837.0 1117.0 286.0 68.0 Tarf. ¿Por qué?

835.0 1163.0 564.0 68.0 Garc. Porque en aqueste pleito

868.0 1215.0 443.0 60.0 solo es MARIA la parte,

872.0 1259.0 362.0 64.0 y si no te libra Ella

872.0 1312.0 426.0 57.0 es preciso que te mate.

837.0 1338.0 560.0 70.0 Tarf. Contigo, hasta ahora, no

868.0 1393.0 469.0 70.0 habia llegado á enojarme;

872.0 1443.0 470.0 57.0 pero viendo que defiendes

868.0 1483.0 474.0 61.0 á esa que Vírgen y Madre

866.0 1527.0 386.0 59.0 los cristianos adorais

868.0 1570.0 443.0 59.0 con ciegas credulidades;

870.0 1614.0 494.0 59.0 y que escándalo su nombre

866.0 1660.0 476.0 68.0 fue en la Mezquita ultraje,

864.0 1706.0 498.0 66.0 en venganza de esta ofensa

864.0 1752.0 434.0 59.0 quisiera al sol apagarle.

824.0 1792.0 645.0 76.0 Garc. Muy presto verás, blasfemo,

862.0 1842.0 445.0 61.0 lo que esta Señora vale.

824.0 1875.0 645.0 83.0 Tarf. Pues toma el caballo y lanza,

864.0 1932.0 456.0 57.0 veremos si así combates.

822.0 1962.0 621.0 84.0 Garc. Monta sin perder momento,

859.0 2022.0 507.0 61.0 que todo no ha de bastarte.

822.0 2057.0 520.0 74.0 Tarf. Mataréte, y tu cabeza

859.0 2107.0 461.0 59.0 la pondré por estandarte.

818.0 2144.0 552.0 75.0 Garc. Llevaré el AVE-MARIA,

859.0 2203.0 562.0 86.0 para que en el Real se ensalce.

631.0 2287.0 634.0 70.0 (Autorizado segun la ley vigente.)

655.0 2366.0 288.0 76.0 MADRID, 1866.

221.0 2420.0 1143.0 73.0 IMPRENTA DE MARÉS Y COMPAÑIA, PLAZUELA DE A CEBADA, NUM. 13.
