1753 2480
303.0 264.0 521.0 58.0 Cobra vuestra AVE-MARIA,

303.0 312.0 463.0 57.0 cristianos viles, cobardes,

299.0 347.0 560.0 70.0 que aquí en la Vega os espero

303.0 396.0 472.0 54.0 hasta las seis de la tarde.

308.0 442.0 458.0 58.0 Todo el Real se alborota,

305.0 479.0 492.0 68.0 en ver quien ha de tocarle

308.0 533.0 487.0 58.0 empresa de tanto empeño,

308.0 574.0 454.0 60.0 hazaña de tanto esmalte.

310.0 622.0 440.0 55.0 Indeciso está Fernando;

312.0 663.0 388.0 68.0 pesaroso de que falte

312.0 700.0 428.0 66.0 Pulgar en esta ocasion,

312.0 739.0 527.0 73.0 que en Santa Fé no se halle.

312.0 799.0 496.0 62.0 Llamando á sus caballeros,

312.0 849.0 434.0 58.0 todos vienen vigilantes,

316.0 888.0 403.0 62.0 y el famoso Garcilaso

312.0 921.0 609.0 68.0 se ha echado á las plantas reales;

316.0 973.0 461.0 64.0 mozo gallardo y valiente,

316.0 1012.0 552.0 81.0 que diez y siete años no hace,

320.0 1070.0 401.0 62.0 y le dice: gran señor,

318.0 1103.0 546.0 70.0 si ensalzar quereis mi sangre,

318.0 1157.0 513.0 66.0 dadme licencia, si os gusta,

322.0 1194.0 405.0 70.0 para salir al combate.

322.0 1242.0 486.0 57.0 No en verme jóven, señor,

322.0 1293.0 513.0 62.0 vuestra esperanza desmaye,

324.0 1337.0 461.0 62.0 porque el valor heredado

322.0 1372.0 420.0 64.0 no necesita de edades.

328.0 1428.0 438.0 62.0 Admirado quedó el rey,

326.0 1471.0 414.0 60.0 y casi quiso abrazarle,

326.0 1500.0 478.0 70.0 mas luego le dice: amigo,

326.0 1547.0 515.0 69.0 muy digno es de celebrarse

324.0 1593.0 535.0 66.0 vuestro valor; mas sois mozo

328.0 1638.0 546.0 77.0 para una empresa tan grande.

328.0 1690.0 436.0 60.0 Quiso replicar, y el rey

328.0 1727.0 451.0 71.0 lo cortó diciendo: baste.

328.0 1783.0 422.0 52.0 Salió del Real irritado,

330.0 1822.0 372.0 69.0 y bufando de coraje

330.0 1860.0 418.0 70.0 se dirije á sus criados,

328.0 1907.0 548.0 74.0 mandó al punto que lo armen

334.0 1959.0 455.0 66.0 de finas armas bruñidas,

336.0 1996.0 521.0 72.0 con cuatro negros plumajes;

336.0 2050.0 408.0 60.0 y echándose la visera,

339.0 2079.0 510.0 74.0 porque no quiere que nadie

336.0 2134.0 515.0 71.0 lo conozca y que dé cuenta,

336.0 2186.0 418.0 54.0 como sin licencia sale.

341.0 2221.0 479.0 64.0 Llegó donde Tarfe estaba,

341.0 2271.0 428.0 66.0 y despues de saludarle,

343.0 2314.0 411.0 58.0 le dice: bárbaro moro,

339.0 2345.0 576.0 89.0 ¿qué aguardas? Ya está delante

996.0 250.0 479.0 70.0 quien te quitará mas vidas

992.0 303.0 446.0 48.0 que tú tienes vanidades.

992.0 336.0 390.0 69.0 Blasonas de ser Neblí

994.0 374.0 517.0 72.0 del AVE, mas te engañaste.

994.0 431.0 432.0 54.0 Con resolucion gallarda

996.0 465.0 506.0 62.0 le atajó el moro al instante.

998.0 516.0 484.0 70.0 ¿Eres Pulgar? le pregunta.

998.0 566.0 511.0 56.0 —No soy quien imaginaste,

998.0 601.0 548.0 64.0 que si el Pulgar te escuchara,

998.0 651.0 537.0 62.0 vieras que entre sus pulgares

998.0 692.0 502.0 68.0 desbarataba esos miembros

998.0 744.0 556.0 62.0 que los moros tanto aplauden.

1004.0 785.0 507.0 58.0 —Descúbrete, pues ya ves,

1000.0 826.0 529.0 62.0 que descubierto me hallaste.

1002.0 880.0 420.0 56.0 Se alzó Laso la visera,

1002.0 919.0 418.0 60.0 y así que lo vió Tarfe,

1004.0 965.0 463.0 66.0 ¿eres mujer? le pregunta.

1002.0 1002.0 542.0 68.0 Si eres mujer no me engañes,

1004.0 1051.0 517.0 69.0 porque mi esfuerzo no llama

1004.0 1101.0 476.0 54.0 mujer ni niño al combate.

1010.0 1142.0 486.0 60.0 Vuélvete, engañado jóven,

1008.0 1186.0 465.0 56.0 y agradece mis piedades.

1006.0 1227.0 368.0 68.0 Enfadado Garcilaso,

1006.0 1264.0 496.0 69.0 la lanza llegó á enristrarle.

1010.0 1322.0 472.0 60.0 Todo el Real está confuso

1008.0 1368.0 428.0 53.0 mas el valeroso infante

1008.0 1411.0 403.0 56.0 falseándole en el peto

1010.0 1448.0 453.0 64.0 lo pasó de parte á parte.

1012.0 1500.0 476.0 58.0 Cayó del caballo el moro,

1010.0 1539.0 503.0 64.0 tendido en ánsias mortales.

1012.0 1589.0 435.0 66.0 Se desmontó Garcilaso,

1015.0 1630.0 438.0 68.0 y desnudando el alfanje,

1015.0 1674.0 454.0 66.0 dividió el bárbaro cuello

1015.0 1723.0 496.0 64.0 para que su rey lo hallase,

1017.0 1773.0 465.0 56.0 y en la punta de la lanza

1015.0 1814.0 432.0 56.0 lo puso por estandarte.

1019.0 1857.0 508.0 62.0 Presentó al rey y á la reina

1019.0 1909.0 405.0 56.0 los despojos militares.

1021.0 1944.0 450.0 71.0 Lo mandó prender el rey

1023.0 1994.0 450.0 66.0 porque sin licencia sale;

1021.0 2041.0 459.0 58.0 mas la reina, bondadosa,

1023.0 2077.0 504.0 68.0 le alcanzó el perdon afable;

1023.0 2126.0 461.0 62.0 hizo que abrazara al rey,

1025.0 2170.0 535.0 70.0 y el rey que á él lo abrazase.

1025.0 2221.0 388.0 58.0 Garcilaso de la Vega

1023.0 2256.0 498.0 62.0 desde hoy has de llamarte,

1027.0 2304.0 506.0 68.0 porque en la Vega hicisteis

1021.0 2351.0 436.0 79.0 hazaña de tanto alarde.
