1753 2480
818.0 231.0 292.0 107.0 PASILLO

940.0 316.0 66.0 72.0 DEL

440.0 380.0 1052.0 178.0 TRIUNFO DEL AVE MARÍA.

305.0 578.0 650.0 112.0 Tarf. ¡Oh! cómo esperar impaciente

345.0 682.0 421.0 51.0 el valor en la campaña

345.0 721.0 392.0 60.0 dilatandose la hazaña

347.0 768.0 467.0 60.0 que juzga lograr valiente.

349.0 814.0 438.0 60.0 Bien el cristiano vengó,

353.0 861.0 351.0 56.0 el arrojo que logré,

351.0 886.0 500.0 79.0 pues si á sus tierras llegué,

351.0 944.0 511.0 58.0 dentro de Granada él entró.

351.0 985.0 442.0 69.0 Si un rótulo puso osado

353.0 1027.0 380.0 70.0 en el régio pabellon,

353.0 1078.0 413.0 58.0 él con mas admiracion

353.0 1107.0 537.0 81.0 puso otro en el mas sagrado.

359.0 1155.0 581.0 72.0 Yo el nombre por quien lo hacia

353.0 1211.0 490.0 64.0 callé librándome huyendo,

357.0 1254.0 480.0 64.0 él su intento descubriendo

357.0 1291.0 478.0 70.0 dice: que fue por MARIA.

359.0 1341.0 414.0 74.0 El solo nombre perdió

359.0 1388.0 455.0 62.0 con claras letras escrito,

361.0 1428.0 379.0 70.0 y con esceso infinito

361.0 1465.0 478.0 72.0 dama y prendas perdí yo.

361.0 1523.0 432.0 60.0 En llegando á imaginar

361.0 1547.0 529.0 91.0 tan grande afrenta, el valor,

363.0 1614.0 391.0 60.0 quisiera con mi furor

363.0 1645.0 428.0 74.0 cielos y tierra abrasar.

365.0 1692.0 463.0 77.0 Por vengarme en desafio

363.0 1742.0 472.0 66.0 hice ultrajar este nombre

367.0 1777.0 608.0 87.0 que es fuerza salga, si es hombre

367.0 1831.0 433.0 72.0 á volver por él su brio.

370.0 1862.0 508.0 88.0 ¡Celima, que es sol, robada

372.0 1922.0 409.0 70.0 por un infame español!

370.0 1963.0 415.0 68.0 robaréle al cielo el sol

370.0 2000.0 533.0 81.0 pues falta el sol de Granada.

372.0 2052.0 558.0 68.0 Cristianos, Tarfe hoy es quien

372.0 2103.0 543.0 67.0 el nombre del AVE atropella,

376.0 2139.0 541.0 76.0 ¿habra quien vuelva por ella?

332.0 2178.0 651.0 74.0 Sale Garc. Y quien te mate tambien.

336.0 2229.0 629.0 69.0 Tarf. ¿Quien eres, rapaz, que aquí

374.0 2281.0 481.0 58.0 has respondido arrogante?

334.0 2308.0 652.0 112.0 Garc. Soy, moro, quien de MARIA

1025.0 613.0 500.0 64.0 viene á vengar los ultrajes;

1033.0 648.0 529.0 81.0 y soy quien tambien por ella

1029.0 700.0 473.0 66.0 al campo viene á matarte.

998.0 731.0 635.0 93.0 Tarf. Tú á matarme? dí, eres dama,

1029.0 791.0 506.0 64.0 que de lo hermoso te vales,

1031.0 824.0 571.0 83.0 para dar muerte á los hombres

1033.0 874.0 558.0 80.0 con lo hermoso del semblante?

998.0 923.0 544.0 73.0 Garc. Soy un rayo fulminado,

1033.0 961.0 550.0 84.0 que allí en la esfera de Marte,

1037.0 1006.0 422.0 72.0 contra tu loca soberbia

1041.0 1045.0 476.0 75.0 Vulcano forjó en volcanes.

1004.0 1095.0 579.0 78.0 Tarf. Si tan tiernos rayos forja,

1035.0 1138.0 529.0 71.0 bien puede Venus premiarle,

1041.0 1186.0 474.0 64.0 pues solo será el incendio

1037.0 1229.0 536.0 73.0 blando amor en los mortales.

1006.0 1275.0 532.0 76.0 Garc. Moro, tu caballo toma,

1054.0 1316.0 440.0 76.0 y apercíbete al combate,

1048.0 1368.0 456.0 68.0 que presto mi dura lanza

1046.0 1411.0 438.0 72.0 hará que te desengañes.

1010.0 1446.0 525.0 83.0 Tarf. Risa me das, vuélvete,

1048.0 1498.0 463.0 74.0 porque batallas campales

1046.0 1539.0 454.0 77.0 nunca ha usado mi valor

1050.0 1585.0 465.0 74.0 mantenerlas con rapaces.

1012.0 1628.0 528.0 70.0 Garc. Mi valor para conmigo

1054.0 1678.0 486.0 76.0 imagino que es tan grande

1056.0 1723.0 440.0 77.0 que para vencer el tuyo

1048.0 1769.0 432.0 62.0 le lleva muchas edades.

1017.0 1800.0 620.0 82.0 Tarf. ¿Sabes tú que yo soy Tarfe?

1019.0 1851.0 618.0 73.0 Garc. ¿Pues qué tenemos con eso?

1025.0 1899.0 616.0 80.0 Tarf. Donoso estás: ¿y has venido

1058.0 1950.0 405.0 62.0 enviado de tus Reales

1054.0 1988.0 461.0 68.0 á hacer batalla conmigo?

1056.0 2031.0 510.0 68.0 hablemos, rapaz, verdades.

1025.0 2066.0 647.0 85.0 Garc. Sí, que tambien hay en ellos

1060.0 2130.0 424.0 58.0 Davides para gigantes.

1033.0 2151.0 641.0 97.0 Tarf. ¿Por qué no salen los hombres?

1064.0 2215.0 515.0 68.0 mas dirás que son cobardes,

1066.0 2258.0 362.0 75.0 y que te envian á tí

1062.0 2302.0 467.0 103.0 para mover mis piedades.
