1129 1592
579 134 91 35 —4—

210 174 813 38 nar tanto las cosas que le eran anejas, parece que estas voces las tomó

211 201 812 41 por vagas y no se cuidó de ellas; así es, que dichos personajes atribuian

210 232 813 41 la indolencia de don Fernando en este punto, al miedo ó al escesivo

208 260 814 45 amor que profesaba á doña Isabel, la cual unia á los vínculos de esposa

209 290 315 33 el ser nieta de su hermano.

243 319 778 40 Miras particulares se llevaban el de Villena y otros en difundir

207 349 814 41 por el vulgo tales voces; pero miras que más tarde fueron descu-

205 376 815 44 biertas por los que más le vendian amistad, declarando al soberano

204 407 816 44 verbalmente los proyectos concebidos por ellos, y mostrándole por

203 436 816 45 escrito la correspondencia que habian interceptado dirigida á don

202 468 817 42 Juan de Portugal, á la cual contestó inmediatamente don Fernando

202 494 816 47 por medio de su enviado de negocios, Lope de Alburquerque. No

201 524 816 46 habiendo querido don Juan de Portugal dar audiencia al enviado de

200 551 813 51 Castilla, y habiéndolo llegado á saber muy pronto don Fernando,

200 581 816 46 montó en cólera de tal suerte, que nadie se atrevia á dirigirle una

200 612 814 48 palabra. Procuraban aplacarle en algunos momentos de furia, pero

199 645 814 45 todo era en vano; amenazaba que haria entender á sus contrarios

198 673 813 49 lo que merece el que agravia al monarca de Castilla, y que mostra-

197 704 815 40 ria cuán grandes eran sus fuerzas contra los que le enojaban. Tam-

198 734 811 44 poco fueron bastantos á aplacar su ira los ruegos de su hermano don

197 757 813 50 Pedro de Acuña, conde de Buendia, quien le protestaba no se irrita-

196 792 814 45 se tan terriblemente, que tal vez una fraguada noticia, como podia

194 818 815 50 ser, fuera el motivo del ludibrio y las imprecaciones que dirigia sin

192 847 816 52 distincion de parientes y amigos. Solo á las amonestaciones de un

192 878 815 49 personaje, que por respeto se calla, era á las que daba cabida el rey

192 910 814 48 don Ferando. Este personaje se supo grangear su cariño por su

192 936 814 51 bella cualidad, que era la de todo adulador, logrando con sus pala-

191 966 813 46 bras henchir el pecho del monarca, cada dia de mayor pasion. Aun

188 995 818 48 la misma reina Isabel tuvo en muchas ocasiones que valerse de este

187 1025 473 41 favorito para hablar con su real esposo.

224 1058 780 45 Estos sucesos ocurrian en el palacio de la imperial Toledo, cuan-

184 1084 819 46 do dió á luz la reina Isabel, el 6 de Noviembre de 1449, á la prin-

184 1115 817 49 cesa doña Juana de Castilla, muy parecida á su abuela doña Juana,

184 1141 819 53 esposa de don Juan III de Aragon, segun afirma el autor de Las Rei-

184 1171 169 40 nas Católicas.

195 1201 808 52 El nombre de doña Juana es el de uno de los monarcas que por

183 1233 818 48 más largo tiempo han figurado en España al frente de los documen-

183 1260 819 54 tos y órdenes reales, y no obstante se puede afirmar que en pocas

183 1290 817 50 ocasiones, ó mejor dicho en ninguna, tuvo parte la aficion á los tra-

182 1318 816 63 bajos que le proporcionaba su elevada gerarquía. Esta especie de
