1116 1573
528 128 104 47 — 12—

153 191 818 26 apartaba su vista, colmándolo de improperios é imprecaciones; huia de

152 207 819 37 todas las personas y no preferia más que la soledad: en esta hallaba

152 240 817 35 distraccion, dedicando su pensamiento á Felipe, á pesar de serle infiel.

152 268 818 33 Con este motivo determinó abandonar la córte y retirarse á la Mota de

152 296 819 38 Medina del Campo, por estar íntimamente persuadida de que en este lu-

152 325 818 41 gar se veria libre de los observadores cortesanos, y poder desde allí es-

153 355 817 38 cribir á la reina Isabel, su madre, notificándola su última resolucion

154 385 815 37 que era la de partir á la mayor brevedad á Flandes, para de esta suerte

154 414 816 37 volver á ser dueña del corazon de su esposo, y destruir cuanto ántes el

153 443 817 37 amor que hubiera depositado en la rubia española. La reina Isabel, án-

153 474 816 40 tes que su hija, estaba enterada de todo, conocia perfectamente el ar

153 502 817 40 diente amor que esta profesaba á su marido, y presumiéndose que tal

154 533 815 42 vez su partida seria el móvil principal de un gran escándalo, trató de

153 562 816 41 evitar su marcha, aunque á costa de mucho trabajo. Conocia que las

153 591 816 42 relaciones de amor de Felipe eran demasiado nuevas para que tan pron-

154 623 816 41 to pudiese haber un rompimiento. Así es que trataba de disuadirla de

153 652 816 40 la idea de marcharse, poniéndola por pretexto el hallarse sumamente

153 680 816 37 delicada de salud, y tambien el encontrarse su padre celebrando Córtes

155 712 813 39 en Aragon, el cual adorándola tan entrañablemente, sentiria muchísimo

154 741 813 37 el que se hubiera tomado esta determinacion sin su consentimiento.

155 769 813 38 Tanto la reina Católica como su hija doña Juana, llevaban su intencion;

155 799 814 41 la primera, por si podia, sin dar escándalo, desvanecer el amor que ha-

153 829 815 43 bia puesto Felipe en la camarista; y la segunda, porque queria dar una

154 859 540 39 leccion á su esposo, confundiendo á su querida.

165 881 804 45 No dejaba doña Juana de escribir á su madre con el objeto indi-

154 917 815 39 cado; pero inútiles habian sido hasta entonees sus súplicas para al-

153 948 816 35 canzar el permiso de esta: habia llegado hasta el punto de mandar á

152 975 815 38 los personajes más infiluyentes de su córte para ver si por este medio

153 1006 816 39 lograba lo que hubiese deseado aun á costa de su vida. Mas viendo que

153 1034 815 38 todo era en vano, tomó la determinacion de marcharse sin el consen-

154 1064 814 37 timiento de su madre, sin que llegase á oidos de su padre, y si era

153 1093 813 41 posible, sin que se enterasen más que los conductores de su car-

153 1123 810 34 ruaje. A aquellas personas en quien tenia depositada su confianza,

153 1152 812 39 dió las órdenes oportunas para que á la mayor brevedad preparasen

155 1184 812 36 los útiles más necesarios de marcha. Todo se encontraba ya dispuesto;

154 1212 813 37 pero quiso la casualidad fuese avisada doña Isabel de esta resolucion

154 1240 811 39 inesperada, por lo cual mandó inmediatamente á don Juan de Fonseca,

155 1270 812 38 obispo de Córdoba, para que la suplicase en su nombre no marchara.

157 1299 813 39 A punto de subir al carruaje estaba ya doña Juana cuando llegó el en-

157 1327 813 45 viado de la reina. Un momento despues no la hubiera encontrado. Man-
