1143 1519
505 70 98 40 —7—

144 115 814 34 nar á tan augusta princesa: se puede decir para abreviar, que se habian

146 136 428 40 dispuesto con elegancia y profusion.

184 160 775 45 Terminados los preparativos, se dirigió toda la real familia por

146 189 812 45 Almazan al puerto de Laredo, para despedir á tan excelsa infanta,

144 219 817 45 escepto el rey don Fernando, que por hallarse celebrando Córtes en

146 247 816 44 Aragon, no pudo verificarlo, muy á pesar suyo. El malogrado príncipe

146 276 816 46 don Juan, hermano de doña Juana, y su augusta madre, la acompaña-

147 306 815 42 ron hasta la entrada del navío, donde anegados en un mar de lágrimas,

146 335 816 44 se dieron mútuamente el más tierno y afectuoso adios. Adios que reso-

148 364 816 41 nó por todos los ángulos de la embarcacion, en señal de reconocimiento

148 393 816 43 á las reales personas que quedaban en tierra. El dia 19 de Agosto de

151 422 813 37 1496 se hicieron á la vela con direccion á los Estados flamencos. Ningun

148 451 816 42 contratiempo se habia notado, ninguna cosa que hubiera venido á tur-

151 481 814 37 bar la tranquilidad de la ilustre viajera habian ocurrido, hasta tocar en

148 510 815 40 las costas de Flandes, en donde se levantó un temporal tan borrascoso,

149 539 814 40 que se vieron precisados á guarecerse en el primer punto de salvacion

151 570 813 39 que encontraron. Grande era la afliccion de doña Juana al ver en tan

150 598 814 42 inminente peligro su vida; pero Dios quiso que pudiesen arribar en el

151 627 814 43 puerto de Toorlan, en Inglaterra, despues de haber luchado con los em-

152 656 813 41 bravecidos oleajes que un momento más los hubiera sumergido en lo

153 685 812 43 profundo de los mares. Permanecieron en esta poblacion siete dias, du-

152 716 814 42 rante los cuales fué la infanta muy obsequiada por las damas y caballe-

155 745 811 46 ros principales de aquel país, que acudieron presurosos á besar su mano

154 775 442 54 y juntamente á ofrecerla sus servicios

470 877 179 65 CAPITULO II.

180 961 759 66 De cómo se casó doña Juana, los hijos que tuvo y otros asuntos del

476 1013 174 42 mayor interés.

193 1079 772 60 Cuando el temporal se hubo apaciguado, dispusieron el viaje há-

154 1124 813 44 cia Flandes; y el 8 de Setiembre desembarcaron en la bahía de

155 1154 811 46 Ramna, puerto situado en las inmediaciones de Holanda, sin otro con-

153 1185 814 41 traste que haber desaparecido varias alhajas de gran valor de la prin-

156 1215 812 41 cesa, porque el navío donde se encontraba su real cámara encayó en un

155 1242 814 49 banco llamado el Monge, sitio bastante peligroso. El príncipe que el
