1133 1581
552.0 91.0 122.0 21.0 —16—

201.0 107.0 827.0 39.0 en la venganza. ¡Y, cosa admirable en esta mujer!... De esta venganza

199.0 144.0 828.0 35.0 no quería fuese partícipe su esposo, pues aunque habia llegado á notar

200.0 169.0 827.0 37.0 el despego y descaro con que solia tratarla, no obstante, lo idolatraba

200.0 200.0 826.0 35.0 de todo corazon. Su furia era expresamente dedicada para su adversa-

199.0 228.0 826.0 36.0 ria, para aquella indigna mujer que le habia arrebatado lo que más

196.0 258.0 829.0 37.0 adoraba en la tierra. Y gracias que la timidez de abandonar del todo el

197.0 286.0 585.0 35.0 amor de su marido, la reprimia en parte

234.0 316.0 788.0 38.0 Ya era testigo el palacio de Bruselas de los descompasados gritos,

196.0 345.0 827.0 37.0 las repetidas contiendas y descompuestas palabras de los jóvenes prín-

196.0 374.0 827.0 39.0 cipes, sin embargo de poner cuanto estaba de su parte por disimular

196.0 408.0 491.0 34.0 el archiduque, para evitar los escándalos.

205.0 433.0 815.0 40.0 Los celos habituales de la infanta daban orígen á que no cesase

195.0 463.0 825.0 35.0 de acechar el momento de realizar su venganza; mas llegó por des-

194.0 494.0 827.0 36.0 gracia. Un dia, ¡dia fatal! que paseando su errante mirada por todos

193.0 523.0 827.0 40.0 los objetos que la circulaban, se encontró con la camarista, echó
