1146 1546
541 52 87 52 — 18—

196 99 803 40 Restablecida doña Juana de su parto, pusiéronse en camino; mas

174 127 824 43 un fuerte temporal los hizo arribar á Inglaterra, en cuyo reino fueron

175 155 824 43 perfectamente recibidos. Pocos dias despues partieron con direccion á

175 187 824 38 España, llegando el 26 de Abril de 1506 á la Coruña, donde esperaba la

175 216 825 43 mayor parte de la grandeza á recibirlos y rendir un justo homenaje á

176 249 825 37 sus nuevos monarcas. A su paso por Valladolid fueron jurados, y alla

177 278 726 38 disfrutaron de las fiestas que habian prevenido en su obsequio.

213 310 789 36 Parecia estar en esta época sumamente aliviada doña Juana, no

178 335 823 41 tratando más que de complacer á su esposo en todo, y dejándolo gober-

181 371 820 33 nar el reino á su gusto. Pero ¡cuán poco le duró esta felicidad! Así que

179 395 824 41 se concluyeron las Córtes de Valladolid, determinaron recorrer las

181 425 824 40 principales capitales de España para darse á conocer, porque así lo exi-

182 455 822 40 gian en todas partes. Empezaron su carrera por Búrgos; pero ¡oh des-

182 485 822 40 gracia! En una de las tardes que salian á pasear, se acaloró tanto don

183 518 822 33 Felipe en una partida de pelota, que le sobrevino una pulmonía, de cu-

185 544 820 40 yas resultas fué víctima á los seis dias, dejando embarazada á doña Jua-

186 573 818 40 na de seis meses. Falleció Felipe el Hermoso el 29 de Setiembre de 1506,

186 604 478 35 cuando contaba apenas veintiocho años.

224 633 781 39 Tal fué el poderoso influjo que obró en la imaginacion de la nue-

189 663 816 39 va reina la inesperada muerte de su esposo, que muchos dias estaba

190 693 814 37 fuera de sí, y encerrada en el aposento que á ella le parecia más ló-

189 724 816 38 brego y triste. Durante este enagenamiento, se habian hecho los fu-

190 754 816 35 nerales, y por consiguiente el cadáver del monarca sepultado en la

189 782 817 37 Cartuja de Miraflores. En cuanto esto llegó á su noticia, mandó se lo

190 813 817 40 trajesen en una caja bien dispuesta y embetunada, porque no queria

192 843 814 36 vivir lejos de él. Así se practicó, y no permitia que nadie entrase, lle-

193 873 815 37 vándose los dias y las noches contemplando los restos del ídolo de su

193 905 815 36 amor. (1) Ninguna clase de ruegos la hacian desistir de alejarse del

193 934 814 35 cadáver. En vano eran las amonestaciones del Cardenal Cisneros, inú-

195 966 814 36 tiles tambien las de las damas y principales personajes, advirtiéndole

195 992 814 35 la necesidad de ocuparse de los negocios del reino. Cerróse por den-

195 1021 815 39 tro de la habitacion y mandó hacer una ventanita para que por allí

195 1053 816 34 pudiesen mandarla algunos alimentos. Muchas veces iban los grandes

196 1079 815 38 á hacerla saber la alteracion en quese hallaba España, y contestaba que

195 1109 816 41 si su hijo estaba en disposicion, viniese á gobernarla, y que si no su pa-

197 1140 814 39 dre; que ella tenia otros deberes más sagrados que cumplir como viuda.

236 1168 778 42 Varios de los personajes creian, al oirla hablar con cordura algunas

219 1257 561 41 (1) Véase el grabado que va al frente de esta historia.
