1118 1542
534 59 99 47 — 8—

164 104 822 43 Cielo habia destinado para ser esposo de doña Juana, habitaba entonce

163 138 823 36 suntuoso palacio en Laude, pueblo del Tirol; mas cerciorado de la veni-

165 167 818 36 da de su cara prometida, abandonó este, dirigiéndose con la mayor ve-

164 197 815 35 locidad á Lieja, donde tuvo el placer de admirar la belleza de la infanta,

161 226 821 39 despues de haberla esperado impaciente en esta ciudad trece dias. Inme-

161 257 820 37 diatamente se puso en ejecucion el casamiento, habiéndoles dado las

161 286 603 35 bendiciones don Diego de Villaescusa, dean de Jaen.

193 314 787 40 Practicadas con la mayor solemnidad y magnificencia las ceremo-

157 345 822 37 nias de costumbre, pasaron á Amberes, y de aquí á Bruselas, donde

157 377 820 35 fueron colmados de enhorabuenas, y donde tenian dispuestas para su

156 403 821 41 llegada los habitantes de esta provincia muchas fiestas, de las cuales

155 434 821 33 estuvieron los jóvenes esposos disfrutando largo tiempo. Tales fueron las

153 461 822 38 diversiones dispuestas por el pueblo de Bruselas, que afirman algunos

153 493 821 44 autores se le oyó más de una vez decir á Felipe, que de buena gana se-

152 522 447 36 ria su punto de residencia esta capital.

187 546 784 45 Es opinion comun que don Felipe era de una arrogante figura,

150 581 822 37 apuesto caballero y muy amigo de vestir con esplendidez. Añádese á

149 609 821 41 esto un carácter amable, por lo cual todos lo apreciaban. Estas cualida-

149 640 821 35 des fueron las que le granjearon el renombre de Hermoso. La infanta

146 669 823 38 doña Juana, era por el contrario, estremada y enérgica; pero no obstan-

148 701 820 32 te, seapoderó de ella una pasion tan vehementísima, que desde el ins-

146 729 822 34 tante que le vió le amó con ciega idolatría. El cariño de doña Juana há-

143 756 822 39 cia Felipe el Hermoso se aumentaba más cada dia, por el modo de vivir

143 791 821 37 que observaron, y por el buen comportamiento del archiduque, que como

141 822 823 31 jóven, no pensaba en otra cosa que en los placeres; así es que contínua-

141 848 821 37 mente se hallaban en torneos, saraos y otras diversiones, con las cuales

141 878 819 39 crecia más la pasion de su jóven esposa, contemplando la gallardía y

139 908 821 34 la destreza en las armas de su Felipe. Su marido era el objeto de sus

139 941 822 34 adoraciones, en él tenia depositado su corazon y para él únicamente vi-

137 969 820 35 via; el jóven archiduque pagaba este cariño á doña Juana con todo el

136 995 821 38 calor de su corta edad, y las galantes maneras de un príncipe, de suerte

136 1025 820 36 que la infanta se contaba por uno de esos séres más felices, y mucho

134 1055 625 39 más cuando llegó á notar que pronto iba á ser madre.

151 1083 803 35 Llegó la ocasion en que partieron para Flandes despues de al-

132 1110 822 41 gun tiempo, donde dió á luz doña Juana el 15 de Noviembre de

132 1140 819 40 1498 á doña Leonor, continuando hasta entonces ileso su amor en

131 1171 818 37 ambos y no cesando de ser el ejemplo de los esposos bien queridos.

129 1199 786 39 A pesar de que aunque no hubiera sido así, bastaba solamente

128 1227 773 58 posesion del fruto de su casamiento para que hubiese tomado más

127 1258 355 48 cremento su acendrado cariño.
