1129 1592
505 134 78 49 — 5—

122 187 816 32 hastío al destino árduo que debia ejercer á la edad que requieren las

122 205 822 44 leyes, se le iba aumentando con los años; por el contrario, cualquier

122 236 822 41 faena á que la dedicasen de las propias de su sexo, la abrazaba

122 263 823 42 con el más indecible júbilo; así es que todavía de corta edad, era la

122 293 822 46 admiracion de cuantos la oian y observaban sus entretenimientos. A

123 325 821 41 esto se puede añadir que su nombre no era más que una mera forma

124 352 607 42 para dar á conocer que la heredera del trono existia.

150 382 795 43 Cuando pocos años despues su hijo, el célebre Cárlos V, tomó las

122 413 822 43 riendas del gobierno de España, por la habitual imposibilidad de su

123 442 823 43 madre, observó el mismo método, ora porque así lo dispusieron en va-

122 473 822 42 rios Estamentos del reino, ora porque ella era la soberana en realidad,

124 505 820 36 y ora por respeto y atencion, como lo hizo conocer al renunciar los

122 531 822 42 Estados en su hijo Felipe, al cual pedia encarecidamente hiciese con-

122 558 822 45 servar ileso el nombre de su desventurada abuela al frente de los ne-

127 591 538 39 gocios públicos, para no causarla descontento.

158 619 787 41 Cicuenta años conservó esta soberana el título de reina de Espa-

122 649 822 41 na, á pesar de no haber gobernado ni un solo dia; tal era la enagena-

121 678 824 43 cion mental de que se hallaba poseida, causada por los poderosos y bien

122 711 654 38 fundados motivos que más adelante se irán conociendo.

153 739 793 36 El memorable don Francisco Gimenez de Cisneros y el rey don

122 769 823 38 Fernando, ordenaron como gobernadores durante la menor edad de

122 797 822 40 Cárlos V, no se hiciese pública la insuficiencia de Doña Juana, á pesar

122 826 822 38 de estar intimamente convencidos de su incapacidad; de manera que

122 857 822 40 por muchos y reiterados esfuenzos que hicieron algunos para declarar

122 887 822 39 su nulidad, no lo lograron, y eso que para nada les estorbaba, pues que

124 921 820 37 jamás se resintió de que no contasen con su voluntad para ninguno de

125 947 284 38 los actos del gobierno.

146 975 795 39 Su razon se encontraba sumamente turbada por los impulsos de una

122 1003 820 42 lícita y vehemente pasion; por esta causa fué su vida cruel la de un reo

122 1034 819 37 aprisionado; y si alguna vez pareció resentirse de su precaria suerte,

122 1063 822 39 era para en seguida fomentarla ella misma con los padecimientos de

122 1094 820 38 su imagición ardiente, creyéndose que tal vez cometeria un desacato

122 1124 552 32 contra el objeto de sus más tiernas adoraciones.

156 1151 784 40 Hé aquí el motivo por qué un nombre de suyo tan esclarecido,

122 1185 821 38 apenas ha figurado, bajo el concepto político, en el catálogo inmen-

122 1216 821 35 so de los soberanos españoles; y por consecuencia es enteramente

122 1247 821 32 nulo. Mas no obstante de todo, fué reina de esta magnánima y po-

121 1270 823 41 derosa nacion, hija de los grandes reyes Católicos don Fernando y do-

122 1301 822 38 ña lsabel, y madre del noble y valiente emperador Cárlos V; de suer-

121 1330 824 47 te, que los pormenores de su vida privada, los motivos por que le so-
