1108 1534
478 57 99 44 — 15—

103 106 824 29 los de doña Juana. Pero vivian con la esperanza, el primero de que ja-

105 130 824 38 más esta se enteraria de sus amores, y la segunda de vengarse de una

106 161 653 34 mujer que tan grandes sinsabores la habia hecho sufrir.

142 189 788 37 Desde Brujas se trasladaron á Bruselas y en este punto fijaron su re-

107 214 265 37 sidencia por entonces.

144 248 789 37 ¿Quién puede ocultarse lo suficiente de las investigadoras pesquisas

109 279 825 35 de una mujer perspicaz? Esta reflexion debió hacer Felipe el Hermo-

109 305 825 36 so. ¿Quién puede ocultarse tampoco de las escudriñadoras miradas de

110 334 824 40 los dependientes de un palacio, donde es una especie de comercio de

111 364 824 39 los chismes y enredos, dando publicidad en su provecho á todos los de-

114 395 301 36 fectos de sus soberanos?

148 426 789 32 Grande paz pareció reinar al principio desde la llegada de doña

115 453 823 39 Juana; el archiduque hacia por no dar á conocer á nadie lo que ocu-

115 489 822 32 paba su imaginacion, disimulando en cuanto podia el amor de su

115 512 822 36 rubia, pero se engañaba; ni aun sus pasos más recónditos se escapaban

117 542 822 40 á la penetracion de su esposa. Los mismos palaciegos daban parte

118 575 821 32 diario á su señor de si lo celaba su esposa; y estos mismos palacie-

119 599 822 40 gos cercioraban á la archiduquesa detalladamente de cuanto podia

121 629 820 40 contribuir á irritarla más. Por uno de estos llegó á saber que una de

121 658 822 36 las cosas que más habian encantado á su esposo de la camarista, era

121 687 822 39 su hermosísima, poblada y rubia cabellera. Mas no contento aun con

123 722 821 36 esta declaracion, le indicó los sitios y horas donde comunmente se

124 748 187 36 daban las citas.

158 774 788 39 Con la relacion anterior llegó á agotarse completamente la pacien-

123 805 823 39 cia de la archiduquesa, porque acabó de conocer que habia emplea-

124 838 821 34 do en vano todos los recursos que le proporcionara su acendrado amor,

125 864 822 39 para ver si de esta suerte hacia desaparecer de su marido una pasion

126 899 818 35 que ella jamás creyó arraigada, porque la creia un capricho. Sus celos,

126 923 819 36 refrenados por algun tiempo, eran desde esta dia un violento fre-

126 951 820 39 nesí que aumentaba sus padecimientos. Alguna que otra vez ya habian

127 986 818 34 mediado varias palabras entre los esposos; pero el archiduque, muy

128 1012 819 37 enamozado de su rubia, hacia por disculparse, practicándolo con la

130 1040 816 38 mayor sangre fria. Estas cosas era imposible durasen así largo tiempo,

128 1068 820 39 porque ni el uno podia satisfacer su amor, ni el otro soportar tantas hu-

130 1099 817 35 millaciones y desvíos, y tampoco, porque las pasiones de ánimo no se

130 1129 210 40 pueden contener.

167 1157 783 35 Una escena terrible, por un descuido de Felipe, tuvo lugar. Le

129 1186 824 35 sorprendió su esposa con la querida... Grande fué el escándalo que

131 1216 823 37 circuló por toda la córte, y grande fué el trabajo que le costó contener

132 1245 822 52 la furia de su mancillada esposa, porque esta ya no pensaba más que
