1753 2480
117.0 115.0 437.0 54.0 Cuatro con María fueron

117.0 159.0 399.0 55.0 Los asistentes de Dios,

115.0 200.0 488.0 58.0 Que son José y Nicodemos,

113.0 237.0 438.0 54.0 El Centurión y san Juan;

117.0 285.0 397.0 45.0 Al pie de la cruz están

113.0 322.0 474.0 50.0 Argumentando los dos.

157.0 363.0 380.0 48.0 Tres veces cayó Jesús

111.0 398.0 476.0 89.0 Siendo tan manso cordero,

907.0 115.0 422.0 54.0 Cargado con el madero

913.0 161.0 405.0 53.0 Tan pesado de la cruz;

911.0 198.0 432.0 52.0 A las tres subió á la luz,

911.0 239.0 484.0 64.0 Murió así que acabó el día,

913.0 283.0 414.0 49.0 Y probando esta porfía

909.0 322.0 442.0 56.0 Salió con victoria el tres,

911.0 363.0 418.0 50.0 Porque el argumento es

913.0 396.0 527.0 79.0 Cual mejor número hacía.

549.0 487.0 391.0 66.0 Una vieja me lo dió

547.0 529.0 519.0 66.0 Una noche fresca y clara,

547.0 576.0 488.0 56.0 Al punto quedó preñada ,

551.0 613.0 441.0 87.0 Y á mí no me se paró.

148.0 696.0 478.0 64.0 Cuando con ella encontré,

113.0 748.0 383.0 49.0 Venía con su bordón,

113.0 787.0 405.0 52.0 Se puso á darme razón

111.0 830.0 393.0 52.0 De Dios y su santa fé;

117.0 863.0 412.0 56.0 Y también me dijo que

113.0 911.0 395.0 50.0 Aquel el alma me dió,

117.0 948.0 372.0 56.0 Y su sangre derramó

113.0 989.0 474.0 50.0 Por pies, manos y costado:

113.0 1027.0 376.0 53.0 Este consejo sagrado

113.0 1068.0 426.0 52.0 Una vieja me lo dió.

150.0 1105.0 412.0 66.0 Me dijo que el Paraíso

113.0 1149.0 358.0 57.0 Era cosa verdadera,

115.0 1196.0 474.0 48.0 Que enmendara mi carrera

119.0 1231.0 348.0 52.0 Y que tuviera juicio;

113.0 1273.0 418.0 47.0 Que olvidara todo vicio

119.0 1308.0 490.0 56.0 Y que de Dios me acordara,

113.0 1353.0 426.0 50.0 Que lágrimas derramara

113.0 1395.0 383.0 47.0 Siguiendo su religión

119.0 1434.0 356.0 56.0 Y tendría la ocasión

117.0 1473.0 509.0 77.0 Una noche fresca y clara

950.0 698.0 439.0 60.0 También dijo que María

909.0 748.0 418.0 49.0 Parió y quedó doncella,

909.0 787.0 478.0 54.0 Más pura que las estrellas.

913.0 826.0 455.0 50.0 Y más que la luz del día:

911.0 872.0 395.0 49.0 Sólo se ha visto Maria

913.0 913.0 412.0 50.0 Doncella y embarazada,

915.0 944.0 484.0 68.0 La consecuencia está clara;

913.0 989.0 333.0 58.0 María nunca pecó,

913.0 1020.0 515.0 62.0 Fué que el Verbo se encarnó

919.0 1070.0 532.0 58.0 Y al punto quedó preñada.

957.0 1107.0 490.0 56.0 También me dijo que había

915.0 1144.0 565.0 69.0 Muerte, Juicio, Infierno y Gloria

913.0 1196.0 474.0 52.0 Que lo tuviera en memoria

917.0 1229.0 372.0 52.0 Y no me condenaría;

913.0 1266.0 401.0 58.0 Que perdón alcanzaría

913.0 1308.0 515.0 53.0 De aquél que el alma me dió:

913.0 1355.0 436.0 54.0 Estas palabras me habló

919.0 1392.0 416.0 54.0 Y prosiguió caminando,

911.0 1434.0 465.0 56.0 Otro atrás la iba llamando

924.0 1475.0 438.0 87.0 Y á mí no me se paró.

545.0 1556.0 478.0 64.0 Un hermoso regimiento

547.0 1614.0 565.0 53.0 En la gloria se ha formado,

543.0 1649.0 536.0 53.0 Dan por armas la oración,

551.0 1688.0 561.0 79.0 Y andan buscando soldados.

148.0 1775.0 370.0 60.0 Cristo va de coronel

111.0 1820.0 517.0 52.0 Marchando con gran primor,

119.0 1860.0 364.0 51.0 Y de sargento mayor

117.0 1901.0 453.0 52.0 Va el arcángel S. Miguel:

113.0 1938.0 432.0 58.0 El otro arcángel Gabriel

115.0 1986.0 492.0 47.0 Marcha de primer sargento:

115.0 2027.0 474.0 50.0 De alférez de gran portento

115.0 2070.0 381.0 50.0 El seráfico Francisco,

115.0 2108.0 505.0 47.0 Y en estos santos se ha visto

115.0 2145.0 496.0 58.0 Un hermoso regimiento.

152.0 2190.0 410.0 50.0 De teniente va S. Juan,

111.0 2225.0 533.0 83.0 Grado que muy bien le cuadra,

909.0 1773.0 519.0 58.0 San Diego cabo de escuadra,

909.0 1820.0 401.0 50.0 San Javier de capitán;

911.0 1864.0 354.0 51.0 Cadete S. Sebastián,

911.0 1905.0 467.0 54.0 San Andrés de habilitado,

909.0 1940.0 374.0 56.0 De capitán graduado

911.0 1986.0 395.0 51.0 El lucero S. Domingo,

915.0 2017.0 414.0 60.0 Y este regimiento lindo

913.0 2054.0 565.0 64.0 En la gloria se ha formado.

952.0 2101.0 495.0 56.0 Un santo Tomás de Aquino

913.0 2145.0 414.0 51.0 Va de valiente soldado,

909.0 2186.0 393.0 52.0 De oficial abanderado

909.0 2229.0 387.0 83.0 El famoso de S. Lino;
