1860 2629
160.0 258.0 519.0 70.0 Mas nó que eres mi consuelo

164.0 308.0 410.0 55.0 Y te adoro con lealtad,

162.0 352.0 441.0 59.0 Cuando tu con impiedad

162.0 392.0 445.0 54.0 Me das pesar tan injusto,

164.0 433.0 478.0 53.0 Mas si matarme es tu gusto

168.0 477.0 424.0 48.0 Hágase tu voluntad.

201.0 512.0 358.0 55.0 En fin, hechizo leal,

162.0 554.0 478.0 66.0 Cuando aspiro á tu desdén

958.0 265.0 434.0 54.0 He de morir yo también

962.0 306.0 430.0 57.0 Siendo causa de mi mal;

962.0 346.0 457.0 57.0 Muera al filo de un puñal;

960.0 383.0 496.0 59.0 No, dama, no seas homicida

965.0 429.0 443.0 57.0 Pues me priva de la vida

967.0 475.0 392.0 52.0 Herida tan penetrante,

965.0 510.0 495.0 57.0 Vive mi bien con tu amante,

965.0 549.0 552.0 81.0 Muera yo porque otro viva.

197.0 843.0 428.0 72.0 Por tu amor atropellara

164.0 907.0 572.0 52.0 Con dos mil riesgos que hubiera

168.0 942.0 446.0 54.0 Y con valor los venciera,

164.0 983.0 487.0 57.0 Brazo á brazo, cara á cara;

166.0 1025.0 397.0 55.0 Pero entonces declara

166.0 1071.0 485.0 55.0 Lo que nunca se ha sabido,

166.0 1108.0 397.0 53.0 Y así te suplico y pido

166.0 1147.0 524.0 53.0 Que hagas por venir á verme;

164.0 1187.0 496.0 50.0 Pues por ti vengo á creerme

168.0 1226.0 509.0 55.0 De amor y dolor rendido.

206.0 1266.0 445.0 57.0 No es mi voluntad escasa

164.0 1307.0 478.0 53.0 Para adorar tu hermosura,

166.0 1351.0 441.0 53.0 Pero el cielo ya procura

168.0 1391.0 457.0 57.0 Que yo no vaya á tu casa;

171.0 1428.0 432.0 57.0 Y no ignoro lo que pasa

168.0 1467.0 476.0 57.0 Cada instante y cada hora,

171.0 1516.0 454.0 48.0 Pues por quererte señora,

173.0 1551.0 511.0 57.0 Tu esposo me ha aborrecido,

173.0 1594.0 491.0 49.0 Y así á tus plantas rendido,

184.0 1632.0 500.0 76.0 Vivo por tí, bella aurora.

1006.0 850.0 496.0 70.0 Fuerza es que nos adoremos

965.0 896.0 364.0 57.0 Quitándole la razón,

965.0 939.0 379.0 53.0 Pero con moderación

965.0 974.0 440.0 62.0 ¡Mi vida! nos gozaremos;

962.0 1023.0 415.0 54.0 Con cuidado viviremos,

965.0 1058.0 476.0 57.0 Hasta que llegue esa hora,

965.0 1104.0 454.0 52.0 Que es preciso por ahora,

969.0 1141.0 432.0 55.0 Y nos perdemos los dos,

965.0 1185.0 423.0 55.0 Dándonos muerte veloz

969.0 1222.0 557.0 61.0 Que es lo que siento, señora

1002.0 1264.0 454.0 54.0 En fin, yo te he de querer

969.0 1303.0 441.0 55.0 Y nunca te he de olvidar

965.0 1345.0 381.0 50.0 Y puedes segura estar

967.0 1386.0 480.0 51.0 Que no te he de aborrecer,

967.0 1424.0 430.0 52.0 Y siempre te he de tener

965.0 1467.0 410.0 53.0 En el pecho sin olvido,

969.0 1502.0 362.0 60.0 Y viviré entretenido,

967.0 1544.0 458.0 59.0 Prenda del alma querida,

971.0 1586.0 353.0 54.0 Y le quitaré la vida

969.0 1625.0 489.0 83.0 S lo estorba tu marido.

824.0 1954.0 147.0 74.0 FIN

607.0 2357.0 586.0 105.0 Imps. Hospital, 19 «El Abanico»

603.0 624.0 493.0 77.0 De amor y dolor rendido

603.0 683.0 498.0 61.0 Vivo por ti bella aurora;

609.0 722.0 426.0 62.0 Y sólo siento, señora;

605.0 766.0 504.0 81.0 Que lo estorbe tu marido.
