877 1240
146.0 37.0 341.0 33.0 cerca la tumba de vuestra amada,

146.0 62.0 338.0 35.0 estariais separados para siempre.

146.0 84.0 295.0 35.0 ¿Lo que os digo comprendeis?

126.0 107.0 204.0 33.0 Leand. ¡Es verdad!

124.0 129.0 362.0 31.0 Sep. Vos me dijisteis que vuestra

143.0 150.0 344.0 42.0 amada era pura como las vírgenes

144.0 189.0 102.0 15.0 del Edén.

125.0 193.0 196.0 34.0 Leand. Es verdad.

123.0 218.0 364.0 44.0 Sep. Siendo inocente y pura, gozará

142.0 241.0 229.0 29.0 de la celeste morada...

125.0 258.0 179.0 35.0 Leand. Es justo.

125.0 284.0 355.0 35.0 Sep. Y el que muere por un crimen,

142.0 307.0 340.0 32.0 sin confesión, sin el amparo de la

142.0 329.0 278.0 33.0 religión ¿dónde va su alma?

123.0 351.0 358.0 40.0 Leand. ¡Ay de mí! ¿qué es lo que

145.0 377.0 154.0 27.0 yo he hecho?...

124.0 389.0 355.0 42.0 Sep. Bien haceis en verter lágrimas,

142.0 420.0 339.0 31.0 joven; ellas me dan á conocer que

142.0 442.0 337.0 34.0 vuestro corazón no está pervertido,

142.0 465.0 337.0 29.0 y que sólo una ofuscación de vues-

142.0 488.0 337.0 32.0 tros sentidos os hizo cometer el

141.0 510.0 338.0 39.0 crimen que gracias á Dios no ha

141.0 529.0 206.0 32.0 logrado consumarse.

119.0 550.0 360.0 39.0 Leand. Pero ¿quién os ha dicho que

142.0 577.0 256.0 40.0 yo trataba de suicidarme?

119.0 593.0 177.0 33.0 Sep. Este papel.

121.0 614.0 340.0 40.0 Leand. ¡Ah, dádmelo por piedad!

119.0 639.0 357.0 39.0 Sép Joven, no temais; el pábilo

137.0 666.0 337.0 34.0 de esta luz guardará vuestro secre-

138.0 688.0 337.0 43.0 to... mirad... ya está reducido á ce-

138.0 710.0 63.0 29.0 nizas.

117.0 739.0 358.0 25.0 Leand. Gracias, amigo. Yo premiaré

139.0 754.0 335.0 34.0 vuestra honradez. Tomad el oro

138.0 778.0 135.0 31.0 que me resta.

115.0 792.0 360.0 50.0 Sep. No permita Dios que vuelva yo

137.0 824.0 289.0 48.0 á tomar otra moneda vuestra.

502.0 42.0 365.0 37.0 Leand. Pues ¿cómo pagaré el favor

526.0 69.0 337.0 30.0 queherecibido esta noche de vos?...

509.0 85.0 353.0 42.0 Sep. Con un favor muy sencillo,

525.0 113.0 339.0 43.0 que me prometais cumplir exacta-

524.0 140.0 73.0 25.0 mente.

506.0 150.0 356.0 40.0 Leand. Bajo mi palabra os lo prometo.

503.0 182.0 361.0 38.0 Sep. Que nunca más atentaréis con-

523.0 203.0 221.0 32.0 tra vuestra existencia.

503.0 219.0 359.0 41.0 Leand. No lo temais, honrado ancia-

523.0 250.0 337.0 27.0 no; vuestras palabras me han he-

523.0 273.0 338.0 27.0 cho abrir los ojos á la luz de la

523.0 289.0 337.0 36.0 razón y me han hecho conocer la

522.0 313.0 336.0 35.0 enormidad de mifalta... Pues bien,

524.0 335.0 329.0 38.0 yo trataré de purgar mi delito, y

522.0 354.0 336.0 40.0 haré todo lo posible para hacerme

521.0 381.0 336.0 38.0 digno de la que fué en la tierra un

521.0 406.0 153.0 31.0 ángel de amor.

541.0 422.0 312.0 41.0 Un sayal cubrirá mi cuerpo, y

520.0 447.0 336.0 36.0 con las plantas desnudas empren-

520.0 472.0 336.0 30.0 deré mi peregrinación hasta la ciu-

519.0 494.0 336.0 35.0 dad Santa, y postrado á los piés

517.0 514.0 338.0 35.0 del Vicario de Jesucristo imploraré

518.0 537.0 337.0 34.0 rendido el perdón de mi enorme

518.0 561.0 336.0 32.0 delito, y dejando los mundanos

518.0 583.0 336.0 37.0 pensamientos, sólo me ocuparé en

517.0 604.0 335.0 32.0 la penitencia y el bien de las al-

518.0 628.0 334.0 40.0 mas, como vos habeis hecho con-

517.0 661.0 62.0 17.0 migo.

537.0 667.0 316.0 46.0 Adiós, amigo; hasta que nos vol-

515.0 695.0 125.0 28.0 vamos á ver.

495.0 703.0 358.0 60.0 Sep. Adiós, Dios os guie. ¡Pobre

515.0 744.0 114.0 24.0 Leandro!...

538.0 756.0 312.0 39.0 Vamos á descansar un poco hasta

515.0 784.0 333.0 34.0 dar principio á nuestra tarea, ó tal

515.0 808.0 334.0 37.0 vez á presenciar otra terrible esce-

516.0 830.0 225.0 50.0 na. Dios no lo permita.

432.0 949.0 93.0 71.0 FIN
