2148 3034
1072.0 225.0 180.0 113.0 —8 —

710.0 268.0 142.0 96.0 Canta.

637.0 333.0 276.0 94.0 Fay de sereno

642.0 402.0 238.0 75.0 aquesta nit,

635.0 450.0 308.0 83.0 noyas hermosas

632.0 505.0 276.0 71.0 surtiu del llit.

632.0 563.0 339.0 76.0 No dormin tontas

627.0 619.0 245.0 63.0 y desperteu

629.0 662.0 332.0 83.0 luego á de naixe

629.0 723.0 264.0 73.0 lo fill de Déu,

627.0 768.0 301.0 91.0 Cap á adorarlo

627.0 831.0 225.0 74.0 poden vení,

627.0 882.0 238.0 78.0 jó feré llum

629.0 943.0 246.0 65.0 venin ab mí.

619.0 986.0 306.0 86.0 Noyas fadrinas

627.0 1046.0 250.0 74.0 poden baixá

629.0 1102.0 291.0 73.0 cap á matinas

624.0 1155.0 334.0 76.0 tots hem de aná.

652.0 1213.0 241.0 86.0 Parlán Ton

513.0 1264.0 514.0 101.0 Aixó que canto, son pessas

516.0 1342.0 480.0 68.0 que vay senti en un café.

419.0 1390.0 582.0 76.0 Ped. Payu Ton, tu no ves bé.

513.0 1451.0 458.0 68.0 ya comensas á fé esses.

430.0 1486.0 609.0 101.0 Ton. Oy nó, que no se escriure

508.0 1557.0 506.0 78.0 ni fé una O ab una casola,

513.0 1608.0 466.0 88.0 batúa, 'l mon tot redola.

839.0 1640.0 208.0 84.0 (cau de cúl)

419.0 1686.0 618.0 96.0 Ger. Ara si que me 's fet riure,

511.0 1757.0 480.0 65.0 va Tonet dónam to brás,

508.0 1805.0 509.0 76.0 tú prenli l' altre Pedassus.

414.0 1845.0 641.0 129.0 Ped. Lo que li xafaré 'ls nassos,

1295.0 252.0 443.0 112.0 mal viatje 'l burdegás,

1297.0 346.0 524.0 73.0 miren que va brut de fánch

1295.0 404.0 567.0 63.0 sembla que aigi regat l' orta:

1295.0 450.0 594.0 75.0 ¿queno'u veus quingat que porta?

1295.0 505.0 506.0 81.0 anemlo á tirá al barranch.

1209.0 553.0 536.0 81.0 Ger, Nó que yá li passará:

1292.0 609.0 575.0 93.0 porta l' altre on, té Ton; beu.

1368.0 672.0 357.0 81.0 Ton se beu l' on y diu;

1206.0 715.0 618.0 99.0 Ton. Ara'm sembla que si veu,

1295.0 791.0 470.0 68.0 ¿Qué ya som al andemá?

1204.0 831.0 602.0 84.0 Ger. No que som avuy mateix:

1290.0 889.0 569.0 91.0 vaija que sembla que 't passa,

1292.0 948.0 499.0 75.0 ton va bé: calma, caxassa

1295.0 1001.0 470.0 71.0 que 'l gat ya disminueix.

1204.0 1051.0 642.0 86.0 Ped. Ay, xaburró ¿com caminas?

1290.0 1114.0 506.0 69.0 miren que está espatarrát.

1199.0 1147.0 587.0 91.0 Ger. Vaija que estiga acabat

1287.0 1213.0 496.0 78.0 y anemsen cap á matmas.

1290.0 1276.0 491.0 69.0 Demá vingan llangonisas;

1287.0 1317.0 521.0 88.0 y 'ls senyós que están aquí,

1287.0 1375.0 428.0 76.0 solament me toca á di

1285.0 1436.0 501.0 70.0 que las logrin ben felisas.

1199.0 1476.0 577.0 94.0 Ton. Dons que ya ni ha prou

1270.0 1534.0 455.0 76.0 y ya no 'm toco di ré....

1277.0 1585.0 504.0 83.0 senyós, la que aurán de fé

1282.0 1645.0 468.0 71.0 no deixarse amagá l' ou.

1282.0 1693.0 494.0 81.0 Y 'l que no está espavilát

1277.0 1752.0 402.0 75.0 una mica mes que jó,

1280.0 1805.0 377.0 78.0 li podan di de dabó

1275.0 1853.0 483.0 108.0 que Déu l' aigi perdonat.

1108.0 2027.0 81.0 114.0 FI

430 2247 1437 71 REUS:—Se vent en la librerta de Joan Grau. carrer del Metje Fortuny, núm 5. En la mateixa

414 2309 1456 39 casa se trova un gran surtit de romansus sainetes, llibrets, historias, comedias, aleluyas de

412.0 2328.0 1455.0 46.0 sante y soldats pintats. Diposit de llibrets pera fumá y capsas de místos, Papé pera escriuer,

380 2353 1495 39 sobres pera cartas, plomas, palillos, llapicers, etc., etc. Tot á preus mol baratos Obras que el

417 2381 1447 43 venen ab gran rebaixa de preus. Revolución de Polonia ab grabats 30 rs. per 10. Artagnán el

414 2404 552 121 Mosquetero, ab grabats 17rs per 8.

1343.0 2138.0 516.0 117.0 (Es propietat de Joan Grau)
