1860 2629
216 200 448 65 amarrada en este palo,

219 255 428 69 el tornillo preparado,

219 312 458 61 en esta mi última hora

222 359 511 67 no me abandones, Señora,

219 420 458 64 madre mía del Amparo.

267 503 495 68 Por la fuerza fuí casada,

222 557 469 66 que mi padre lo mandó:

226 614 511 66 ahora me veo yo

225 664 452 69 en el garrote sentada.

270 721 529 85 Padres los que hijas teneis,

226 790 421 61 mirad la tribulación,

233 842 443 73 y también la situación

229 893 481 73 en que á Margarita veis:

230 946 483 76 sus gustos no las quiteis

229 1000 494 80 por sus estrellas guiadas

230 1058 522 69 nunca pueden decir nada:

232 1107 552 76 más yo en el garrote muero,

233 1165 544 66 le diré á un Dios verdadero

232 1213 482 76 por la fuerza fuí casada.

279 1267 470 78 Mis amores yo plantaba

233 1327 493 70 en un labrador hermoso,

235 1381 513 72 que para mí eran sus ojos

238 1428 532 82 mas que el lucero del alba;

236 1486 501 75 mi padre que se enteraba

235 1539 380 63 á Lérida me llevó,

242 1592 435 77 y me dicen de que yo

236 1641 580 78 dé la mano á un comerciante,

239 1700 552 80 que no replique un instante,

239 1755 462 73 que mi padre lo mandó.

281 1814 407 62 Obedecí ciegamente

245 1859 424 77 y todo ya preparado,

241 1911 479 68 el cura que está avisado

249 1965 491 76 y del novio los parientes,

245 2030 397 65 reunida ya la gente

244 2076 493 75 me echaron la bendición,

244 2132 489 66 ó más bien la maldición,

242 2180 503 82 que infelices han pagado,

1027 184 540 77 y del verdugo en las manos

1022 245 326 66 ahora me veo yo.

1066 290 539 76 A todos los que he ofendido

1024 350 447 61 mil veces pido perdón,

1025 404 469 66 á dar cuenta voy á Dios

1022 454 494 64 de la vida que he tenido;

1024 511 517 62 hombres, mujeres y niños,

1024 563 492 66 miren á esta desgraciada

1025 614 446 66 de piés y manos atada

1027 671 477 68 en este horrible tablado.

1028 718 494 80 Margarita ya ha espirado

1025 781 425 73 en el garrote sentada.

1030 867 366 67 El dia que yo nací

1031 917 509 71 si Dios me hubiera llevado

1031 978 525 69 no me viera en esta afrenta

1033 1029 451 69 sentada en este tablado.

1034 1096 359 76 Así que yo recibí

1034 1149 590 73 el agua del bautismo sagrado,

1034 1207 541 70 mejor hubiera sido para mí

1034 1260 571 73 en el instante haber espirado

1034 1317 368 71 el dia que yo nací.

1079 1362 548 78 Muchas veces me ha pesado

1037 1424 472 64 la muerte de mi marido

1037 1475 479 64 si no lo hubiera matado,

1037 1532 489 67 no me viera en este sitio

1037 1583 524 63 si Dios me hubiera llevado.

1084 1635 486 69 Me obligaron á la fuerza

1040 1685 575 77 que yo á mi amante olvidara,

1041 1748 507 66 no pude, la cosa es cierta,

1040 1796 514 76 por no estar con él casada

1041 1854 497 72 yo me veo en esta afrenta.

1088 1904 473 72 Yo jamás pude olvidarle

1041 1961 490 69 porque mucho lo quería,

1044 2018 453 67 por haberlo yo matado

1044 2068 462 68 me van á quitar la vida

1044 2120 458 66 sentada en este tablado.

695 2342 586 83 Imps. Hospital, 19 «El Abanico»
