1860 2629
1368.0 96.0 250.0 72.0 Numero sa.

335.0 1432.0 1294.0 138.0 LA GTANLLLA

550.0 1553.0 880.0 114.0 Vaticinando la buena ventura

276.0 1627.0 388.0 79.0 Aqui esta la gitanilla

234.0 1686.0 426.0 64.0 la de la buena ventura

234.0 1728.0 388.0 66.0 y decir verdá te jura

230.0 1772.0 528.0 59.0 porque es cosa muy senciya.

276.0 1814.0 397.0 50.0 Dame do cuarto zalao

241.0 1851.0 373.0 55.0 y ecucha la gitanilla

236.0 1895.0 373.0 48.0 te diré cual é tu via

236.0 1934.0 446.0 57.0 en ese mundo arrastrao.

282.0 1969.0 503.0 55.0 Veo una cruz en tu mano

236.0 2011.0 509.0 57.0 que ezplica clara tu zuerte:

239.0 2048.0 528.0 59.0 too el mundo ha de quererte

239.0 2092.0 537.0 68.0 po que eres noble y humano.

282.0 2133.0 446.0 55.0 En tus ojos estoy viendo

239.0 2168.0 550.0 66.0 que á ti muchas té han gustao

243.0 2214.0 487.0 60.0 por mi no hay na reservao

241.0 2252.0 476.0 70.0 po que todas las entiendo.

280.0 2291.0 358.0 64.0 Si te casas hijo mío

243.0 2335.0 526.0 105.0 tendrás niños muy hermosos

1033.0 1629.0 478.0 66.0 los más lindos y graciosos

1035.0 1680.0 504.0 63.0 que este mundo á conocido.

1072.0 1721.0 428.0 57.0 Con tu mujor sobre too

1039.0 1759.0 456.0 59.0 has de tener gran cuidao

1039.0 1805.0 406.0 57.0 que para verte burlao

1037.0 1842.0 520.0 61.0 se valdrá de cualquier moo.

1081.0 1879.0 320.0 59.0 Te verás afavorío

1044.0 1919.0 405.0 59.0 si tu no corres la luna

1039.0 1962.0 483.0 60.0 tendrás una gran fortuna

1041.0 2006.0 380.0 57.0 y estarás enriquecío.

1074.0 2044.0 443.0 54.0 Si buscas otras mujeres

1037.0 2076.0 452.0 66.0 serás tu muy desgraciao

1041.0 2125.0 457.0 54.0 porque too hombre casao

1041.0 2162.0 496.0 68.0 ha de cumplir sus deberes.

1081.0 2190.0 517.0 81.0 Adios adios que yo me largo

1039.0 2236.0 404.0 73.0 y piensa en la gitania

1041.0 2285.0 406.0 59.0 que en esta pícara via

1039.0 2328.0 494.0 103.0 lo durce se guierve amarso.
