1892 2604
125 164 598 87 que el que sigue á mi Mahoma

125 217 413 80 goza bienes infinitos;

123 262 454 78 si no me quieres creer,

121 316 489 72 tendrás el mayor castigo

123 366 541 78 que se haya visto en Argel;

128 425 428 63 y replicó don Jacinto:

123 473 409 73 No dejaré yo mi ley,

125 520 574 72 que eso fuera un barbarismo,

123 570 491 70 aunque mil vidas tuviera

123 618 491 72 que rendir en sacrificio:

121 668 556 76 la ley de Dios resplandezca,

128 722 534 74 que Mahoma es un maldito,

123 779 483 60 síguele, que irá tu alma

123 824 487 65 á los profundos abismos.

121 872 515 74 Con esto Zayda indignada

119 917 493 66 salió fuera dando gritos:

119 967 495 74 Há de mis soldados, ola;

121 1019 587 76 há de mi guardia y ministros:

121 1082 550 61 venid y prended al instante

119 1132 476 57 á este cristiano atrevido,

125 1169 513 72 que quiso soberbio y loco

125 1228 444 60 violentar el honor mio;

121 1273 532 59 tome mi hermano venganza

119 1323 530 78 de aqueste infame cautivo,

119 1360 615 93 que no es razon que se quede

119 1434 469 63 esta maldad sin castigo.

119 1479 454 61 A las voces acudieron,

125 1519 494 73 y prenden á don Jacinto;

121 1571 521 73 y sin hacer mas probanza

125 1625 481 65 que lo que la turca dijo,

117 1673 462 73 lo sentencian á quemar

128 1714 530 78 por blasfemo y por lascivo.

121 1777 424 67 Dejemos en la prision

119 1820 452 65 entre cadenas y grillos

119 1874 515 70 á don Jacinto, y pasemos

123 1922 530 65 á la dama, que es preciso;

123 1970 574 76 porque en este mismo tiempo

117 2018 508 60 estaba el moro encendido

117 2076 428 63 en amores de Leonor,

125 2113 504 74 y que estaba tan perdido,

117 2174 508 58 trazando por mil maneras

117 2215 454 65 el rendirla á su apetito.

119 2265 506 67 Persuadióla muchas veces,

119 2315 495 67 mostrándose amante fino;

123 2371 415 85 pero la discreta dama

934 164 534 66 nunca dió á su amor oido.

936 219 473 63 Un dia la cogió á solas,

936 264 525 87 que la desgracia lo quiso;

934 318 473 72 encerróla en su retrete,

938 368 471 83 y estas palabras le dijo:

936 416 415 72 Hermosísima Leonor,

936 473 467 58 rémora de mis sentidos,

936 522 482 66 así desprecias á un Rey,

934 570 423 63 señor de tal poderío?

936 620 512 61 Reniega de Dios, reniega,

934 664 571 86 que haciendo lo que te digo,

936 722 508 70 tendrás reynos y vasallos,

940 774 495 70 joyas, diamantes, zafiros,

938 822 619 65 pues siendo tu amante un Rey,

931 872 509 65 todo estará á tu servicio;

936 926 519 67 y pues te tengo en paraje,

938 974 467 65 que por imposible miro

931 1026 461 74 de mí te puedas librar;

929 1069 502 72 he de hacer el gusto mio,

931 1130 587 65 sin que tus fuerzas te valgan,

931 1178 556 65 ni te aprovechen los gritos;

931 1223 652 70 esto has de hacer de por fuerza,

929 1273 500 70 si no quieres por cariño;

934 1319 473 71 y advierte que soy rey,

931 1375 476 74 en mis gustos tan altivo,

936 1410 641 100 que á no hacer lo que te mando,

929 1482 422 60 seré tu fiero enemigo.

929 1527 524 61 Qué me respondes Leoñor?

936 1573 443 65 Y ella suspirando dijo:

929 1623 491 63 Eso es cansarte en vano,

934 1675 425 71 y lo tengo á desvarío

931 1716 480 85 el pedirme que reniegue

931 1768 587 87 del Señor que el mundo hizo:

929 1831 574 69 en cuanto á querer gozarme,

929 1879 552 60 esto, señor, bien lo afirmo,

929 1929 574 58 que ha de ser muy imposible

929 1970 428 67 el recabarlo conmigo.

931 2020 496 76 Confieso de que eres rey,

938 2074 473 78 y como rey, señor mio;

927 2120 489 71 la vida podrás quitarme,

936 2180 565 61 pero no el honor que estimo.

931 2224 515 71 Viendo el moro de Leonor

927 2263 502 76 la dureza con lo esquivo,

927 2317 504 70 fué á asirla para forzarla:

931 2369 470 100 y ella viendo su peligro,

1503 2419 95 83 sacó
