1892 2622
113 815 1534 78 NUEVO Y CURIOSO ROMANCE, EN QUE SE DECLARA LO QUE LES

111 871 1529 83 sucedió á dos finos amantes llamados don Jacinto del Castillo, y doña Leonor de la

113 937 1518 61 Rosa, los cuales se embarcaron para Venecia, y en medio de la mar fuéron apresados

181 978 1385 81 por unos cosarios argelinos, que dieron con ellos en la ciudad de Argel, donde

505 1026 739 68 fuéron quemados por la Fe de Jesucristo.

684 1081 392 153 PRIMERA PARTE.

113 1214 486 72 Sagrada Vírgen MARIA,

113 1269 532 66 antorcha del cielo empíreo,

111 1317 440 63 hija del Eterno Padre,

113 1367 499 70 madre del supremo Hijo,

118 1413 433 77 y del Espíritu esposa;

122 1472 505 68 pues con virtud y dominio

113 1522 438 57 en tu vientre virginal

111 1562 558 72 concibió el Ser mas benigno,

118 1623 518 66 y al cabo de nueve meses

111 1669 523 68 nació el Autor mas divino,

118 1710 527 70 para redencion del hombre,

109 1769 507 62 de carne humana vestido,

122 1820 490 63 quedando tu intacto seno

111 1868 571 63 casto, terso, puro y limpio.

120 1916 442 63 ¡O divina Protectora!

113 1964 444 68 Amparo del desvalido,

113 2014 422 63 refugio de pecadores,

118 2064 446 70 y consuelo de afligidos,

111 2119 433 63 dame tu divina gracia,

120 2165 503 70 pues de veras te la pido:

111 2215 527 68 da luz á mi entendimiento,

115 2270 495 67 y á mi torpe pluma brio,

122 2322 516 92 para que á escribir acierte

918 1219 438 70 el caso mas peregrino,

918 1273 455 62 el mas singular suceso,

925 1315 514 72 y el mas estraño prodigio,

925 1374 470 65 que celebran los anales,

923 1424 566 68 ni en las historias'sé ha visto.

920 1470 547 70 Sucedió en la gran Coruña,

918 1525 451 65 el mejor puerto lucido

925 1575 612 63 que tiene el mar en su márgen,

923 1612 444 77 de mil alabanzas digno,

920 1662 447 75 donde eterniza la fama

923 1721 426 64 con aplausos infinitos

923 1767 481 70 lo firme de sus murallas,

923 1815 492 77 lo fuerte de sus castillos,

918 1868 573 74 lo encumbrado de sus torres,

923 1920 461 72 de sus iglesias lo altivo,

923 1966 468 70 la paz de los caballeros,

929 2025 479 61 y el agrado de sus hijos,

918 2073 549 74 la hermosura de sus damas,

923 2123 435 62 de sus galanes el brio.

920 2163 451 74 En esta ilustre ciudad,

920 2222 523 74 nació de padres muy ricos

918 2274 486 72 doña Leonor de la Rosa,

925 2324 479 103 á quien el cielo propicio

1546 2331 35 120 se-
