1917 2606
228 104 550 69 y á pregon fuéron vendidos.

223 152 433 69 A Jacinto y á Leonor

221 195 624 76 los compro un turco muy rico,

221 249 576 78 el cual los presentó á Zayda,

228 306 547 74 por la estimacion que hizo:

226 345 576 74 es del rey de Argel hermana,

228 403 543 68 hermosa como el sol mismo,

226 449 506 74 la cual contenta y alegre

228 499 471 72 recibió los dos cautivos.

230 545 522 71 Estimó mucho el presente,

232 601 465 67 y así que la turca vido

230 653 422 67 la belleza de Leonor,

232 694 539 83 lo bien dispuesta y el brio,

230 760 550 58 la hizo dama de su estrado;

241 801 452 76 y viendo á don Jacinto

232 853 422 69 lo galan y lo bizarro,

239 896 519 81 lo discreto y lo entendido,

239 959 449 63 lo hizo su mayordomo.

243 1009 506 65 Tambien juntamente hizo,

239 1055 484 69 de que la arábiga lengua

241 1114 474 63 le enseñasen al proviso.

249 1155 520 80 Tan buena cuenta le daba,

243 1216 459 65 cuidadoso y discursivo,

249 1248 516 89 que ya Zayda se abrasaba

245 1311 446 63 en amores del cautivo.

247 1355 472 78 Se quejaba  una mañana

247 1402 468 68 á sus solas don Jacinto,

254 1457 437 80 pensando nadie lo oía,

254 1504 454 76 aquestas palabras dijo:

247 1565 376 65 Sacratísima MARIA,

252 1604 469 74 á vuestro divino ausilio

254 1663 454 74 apela un desconsolado,

265 1704 452 87 pues socorreis afligidos.

254 1769 426 63 Consolad mi corazon,

256 1806 489 76 Madre del Verbo divino,

258 1865 446 63 ten de mí misericordia,

260 1911 457 78 y si á tu santo servicio

258 1954 572 85 conviene el que yo padezca,

271 2008 535 81 padezca, que es gusto mio:

258 2060 515 74 lluevan sobre mí trabajos,

267 2113 539 80 y los mas fuertes martirios,

269 2165 543 78 que ha inventado la herejía,

276 2208 489 74 pues los tengo merecido.

267 2256 582 85 Zayda que escuchando estaba

267 2321 476 96 los lamentos de Jacinto,

1030 95 524 59 entró con semblante alegre

1030 149 474 57 diciendo: Cristiano mio,

1034 191 572 69 qué tienes, que así te quejas

1032 236 435 70 lloroso y enternecido?

1034 282 522 80 Que puedes al duro bronce

1034 338 520 70 ablandar con tus suspiros.

1034 390 537 66 Con humildad le responde:

1036 449 461 59 Estaba pasando el libro

1036 497 463 58 de mis trágicos sucesos,

1043 542 502 63 y en pasándolo me aflijo.

1038 592 513 63 Serás casado en tu tierra?

1043 640 530 65 Nunca, señora, lo he sido.

1047 690 504 72 Tendrás amor en España?

1041 736 549 71 Es verdad que lo he tenido:

1047 801 472 67 pero ahora no lo tengo,

1049 840 520 80 porque los conceptos mios

1043 894 417 63 estan todos en Argel,

1047 942 513 76 este es el dolor que gimo.

1051 994 503 74 Y Zayda muy vergonzosa,

1047 1040 450 76 le dijo: Mira, cautivo,

1043 1094 465 65 si tú olvidas á tu Dios,

1056 1148 471 74 y sigues la ley que sigo

1051 1196 457 65 de mi profeta Mahoma,

1054 1246 493 76 gozarás muchas riquezas,

1054 1292 504 76 te daré muchos cautivos:

1054 1339 545 74 tambien te daré el gobierno

1054 1402 497 66 de aqueste reyno lucido.

1056 1441 626 68 Esto has de hacer, no lo dudes,

1058 1500 515 67 esto te está bien, Jacinto:

1058 1548 576 69 el cual respondió muy triste,

1060 1591 561 81 formando un tierno suspiro:

1060 1639 591 80 Cómo quieres que yo olvide

1062 1693 578 76 á un Dios de gracia infinita?

1062 1741 626 72 A un Dios, que por su bondad

1067 1802 502 63 quiso con su amor divino

1067 1854 495 59 redimirme con su sangre,

1075 1895 489 76 por librarme del abismo?

1067 1939 476 82 Cómo puedo ser ingrato

1067 1991 563 67 á quien tanto bien me hizo?

1078 2050 554 71 Calla, infame, no prosigas,

1073 2089 609 82 que á no hacer lo que te digo,

1071 2152 404 63 con la vida pagarás

1069 2195 458 65 la cólera que reprimo.

1075 2243 463 80 Deja, cristiano, tu ley,

1078 2299 497 96 véncete á lo que te digo,

1671 2347 78 83 que
