1901 2609
269 139 463 76 se esmeró en dibujarla,

269 186 577 85 de manera, que el sol mismo

267 250 537 65 se le opuso su hermosura,

269 300 570 71 pues con rayos, fué vencido:

265 347 513 79 y así triunfó de sus luces,

267 397 457 70 y de sus dorados giros,

265 443 467 76 este asombro de belleza,

261 495 474 76 este encanto de Cupido,

258 539 435 71 iman de los corazones

265 591 513 80 y de los hombres hechizo.

261 637 506 93 Fué extremada su belleza,

258 695 481 79 que pasó á ser prodigio,

261 743 641 104 pues no hay hombre que la mire,

258 804 494 67 que no se quede rendido.

252 847 502 74 En la casa de sus padres

254 902 407 63 con el recato debido

252 952 450 63 se crió, y apenas tuvo

250 984 576 92 los quince abriles cumplidos,

247 1052 579 74 cuando amor tiró una flecha,

250 1097 496 72 y fué para su desgracia:

250 1152 580 78 que bien dijo aquel que dijo,

250 1206 569 72 que la muger que es hermosa,

245 1245 496 81 trae la desgracia consigo;

245 1304 509 70 que bastó llamarse Rosa:

252 1361 511 60 pues pocas rosas he visto,

247 1404 525 59 que no mueran deshojadas

239 1454 446 59 á manos del precipicio.

239 1500 537 71 La causa fué un caballero,

241 1552 472 69 don Jacinto del Castillo,

245 1602 464 67 tan galan como bizarro,

241 1656 470 63 valiente como entendido.

239 1695 448 70 Este dió en galantearla

237 1754 454 63 con fiestas y regocijos;

237 1798 459 78 la dama le corresponde

237 1850 432 65 con amorosos cariños,

239 1906 500 63 que enamorada y rendida

232 1950 450 69 estaba de don Jacinto;

234 2008 533 61 y con la palabra de esposa

234 2058 403 57 á su amante satisfizo.

237 2104 578 72 Todas las noches se hablaban

234 2152 516 72 por un balcon, que testigo

228 2213 522 54 era de sus muchas penas:

232 2254 516 72 y como amantes tan finos,

226 2308 502 66 descansa el uno con otro,

226 2350 446 106 repitiendo mil cariños.

1081 156 458 74 Dejemos en este estado

1076 202 518 87 á Leonor y á don Jacinto,

1081 260 480 74 gozando aquellos elogios

1081 315 532 74 que el amor tiene consigo;

1078 360 520 79 y paso pues á dar cuenta,

1076 413 546 71 y digo, que don Francisco,

1072 463 624 80 que era el padre de esta dama,

1074 513 474 71 ya tenia otros designios

1067 569 514 70 de dársela á un caballero,

1070 617 598 78 que era muy rico y su amigo,

1065 667 551 78 don Fernando de Contreras,

1065 717 507 72 que enamorado y rendido

1061 763 426 76 de la singular belleza,

1061 810 542 81 del encanto y del prodigio,

1059 858 450 85 del hechizo de Leonor,

1063 921 461 74 se determinó, y le dijo:

1057 963 506 80 Señor don Francisco, yo

1057 1021 417 68 como hombre solicito

1057 1067 513 72 alcanzar vuestros favores,

1054 1121 453 66 si merezco conseguirlo,

1052 1161 433 76 con la bellísima mano

1050 1211 576 76 de Leonor que tanto estimo,

1050 1267 533 70 con el renombre de esposa,

1050 1317 487 72 suplicándolo os lo pido;

1054 1367 572 61 y don Francisco, que estaba

1048 1417 489 63 deseando aquello mismo,

1046 1465 563 69 se la ha ofrecido, y con ella

1048 1515 570 74 diez mil ducados le ha dicho,

1044 1569 522 59 le dará en plata y en oro,

1046 1617 419 63 si se efectúa lo dicho.

1044 1667 480 70 Don Fernando se quedó

1046 1717 446 61 contento y agradecido;

1046 1765 439 67 alegres se despidieron,

1046 1819 574 66 y al momento don Francisco

1041 1863 477 74 se partió para su casa,

1041 1913 444 65 dándole cuenta y aviso

1039 1961 461 67 á su muger, y á su hija

1039 2011 450 69 muy alegramente dijo:

1041 2063 472 69 No sabes, doña Leonor,

1041 2117 405 61 objeto de mi cariño,

1035 2158 441 70 como te tengo casada,

1044 2217 467 61 que será tu gusto y mio,

1037 2263 574 67 con don Fernando Contreras,

1033 2313 550 65 hombre rico y bien nacido;

1033 2365 535 91 es noble, afable y discreto,

1639 2426 46 63 co-
