1842 2600
307 221 262 69 ¿Turbas manu?

265 268 416 59 Un aratxí á cal Mussega.

270 322 514 50 Ab deu mes movent gran brega

268 356 380 61 Ferme pirá van volé...

226 404 674 68 (Per las enramadas del cap del avi! Es

190 455 707 62 pensan aquets matons de pega que un hom

192 496 708 57 es de mel y sucre com aquells pollos de

192 535 706 63 butxaca neta y casaca ab curriolas, que

190 580 708 64 ab una ventallada corren mes terra que

190 612 137 69 Noé!...)

267 654 388 53 Fico baix á la butxaca:

306 699 241 46 Qui s' atraca?

270 732 453 66 Y ab la trifulca y la gresca,

304 781 169 52 ¡Ja se ve!

268 817 503 62 Men va endinyá á set la pesca,

265 859 380 56 Pels tiroys de cabanré.

262 936 457 70 Un dematí al Obre-Panxas

297 986 289 59 ¡¡Quinas anxas!)

264 1019 488 61 Diu un cuaja al meu derrera,

265 1077 454 48 Que so un pinxo de pastera

265 1109 450 56 Mes talós que un carbassó!

219 1148 673 72 (Válgam els set calses de amargura, y

183 1204 711 55 els primés sagraments que dirán demá á la

183 1239 712 75 missa!!! De pensarhi tan sols tinch las

953 235 708 71 sanchs mes negras que 'l quitrá de la

953 284 150 71 platxa!)?

1034 313 488 68 Li vento an bolet ab forma...

1071 365 262 46 ¡Quina morma!

1037 398 477 64 Y arrancant de la xarrasca...

1069 446 195 50 ¡Ay Senyó!

1035 481 458 53 Dexantle ab la última basca

1034 524 358 62 Jo vaig tocá pirandó.

1037 590 537 73 Veig un chinel que 'm fá 'l tato!

1070 642 205 57 ¡Pira, bato!

1035 674 467 67 Y ab aquins clissos diquela!

1034 720 510 65 No armem bronca! Manu-jela!

1031 767 419 47 No 't resultés algun mal.

988 797 671 65 (Vaya una fatxa estupenda! Set mesos ha

949 842 709 57 que no ha jalat misto! Axis la viga de la

950 891 708 58 esquena li pogués servi per cadireta del

949 925 708 60 aragonés!.. Pensá que haig de xepescá

949 967 709 65 per ell y no 'n tindría per una ronda de

949 1005 147 63 peñí...!)

1032 1041 503 66 Vaig á la cangrí si 'm cassa...

1067 1087 321 54 ¡Y axó es massa!...

1030 1125 502 56 T' embestexo si m' apuras...!.

1061 1167 247 52 Mes... no val!

1025 1203 569 62 Sonsi á la muy!... Sols pels guras

1024 1248 427 60 Guilla el terne d' arrabal.

195 1411 1456 131 UNA PER LO POBLE BAI

213 1642 330 61 Un refrán assegura

174 1688 366 61 que aquell que canta,

177 1733 392 58 si es espanyol, es prova

174 1770 292 58 que no te blanca:

176 1814 286 52 y ab cansons ara

174 1850 471 63 veig que tots se aficionan?...

293 1889 277 59 ¡senyal de gana!

210 1938 451 53 Com las cansons son pocas,

170 1973 251 56 jo m' imagino,

170 2009 494 60 que ab gust rebreu las moltas

170 2051 328 57 que aquí us dedico;

169 2094 283 53 perque ja tracto,

169 2130 446 62 sent pels pobres, de darlas

288 2175 252 58 bastant barato.

1087 1652 470 66 No espereu que aquí insulti,

1054 1708 305 45 com ara es moda,

1048 1746 330 52 per parcials agravis

1050 1791 289 47 may cap persona;

1047 1827 251 47 pero á vegadas

1047 1860 384 51 donaré á certas classes

1044 1902 280 52 bonas sumantas.

1079 1939 453 58 Con que, minyons y noyas,

1045 1980 317 49 ficant ma en bossa,

1045 2022 352 49 del paperet en cambi

1044 2067 282 46 deixeu la mosca:

1044 2101 286 51 no sigueu lendis,

1043 2140 430 45 que no 's perdrá cap casa

1041 2176 454 73 pas per CINCH GENTIMS.

239 2340 1331 109 Barcelona.—Impresos de Cristina Segura, Vda. de A. Llorens, Palma Sta. Catalina, 6.
