1753 2480
622.0 200.0 467.0 85.0 Aunque me cause enojos,

580.0 256.0 437.0 66.0 ese ceño, hermosa mia,

585.0 310.0 419.0 51.0 me enagena la alegria

587.0 347.0 504.0 89.0 cuando me miran tus ojos.

270.0 347.0 346.0 99.0 Ese tu dulce mirar

223.0 434.0 550.0 68.0 siempre ha sido mi elemento,

225.0 479.0 446.0 66.0 tornando mi sentimiento

227.0 527.0 384.0 57.0 en un grato suspirar.

231.0 574.0 504.0 62.0 ¿Quién no rinde á su pesar,

229.0 617.0 444.0 52.0 al ver tus hermosos ojos,

227.0 655.0 469.0 70.0 su corazon por despojos?

235.0 700.0 401.0 66.0 Yo de mi decir podré

233.0 748.0 405.0 66.0 que nunca te olvidaré.

223.0 797.0 452.0 56.0 aunque me cause enojos.

268.0 830.0 416.0 64.0 Lejos me hallaba de tí,

229.0 880.0 523.0 74.0 y eras tú mi bien, mi gloria,

231.0 934.0 424.0 58.0 yo jamás á tu memoria

225.0 973.0 426.0 60.0 ingrato un instante fui.

225.0 998.0 568.0 78.0 Aunque en sueños, ¡ay demi!

225.0 1056.0 494.0 78.0 tu ausencia me entrisecia;

227.0 1103.0 403.0 60.0 suspirando por el dia.

229.0 1151.0 444.0 55.0 en que tuviera el placer,

229.0 1192.0 453.0 64.0 que me enagena, de ver

231.0 1231.0 413.0 83.0 ese ceño, hermosa mia.

961.0 320.0 475.0 138.0 ¡Dichoso en aquel instante

911.0 450.0 486.0 50.0 que tanto, mi bien, deseo,

911.0 493.0 513.0 60.0 en que transforme himeneo;

911.0 533.0 469.0 64.0 en fino esposo al amante !

913.0 574.0 457.0 60.0 ¡Cuán gozoso y delirante

911.0 628.0 461.0 58.0 te contemplaré aquel dia

907.0 669.0 382.0 56.0 al considerarte mia!

907.0 706.0 366.0 62.0 Facil es adivinarlo,

913.0 762.0 451.0 52.0 cuando solo de pensarlo

907.0 799.0 426.0 66.0 me enagena la alegría.

948.0 837.0 559.0 113.0 Pues que en tí está mi ventura,

911.0 890.0 347.0 62.0 y sin tí yo moriré,

909.0 932.0 383.0 57.0 que sea tanta tu fe,

911.0 973.0 554.0 72.0 como es mucha tu hermosura;

907.0 1025.0 358.0 55.0 considera la locura

915.0 1072.0 451.0 50.0 que causarán tus enojos

915.0 1107.0 492.0 77.0 á quien rindió por despojos

911.0 1151.0 440.0 58.0 de su amor su corazon:

915.0 1202.0 474.0 64.0 y que encienden mi pasion

913.0 1246.0 474.0 76.0 cuando me miran tus ojos.

636.0 1264.0 573.0 104.0 ¿Qué hara el dueño de mi vida,

576.0 1316.0 405.0 76.0 si de mi se acordara,

585.0 1364.0 523.0 66.0 si me tendrá en la memoria

593.0 1419.0 465.0 73.0 ò me habrá olvidado ya?

272.0 1423.0 447.0 104.0 Dime, loco pensamiento,

225.0 1506.0 450.0 62.0 que me afliges sin cesar.

231.0 1541.0 482.0 68.0 ¿hasta cuándo ha de durar

235.0 1601.0 424.0 50.0 mi padecer y tormento?

233.0 1632.0 482.0 79.0 mira ya que el sufrimiento

231.0 1678.0 389.0 62.0 ha sofocado la herida,

229.0 1717.0 504.0 78.0 no quieras ser mi homicida,

229.0 1769.0 480.0 64.0 deja que descanse el alma.

229.0 1808.0 562.0 72.0 cotemplando en dulce calma:

227.0 1855.0 583.0 79.0 ¡qué hard el dueño de mi pida?

272.0 1899.0 449.0 72.0 Dichas gozaba algun dia

227.0 1950.0 393.0 62.0 ufano de vana gloria;

225.0 1990.0 428.0 60.0 con esta cruel memoria

229.0 2039.0 432.0 62.0 crece hoy la pena mia:

223.0 2072.0 500.0 77.0 ¿cuando llegará aquel dia

227.0 2128.0 444.0 66.0 que á mis brazos volverá

229.0 2174.0 391.0 66.0 y en ellos descansará

225.0 2205.0 477.0 76.0 la prenda que mas adoro,

223.0 2258.0 512.0 81.0 por quien de continuo lloro,

231.0 2304.0 385.0 107.0 si de mí se acordará?

959.0 1419.0 380.0 112.0 Por esta fatal pasion

903.0 1508.0 438.0 62.0 estoy loco, sin sentido,

913.0 1550.0 474.0 80.0 pues me tiene sumergido,

911.0 1603.0 393.0 62.0 el dolor y confusion :

915.0 1647.0 350.0 55.0 una terrible ilusion

913.0 1678.0 455.0 84.0 ha trastornado mi gloria;

913.0 1742.0 401.0 49.0 mi dicha será notoria

911.0 1767.0 494.0 76.0 con la gracia de mi dueño,

911.0 1826.0 488.0 62.0 porque de continuo sueño,

909.0 1862.0 521.0 72.0 si me tendrá en la memoria.

952.0 1907.0 526.0 81.0 Hoy me atormentan recelos

911.0 1953.0 465.0 68.0 y me anima la confianza,

911.0 2004.0 457.0 60.0 me alimenta la esperanza

917.0 2054.0 451.0 49.0 pero me matan los celos;

909.0 2085.0 509.0 76.0 me entristecen los desvelos

913.0 2130.0 441.0 66.0 por mi dueño cuánto há,

911.0 2186.0 471.0 58.0 por ver el tiempo que va,

909.0 2223.0 451.0 66.0 de continuado tormento,

913.0 2263.0 509.0 72.0 ¿si me tendrá ya por muerto,

911.0 2314.0 451.0 89.0 ó me habrá olvidado ya?
