1753 2480
214 208 441 68 Han escrito los autores

169 254 469 64 Sobre el amor femenino:

165 307 492 58 Es borracho como el vino

173 357 453 58 Y mas ardientes licores;

171 390 469 72 Varios son los profesores

169 448 581 76 Que esta gran facultad cuenta,

171 500 453 66 Y si no le tiene cuenta,

167 531 548 86 O errado fue el matrimonio,

173 591 502 72 Cargue con ella el demonio

171 653 507 64 En pasando de los treinta.

876 165 401 109 A la que mejor sentó

828 241 393 69 El estado maridable,

831 289 479 72 Luego se ve despreciable

826 341 435 59 Si muchos hijos parió:

835 413 339 49 Si para tia quedó,

835 444 556 70 Que siempre jóven se antoja,

835 481 475 74 Siendo árbol que despoja

837 533 500 78 Su vista hermosa y placer,

841 593 438 58 Trocando por su querer

835 634 457 81 Una, flor que se deshoja.

560 801 492 73 Hui en dia no ya vergoña

510 861 641 58 Ni en les chovens ni en les velles,

514 907 472 60 Que la mitad tenen rabo

514 961 505 59 Lo mateix que les paelles.

223 1056 512 66 Micha España he corregut,

173 1103 509 62 He tratat en moltes dònes,

179 1157 515 62 Y dic que may serán bònes,

171 1198 500 64 La que no está agra, put:

173 1250 523 58 Desde el forat de un ambut

171 1297 445 64 En viu una en vergoña

171 1345 504 62 Rascanse molt be la roña,

171 1395 418 62 Imitant aquell teatro,

177 1440 488 64 Y li diguí en molt recato,

173 1483 505 77 Hui en dia no ya vergoña.

221 1566 469 79 A bora á Cádis ha estát,

167 1628 521 70 Com vosatros be ho sabeu,

175 1680 416 66 La Isla propét se veu,

171 1729 490 66 La Carraca alli al costat,

169 1777 511 66 Chiclana está á l' atra part,

173 1829 482 66 Aon se crien les obelles,

177 1870 548 72 Que al pareixer son femelles;

183 1928 486 62 Y volent yo llet menchar,

179 1975 523 64 No embaig poder encontrar

179 2015 616 95 Ni en les chovens ni en les velles.

886 1041 548 66 També he estat en Barselona

841 1097 521 64 Entre mig dels portuguesos,

837 1138 498 68 Al cap de atres dos mesos

835 1194 461 62 Mem? pasí á Tarragona,

839 1246 448 53 Y encontrí una patrona

839 1281 570 78 En mes plometes que un pavo:

837 1343 543 60 Pero me digué el meu cabo,

833 1392 547 54 Que em debia moltes pagues;

843 1438 420 62 No te fies de sinagües

841 1483 477 73 Que la mitat tenen rabo.

886 1566 414 77 A ramats solen anar,

845 1620 490 70 Sempre buscant la ocasió,

843 1671 355 65 Y sinse tindre raó

835 1719 446 68 A tots volen maltratar;

841 1775 554 60 Sempre van per ports de mar

841 1818 523 66 Y afaitanse hasta les selles,

843 1874 442 56 Y també van á parelles

837 1919 527 60 Com les barques de peixcar,

837 1967 397 64 Y agosen á mascarar

818 2019 521 91 Lo mateix que les paelles.
