1860 2629
701 267 628 133 TROBOS NUEVOS.

405 521 544 105 Un fraile me dió un cantazo,

359 580 443 83 Me pegó en la papelera,

359 639 406 57 Si me pega mas abajo

353 681 419 94 Me rompe la vidriera.

401 760 489 96 Al principio no hice caso,

346 819 520 83 Mas al quererme estrechar,

346 869 518 84 Se vino á darme un abrazo,

346 924 456 77 Por que yo quise chillar

348 970 542 79 Un fraile me dió un cantazo.

397 1064 388 73 Como la defensa era

350 1117 424 74 Tan precisa y natural,

344 1167 469 77 Luchaba como una fiera.

350 1213 465 73 Yo por guardar el cristal

344 1264 467 81 Me pegó en la papelera.

394 1364 419 70 Alli sucede un trabajo

339 1408 551 77 Si llega á manchar mi honor,

342 1465 467 64 Por la ventana lo encajo

344 1516 454 59 A la calle aquel traidor,

342 1564 425 61 Si me pega mas abajo.

390 1647 382 74 Si mi pobre friolera

342 1702 438 68 No defiendo con teson,

342 1750 482 72 De mi cuerpo se apodera,

342 1800 351 70 El pícaro motilón;

333 1855 428 75 Me rompe la vidriera.

1024 598 517 76 Pero hay lujo é ignorancia,

1068 527 500 93 En España no hay dinero,

1026 637 404 66 Y para fiestas y toros

1024 685 445 101 Pesetas con abundancia.

1013 828 517 79 La plata, tambien el cobre,

1055 784 383 68 Atesora el husurero

1011 880 447 70 El solo triunfa grosero,

1017 926 459 79 Y para ausilio del pobre,

1011 985 491 66 En España no hay dinero.

1061 1071 548 85 Lo que hay es estravagancia,

1013 1121 507 81 Mucho mal y sin consuelo;

1013 1172 449 70 Y yo confieso con ansia

1008 1229 590 65 Que es muy fértil nuestro suelo

1008 1272 525 81 Pero hay lujo é ignorancia.

1057 1367 509 78 Somos peor que los moros,

1002 1421 526 68 Nos dice un padre agustino,

1004 1474 509 66 Que guardamos los tesoros

1002 1516 447 74 Para muchachas y vino,

1004 1564 430 76 Y para fiestas y toros.

1048 1654 498 78 De virtudes sin constancia

1008 1702 494 79 Tenemos muchos indicios,

1006 1754 472 77 Y yo respondo con ansia,

1006 1811 454 66 Que solo hay para vicios

1004 1855 461 72 Pesetas con abundancia

857 2260 252 57 VALENCIA:

541 2293 873 86 IMPRENTA DE DON JOSE MATEU CERVERA,

625 2346 706 92 á cargo de Ventura Lluch.—1843.

532 2041 906 143 Es propiedad de Miguel Sebriá.
