1753 2480
1285 142 48 62 7

173 175 457 93 mascle de cal Barragám

177 248 474 64 ni lo ruch de cal Camós !

179 303 468 64 Si de á cas lo vostre fill

173 347 513 78 fa adelantos tals com vos ;

177 409 395 64 tota la música luego

177 448 397 79 veuréu que regirará.

142 471 587 101 F. ¿Saps que temo jó, Carléts?

181 555 420 65 que mel fassin enlocá.

181 595 544 82 Allá habia uns que cridaban

188 655 473 66 y un que feya aná la ma

188 696 428 72 cap amunt y cap avall

190 756 454 66 cap per aquí y cap allá,

188 797 481 68 cap de tort cap de trabés

192 849 465 78 y unas patadas que daba

192 909 393 58 que no tenia sossogo

196 958 386 62 y tot alló ressonaba.

140 998 478 66 C. Cantarian alguna aria

198 1054 415 62 y lo mestre los debia

194 1105 463 70 está portant lo compás.

152 1149 604 76 F. Que saps tu, Ni cap ni habia

198 1215 562 60 que cantés, com dius, al ayra

208 1661 529 60 y com guañan las pessetas !

204 1709 538 72 Aquells si que poc las suan.

159 1746 560 78 C. Si ho enter éu, no se com ;

206 1800 445 78 per no dirvos al revés.

208 1853 445 75 Lo que degueren cantá

210 1911 395 60 seria un duó, que es

210 1955 492 70 una pessa que dos cantan.

169 2002 515 72 F. Ay, ara m' hi fas pensá.

217 2050 514 78 També van soná una pessa

214 2110 503 122 que en lloch la vas repará.

841 161 438 97 Per tot la pessa corria.

847 237 440 68 Deyan : „ señora, vosté

847 291 397 60 acompañará la pessa

845 343 535 66 á aquet señó „ y ho van fe,

855 394 496 66 ¡ Ella li feya uns xisclets !

851 436 457 78 y l'altre li acompañava

845 485 531 68 ab un llam de bet de brams

849 537 469 76 que tot alló sen entraba.

853 586 509 79 ¡ Semblaba una Babalonia!

853 640 474 77 ¡ Barracho que saragata !

855 692 453 78 ¡ La señora se ho valia!

853 741 424 65 era de las flos la nata.

851 799 490 64 Peró may vas podé veure

855 845 451 60 que venia á se la pessa.

828 892 606 75 C. Una pessa ¿Sabéu que es?....

866 944 583 70 ¿com vos diré l'que ve á essa ?

862 992 510 74 ¿ Vareu veure aquella solfa

864 1045 419 71 que tenian al devánt ?

833 1091 616 74 F. ¿ Alló era ? Prou la vas veure,

864 1144 523 69 que cada hu estaba miránt.

837 1198 562 70 C. Pues unas y altras juntadas

866 1256 514 60 sonánt plegáts, fa armonia,

870 1299 521 71 lo conjunt dels instruments

872 1349 442 70 y las veus fan melodia.

868 1407 587 64 Dons de tot junt sen diu pessa,

872 1461 517 60 que de una ópera es exida.

831 1498 628 78 F. Jo m' pensaba quí sap que era,

868 1552 562 72 no ho hauria dit en ma vida,

874 1597 527 77 ¿ Vet aquí perque ha dit éll

874 1661 587 70 que si hi entra y ne aprengués

874 1711 449 62 forsa, lo méu bordegás,

872 1752 384 64 lo faria aná despues

874 1806 502 62 allá á las obras de Napols

882 1860 507 70 y als trayatus den Miláns !

851 1905 544 72 C. No hos dèu habé dit axó.

880 1957 529 74 ¡ home de Deu y dels Sans !

878 2015 484 62 no volgeu se tan grosser.

876 2060 387 72 Óperas, óperas son

876 2112 473 128 lo que vos deu habé dit.

194 1250 506 70 ni vas veurer cap compás.

196 1299 482 75 ¡Tot seguit ni habia dos

198 1353 482 66 que cantaban mes fortás !

200 1413 546 54 quels varen fe cantá un duro

196 1450 413 73 que jó per una peseta

212 1504 476 66 y per mitja, si me apuro,

206 1558 461 58 hauria cantát altre tant.

210 1599 538 79 ¡ Macatcho, com se graduan,
