1753 2480
328 103 33 56 8

219 181 638 62 F. No ho ha dit, com hi ha mon.

260 206 482 79 mes que una vegada sola,

212 245 474 79 C. Ba ba, Felipó, per mí

258 297 506 85 com mes se anén esplicánt

256 355 475 74 mes embolichs feu sentí.

254 398 380 79 En aixó procureréu

252 456 465 68 quél vostre fill adelanti,

252 502 430 80 quen hixi ben solfeját,

252 553 537 81 que no se arredri ni espanti

252 611 531 73 perque aixis ; vostra vellesa,

243 661 451 66 si el! pot arsibá á cantá

243 704 461 77 y á soná hen de valent;

237 758 482 76 la podreu mes ben passá.

194 803 506 81 F. Al menos, segons va di

229 847 564 87 lo mestre, l' te judicát (Ros,

231 905 573 87 que pedrá aná á cantá encuero

233 965 490 64 perque es mes dissimulát.

175 1002 525 85 C. Coros es com se dèu di,

223 1060 537 68 no pas cueros, que os errén.

179 1105 616 81 F. Sempre te me estás sumbant.

173 1161 467 64 C. Felipó no os enfadéu

219 1209 576 78 que lo poch que os corretjexo

219 1256 444 72 es. perque puguéu sabé

214 1316 468 68 del assunto que tractéu;

204 1359 500 85 entenent lo que y perque.

167 1409 508 72 F. Jo presumo que se mes

204 1467 488 74 quel desplomatich mes fi,

200 1510 556 71 lo mateix que los mes burros

202 1562 496 72 quem fan compañia à mi.

206 1614 604 86 Com que una vegada à un boig

196 1667 448 73 ún li preguntá y va di:

196 1727 492 56 ¿ quí menos devots tenia ?

194 1762 539 81 y éll digué: ” San Agustí. ‟

196 1818 533 77 Y sent preguntát: ¿ perque ?

188 1872 514 64 contestá, com formalment:

188 1919 549 79 ” que essent dit San apropiát

181 1975 554 77 ” per dá un bon enteniment,

183 2029 509 64 ” y com tots estém cregúts

181 2068 623 137 ” que sabém en grós y en gran;

926 146 599 120 ” no 'ns cuydém ferli pregarias

930 223 589 91 ” ni à tal fi invoquém tal San.

926 281 587 84 ” Y en proba de lo que t' dich,

921 330 590 89 ‟ que à pesar de se, com veus,

921 384 569 78 ‟ jó un tant bojót; me afiguro

917 423 550 97 ‟ se un sabi de cap à peus. „

880 477 577 78 C. Con que : estéu vos aplicánt

907 537 453 68 aquest cuento ó veritát

905 580 482 77 al estat en que os trobéu

907 628 591 82 de aquell boig de que heu parlát?

857 679 639 91 F. ¿Quet pensas que 'ls que parlém

899 733 461 77 com quí diu, giriflocánt,

893 787 487 70 anem tan à la flimfloscas

895 824 529 89 com los que aneu criticánt?

884 884 474 70 De tots sol habé de tot.

890 927 499 73 ¿ Cuans figuréu ben parlá

888 983 463 66 llargament sols fullarca,

888 1033 523 74 y l' que menos diéu es grá?

851 1074 492 75 C. ¡ Cuasi tindréu mes raó

876 1130 463 79 de la que puch tení jó!

837 1178 634 82 F. ¿Que t'pensas que si ve l' cas

872 1227 488 70 no tinch un discorre bo ?

835 1275 550 84 C. Ja que tan be os espliquéu

874 1341 418 58 ¿ me sabréu endeviná

868 1382 463 75 quina es aquella vianda

872 1438 568 66 ab la que hi menjém mes pa ?

833 1479 626 81 F. Un buig va di que, ab la sõpa.

866 1539 576 68 perque es un pa ab suc sucát.

824 1581 401 68 C. Teniu raó Felipó.

857 1634 569 77 Dientho un boig ja es veritát.

864 1692 514 58 ¿ Y quina es aquella vianda

857 1742 519 62 ab que s' menja menos pa?

826 1777 614 89 F. ¿ Saps ab quina es? ab la coca,

847 1837 471 66 lo mateix boig, contestá.

822 1895 577 62 C. ¡ Sabéu prou bojescas tretas!

851 1942 517 64 ¡ Llástima es que no siguéu

845 1984 502 74 mes jove, perque podriau,

843 2043 519 67 segons lo que os espliqueu,

828 2095 583 114 apendrer molts arts y cienclas
