<?xml version="1.0" encoding="UTF-8"?>
<alto xmlns:xsi="http://www.w3.org/2001/XMLSchema-instance"
      xmlns="http://www.loc.gov/standards/alto/ns-v4#"
      xsi:schemaLocation="http://www.loc.gov/standards/alto/ns-v4# http://www.loc.gov/standards/alto/v4/alto-4-2.xsd">
  <Description>
    <MeasurementUnit>pixel</MeasurementUnit>
    <sourceImageInformation>
      <fileName>Varios_122_4.jpg</fileName>
      
    </sourceImageInformation>
  </Description>
  
  <Tags>
    <OtherTag ID="BT221" LABEL="RunningTitleZone" DESCRIPTION="block type RunningTitleZone"/><OtherTag ID="BT226" LABEL="MainZone" DESCRIPTION="block type MainZone"/><OtherTag ID="BT225" LABEL="GraphicZone:ornamentation" DESCRIPTION="block type GraphicZone:ornamentation"/><OtherTag ID="BT230" LABEL="MusicZone" DESCRIPTION="block type MusicZone"/><OtherTag ID="BT233" LABEL="QuireMarksZone:signature" DESCRIPTION="block type QuireMarksZone:signature"/><OtherTag ID="BT232" LABEL="QuireMarksZone:catchwords" DESCRIPTION="block type QuireMarksZone:catchwords"/><OtherTag ID="BT224" LABEL="GraphicZone:illustration" DESCRIPTION="block type GraphicZone:illustration"/><OtherTag ID="BT231" LABEL="NumberingZone:page" DESCRIPTION="block type NumberingZone:page"/><OtherTag ID="BT228" LABEL="MarginTextZone:colophon" DESCRIPTION="block type MarginTextZone:colophon"/><OtherTag ID="BT229" LABEL="MarginTextZone:note" DESCRIPTION="block type MarginTextZone:note"/><OtherTag ID="BT95" LABEL="CustomZone:impresorNum" DESCRIPTION="block type CustomZone:impresorNum"/><OtherTag ID="BT222" LABEL="CustomZone:numero_pliego" DESCRIPTION="block type CustomZone:numero_pliego"/><OtherTag ID="BT227" LABEL="MainZone:columns" DESCRIPTION="block type MainZone:columns"/><OtherTag ID="BT223" LABEL="CustomZone:title" DESCRIPTION="block type CustomZone:title"/>
    <OtherTag ID="LT82" LABEL="CustomLine:trailer" DESCRIPTION="line type CustomLine:trailer"/><OtherTag ID="LT81" LABEL="CustomLine:propriedad" DESCRIPTION="line type CustomLine:propriedad"/><OtherTag ID="LT83" LABEL="DefaultLine" DESCRIPTION="line type DefaultLine"/><OtherTag ID="LT84" LABEL="HeadingLine" DESCRIPTION="line type HeadingLine"/>
  </Tags>
  
  <Layout>
    <Page WIDTH="1753"
          HEIGHT="2480"
          PHYSICAL_IMG_NR="695"
          ID="eSc_dummypage_">
      <PrintSpace HPOS="0"
                  VPOS="0"
                  WIDTH="1753"
                  HEIGHT="2480">
        
        <TextBlock HPOS="233"
                   VPOS="172"
                   WIDTH="62"
                   HEIGHT="66"
                   ID="eSc_textblock_089c9735"
                   TAGREFS="BT231">
          <Shape><Polygon POINTS="233 172 233 238 295 238 295 172"/></Shape>
          
          
          <TextLine ID="eSc_line_7fd25a09"
                    TAGREFS="LT83"
                    BASELINE="247 227 279 227" 
                    HPOS="243"
                    VPOS="171"
                    WIDTH="34"
                    HEIGHT="62">
            <Shape><Polygon POINTS="245 225 245 171 277 171 277 225 274 233 243 231"/></Shape>
	    <String CONTENT="4"
                    HPOS="243"
                    VPOS="171"
                    WIDTH="34"
                    HEIGHT="62"></String>
          </TextLine>

          
        </TextBlock>
        
        <TextBlock HPOS="124"
                   VPOS="213"
                   WIDTH="717"
                   HEIGHT="2000"
                   ID="eSc_textblock_35e57338"
                   TAGREFS="BT227">
          <Shape><Polygon POINTS="775 535 742 636 742 708 783 752 742 950 750 1767 808 1826 791 2023 808 2147 841 2163 802 2163 775 2205 223 2213 231 2165 165 2147 181 1909 148 1810 190 1725 181 1107 140 1039 132 744 173 675 173 553 124 363 173 239 263 232 788 213 788 288 692 288 692 435 767 435"/></Shape>
          
          
          <TextLine ID="eSc_line_1096bfc3"
                    TAGREFS="LT83"
                    BASELINE="198 266 795 264" 
                    HPOS="194"
                    VPOS="212"
                    WIDTH="599"
                    HEIGHT="73">
            <Shape><Polygon POINTS="690 217 669 217 649 219 628 219 607 221 589 221 556 225 523 223 504 223 483 225 463 225 442 225 421 227 401 227 380 227 359 229 339 229 318 231 297 231 277 231 256 233 235 233 214 235 194 237 196 264 196 283 789 285 793 262 785 212 742 223 694 217 690 217"/></Shape>
	    <String CONTENT="Yi&#39; vostre noy gran: ¿que pensa?"
                    HPOS="194"
                    VPOS="212"
                    WIDTH="599"
                    HEIGHT="73"></String>
          </TextLine>

          
          
          <TextLine ID="eSc_line_4eb8a5df"
                    TAGREFS="LT83"
                    BASELINE="196 320 641 313" 
                    HPOS="188"
                    VPOS="268"
                    WIDTH="452"
                    HEIGHT="64">
            <Shape><Polygon POINTS="194 318 188 272 634 268 640 312 638 322 194 332"/></Shape>
	    <String CONTENT="¿ quina lin feu estudiá ?"
                    HPOS="188"
                    VPOS="268"
                    WIDTH="452"
                    HEIGHT="64"></String>
          </TextLine>

          
          
          <TextLine ID="eSc_line_e471677f"
                    TAGREFS="LT83"
                    BASELINE="148 365 673 359" 
                    HPOS="146"
                    VPOS="307"
                    WIDTH="527"
                    HEIGHT="83">
            <Shape><Polygon POINTS="148 365 146 314 183 326 217 314 217 314 219 314 219 314 221 314 221 314 221 314 223 314 223 314 223 314 225 314 241 326 316 316 316 316 318 316 318 316 318 316 320 316 320 316 341 324 349 316 349 314 349 314 351 314 351 314 351 314 353 314 353 314 355 314 355 314 355 314 357 314 357 314 382 324 407 312 407 312 407 312 409 312 409 312 411 312 411 312 411 312 475 324 514 310 514 310 516 310 516 310 518 310 518 310 518 310 585 322 667 307 673 359 671 384 502 376 496 382 496 384 494 384 494 386 494 386 491 386 491 386 491 386 489 386 489 386 487 386 355 382 301 380 297 380 272 390 272 390 270 390 270 390 268 390 268 390 146 378"/></Shape>
	    <String CONTENT="F. Lo oranguista y lo ructó"
                    HPOS="146"
                    VPOS="307"
                    WIDTH="527"
                    HEIGHT="83"></String>
          </TextLine>

          
          
          <TextLine ID="eSc_line_b93f2a50"
                    TAGREFS="LT83"
                    BASELINE="196 415 607 407" 
                    HPOS="192"
                    VPOS="374"
                    WIDTH="417"
                    HEIGHT="64">
            <Shape><Polygon POINTS="196 415 192 382 601 374 607 407 609 419 574 431 572 431 572 431 572 431 570 431 570 431 568 431 535 423 531 423 196 438"/></Shape>
	    <String CONTENT="tots me van aconsellá"
                    HPOS="192"
                    VPOS="374"
                    WIDTH="417"
                    HEIGHT="64"></String>
          </TextLine>

          
          
          <TextLine ID="eSc_line_fb38dbf8"
                    TAGREFS="LT83"
                    BASELINE="198 467 688 456" 
                    HPOS="194"
                    VPOS="415"
                    WIDTH="494"
                    HEIGHT="76">
            <Shape><Polygon POINTS="198 467 194 434 291 419 291 419 293 419 293 419 293 419 345 429 347 429 347 429 415 417 415 417 415 417 417 417 417 417 419 417 419 417 419 417 421 417 438 427 510 427 520 417 520 415 520 415 523 415 523 415 523 415 525 415 525 415 525 415 527 415 684 425 688 456 686 479 314 479 198 491"/></Shape>
	    <String CONTENT="quel fes carregá de solfas"
                    HPOS="194"
                    VPOS="415"
                    WIDTH="494"
                    HEIGHT="76"></String>
          </TextLine>

          
          
          <TextLine ID="eSc_line_7c33bebd"
                    TAGREFS="LT83"
                    BASELINE="196 516 754 512" 
                    HPOS="190"
                    VPOS="467"
                    WIDTH="564"
                    HEIGHT="66">
            <Shape><Polygon POINTS="196 516 190 483 239 469 241 469 241 469 243 469 243 469 243 469 308 479 452 479 475 467 475 467 475 467 477 467 477 467 479 467 750 475 754 512 752 533 194 529"/></Shape>
	    <String CONTENT="del can d&#39; orga y del can pla,"
                    HPOS="190"
                    VPOS="467"
                    WIDTH="564"
                    HEIGHT="66"></String>
          </TextLine>

          
          
          <TextLine ID="eSc_line_5e7e0502"
                    TAGREFS="LT83"
                    BASELINE="202 570 709 560" 
                    HPOS="198"
                    VPOS="522"
                    WIDTH="511"
                    HEIGHT="69">
            <Shape><Polygon POINTS="202 570 198 524 702 522 709 560 709 582 202 591"/></Shape>
	    <String CONTENT="perque com te l&#39;cap obert"
                    HPOS="198"
                    VPOS="522"
                    WIDTH="511"
                    HEIGHT="69"></String>
          </TextLine>

          
          
          <TextLine ID="eSc_line_fbc964a9"
                    TAGREFS="LT83"
                    BASELINE="204 620 649 611" 
                    HPOS="200"
                    VPOS="564"
                    WIDTH="449"
                    HEIGHT="76">
            <Shape><Polygon POINTS="204 620 200 584 539 564 541 564 541 564 644 576 649 611 647 632 204 640"/></Shape>
	    <String CONTENT="y enteniment enllustrát,"
                    HPOS="200"
                    VPOS="564"
                    WIDTH="449"
                    HEIGHT="76"></String>
          </TextLine>

          
          
          <TextLine ID="eSc_line_3679d21b"
                    TAGREFS="LT83"
                    BASELINE="198 669 678 661" 
                    HPOS="192"
                    VPOS="615"
                    WIDTH="486"
                    HEIGHT="67">
            <Shape><Polygon POINTS="198 669 192 630 671 615 678 661 678 682 198 682"/></Shape>
	    <String CONTENT="surtirá un fill del dimoni"
                    HPOS="192"
                    VPOS="615"
                    WIDTH="486"
                    HEIGHT="67"></String>
          </TextLine>

          
          
          <TextLine ID="eSc_line_bff06548"
                    TAGREFS="LT83"
                    BASELINE="196 717 611 708" 
                    HPOS="192"
                    VPOS="669"
                    WIDTH="419"
                    HEIGHT="64">
            <Shape><Polygon POINTS="196 717 192 682 274 682 277 679 287 669 287 669 289 669 289 669 289 669 291 669 291 669 293 669 607 673 611 708 609 733 196 733"/></Shape>
	    <String CONTENT="de alló mes clarificát."
                    HPOS="192"
                    VPOS="669"
                    WIDTH="419"
                    HEIGHT="64"></String>
          </TextLine>

          
          
          <TextLine ID="eSc_line_3486bbc8"
                    TAGREFS="LT83"
                    BASELINE="682 762 780 762" 
                    HPOS="680"
                    VPOS="713"
                    WIDTH="99"
                    HEIGHT="80">
            <Shape><Polygon POINTS="762 733 754 723 702 713 700 713 698 713 696 713 680 723 680 760 680 793 779 793 779 760 775 741 762 733"/></Shape>
	    <String CONTENT="rient"
                    HPOS="680"
                    VPOS="713"
                    WIDTH="99"
                    HEIGHT="80"></String>
          </TextLine>

          
          
          <TextLine ID="eSc_line_96ff6db4"
                    TAGREFS="LT83"
                    BASELINE="157 768 446 766" 
                    HPOS="150"
                    VPOS="725"
                    WIDTH="294"
                    HEIGHT="56">
            <Shape><Polygon POINTS="155 766 150 725 440 727 444 764 442 779 155 781"/></Shape>
	    <String CONTENT="C. Ah, ah, ah."
                    HPOS="150"
                    VPOS="725"
                    WIDTH="294"
                    HEIGHT="56"></String>
          </TextLine>

          
          
          <TextLine ID="eSc_line_96628d73"
                    TAGREFS="LT83"
                    BASELINE="159 822 599 808" 
                    HPOS="155"
                    VPOS="758"
                    WIDTH="444"
                    HEIGHT="79">
            <Shape><Polygon POINTS="159 822 155 777 510 770 512 768 529 758 531 758 531 758 533 758 533 758 533 758 535 758 535 758 595 768 599 808 599 824 159 837"/></Shape>
	    <String CONTENT="F. ¡ Y ara ! ¿ que rius ?"
                    HPOS="155"
                    VPOS="758"
                    WIDTH="444"
                    HEIGHT="79"></String>
          </TextLine>

          
          
          <TextLine ID="eSc_line_c5c3340a"
                    TAGREFS="LT83"
                    BASELINE="155 870 729 859" 
                    HPOS="148"
                    VPOS="818"
                    WIDTH="581"
                    HEIGHT="78">
            <Shape><Polygon POINTS="155 870 148 826 723 818 729 859 727 884 533 878 427 890 421 890 421 890 419 890 419 890 419 890 417 890 417 890 384 880 359 892 357 892 357 892 355 892 355 892 355 892 353 892 353 892 345 892 283 882 260 894 258 894 258 894 258 894 256 894 256 894 256 896 155 896"/></Shape>
	    <String CONTENT="C. ¡ Home, si me heu fet sentí"
                    HPOS="148"
                    VPOS="818"
                    WIDTH="581"
                    HEIGHT="78"></String>
          </TextLine>

          
          
          <TextLine ID="eSc_line_5cab9419"
                    TAGREFS="LT83"
                    BASELINE="200 917 599 911" 
                    HPOS="196"
                    VPOS="870"
                    WIDTH="403"
                    HEIGHT="68">
            <Shape><Polygon POINTS="200 917 196 882 593 870 599 911 599 923 465 938 463 938 198 934"/></Shape>
	    <String CONTENT="un disbarát garrafal !"
                    HPOS="196"
                    VPOS="870"
                    WIDTH="403"
                    HEIGHT="68"></String>
          </TextLine>

          
          
          <TextLine ID="eSc_line_c98432e4"
                    TAGREFS="LT83"
                    BASELINE="204 967 663 958" 
                    HPOS="200"
                    VPOS="917"
                    WIDTH="463"
                    HEIGHT="66">
            <Shape><Polygon POINTS="204 967 200 930 657 917 663 958 661 981 204 983"/></Shape>
	    <String CONTENT="Filarmonich voldréu dí."
                    HPOS="200"
                    VPOS="917"
                    WIDTH="463"
                    HEIGHT="66"></String>
          </TextLine>

          
          
          <TextLine ID="eSc_line_ebcf8f42"
                    TAGREFS="LT83"
                    BASELINE="163 1020 671 1010" 
                    HPOS="159"
                    VPOS="961"
                    WIDTH="512"
                    HEIGHT="76">
            <Shape><Polygon POINTS="163 1020 159 969 334 981 351 971 357 965 357 965 359 965 359 965 361 965 361 965 361 965 363 965 363 965 363 965 392 971 427 979 448 971 456 969 456 969 458 969 458 969 458 969 460 969 460 969 483 971 518 977 535 973 570 961 572 961 572 961 572 961 574 961 574 961 576 961 576 961 576 961 578 961 578 961 578 963 591 973 591 975 595 973 613 965 613 965 616 965 616 965 616 965 618 965 618 965 667 975 671 1010 671 1029 163 1037"/></Shape>
	    <String CONTENT="F. Y be, tot es hu pel cas,"
                    HPOS="159"
                    VPOS="961"
                    WIDTH="512"
                    HEIGHT="76"></String>
          </TextLine>

          
          
          <TextLine ID="eSc_line_46fe724c"
                    TAGREFS="LT83"
                    BASELINE="208 1070 675 1058" 
                    HPOS="198"
                    VPOS="1016"
                    WIDTH="477"
                    HEIGHT="66">
            <Shape><Polygon POINTS="208 1070 198 1037 208 1025 210 1025 210 1023 210 1023 212 1023 212 1023 212 1023 214 1023 214 1023 214 1023 217 1023 353 1029 440 1016 440 1016 442 1016 671 1023 675 1058 675 1078 208 1082"/></Shape>
	    <String CONTENT="fil del monich ó fil raba."
                    HPOS="198"
                    VPOS="1016"
                    WIDTH="477"
                    HEIGHT="66"></String>
          </TextLine>

          
          
          <TextLine ID="eSc_line_e36cc6c9"
                    TAGREFS="LT83"
                    BASELINE="206 1120 721 1109" 
                    HPOS="196"
                    VPOS="1066"
                    WIDTH="525"
                    HEIGHT="81">
            <Shape><Polygon POINTS="206 1120 196 1087 204 1074 204 1074 206 1074 206 1072 206 1072 208 1072 208 1072 208 1072 210 1072 210 1072 212 1072 212 1072 297 1082 301 1082 310 1082 409 1068 409 1068 411 1068 411 1068 413 1068 448 1076 456 1078 467 1076 489 1068 491 1068 491 1068 491 1068 494 1068 494 1068 539 1072 576 1076 587 1070 591 1066 591 1066 593 1066 593 1066 593 1066 595 1066 595 1066 597 1066 597 1066 597 1066 599 1066 599 1066 599 1066 601 1066 605 1070 616 1076 715 1066 721 1109 717 1136 624 1126 502 1140 502 1140 500 1140 500 1140 498 1140 456 1130 436 1140 436 1140 436 1140 434 1140 434 1140 434 1142 432 1140 432 1140 429 1140 429 1140 429 1140 409 1130 206 1147"/></Shape>
	    <String CONTENT="Me van di quel musicorum"
                    HPOS="196"
                    VPOS="1066"
                    WIDTH="525"
                    HEIGHT="81"></String>
          </TextLine>

          
          
          <TextLine ID="eSc_line_04d00aca"
                    TAGREFS="LT83"
                    BASELINE="208 1169 640 1161" 
                    HPOS="204"
                    VPOS="1122"
                    WIDTH="436"
                    HEIGHT="62">
            <Shape><Polygon POINTS="208 1169 204 1134 634 1122 640 1161 640 1178 208 1184"/></Shape>
	    <String CONTENT="las potencias avispaba,"
                    HPOS="204"
                    VPOS="1122"
                    WIDTH="436"
                    HEIGHT="62"></String>
          </TextLine>

          
          
          <TextLine ID="eSc_line_7d7413a0"
                    TAGREFS="LT83"
                    BASELINE="212 1219 682 1211" 
                    HPOS="208"
                    VPOS="1165"
                    WIDTH="474"
                    HEIGHT="72">
            <Shape><Polygon POINTS="212 1219 208 1182 570 1165 572 1165 678 1175 682 1211 680 1237 212 1237"/></Shape>
	    <String CONTENT="que axó es una carretera"
                    HPOS="208"
                    VPOS="1165"
                    WIDTH="474"
                    HEIGHT="72"></String>
          </TextLine>

          
          
          <TextLine ID="eSc_line_74ade47a"
                    TAGREFS="LT83"
                    BASELINE="208 1271 723 1260" 
                    HPOS="202"
                    VPOS="1215"
                    WIDTH="521"
                    HEIGHT="82">
            <Shape><Polygon POINTS="208 1271 202 1233 717 1215 723 1260 721 1287 361 1285 349 1287 299 1297 299 1297 299 1297 297 1297 297 1297 295 1297 295 1297 295 1297 293 1297 293 1297 293 1295 283 1287 283 1287 208 1287"/></Shape>
	    <String CONTENT="tan lluenta que fins podria"
                    HPOS="202"
                    VPOS="1215"
                    WIDTH="521"
                    HEIGHT="82"></String>
          </TextLine>

          
          
          <TextLine ID="eSc_line_99887bf9"
                    TAGREFS="LT83"
                    BASELINE="208 1322 655 1314" 
                    HPOS="206"
                    VPOS="1277"
                    WIDTH="449"
                    HEIGHT="58">
            <Shape><Polygon POINTS="208 1322 206 1277 651 1279 655 1314 655 1326 208 1335"/></Shape>
	    <String CONTENT="arribá á trepitjá taulas,"
                    HPOS="206"
                    VPOS="1277"
                    WIDTH="449"
                    HEIGHT="58"></String>
          </TextLine>

          
          
          <TextLine ID="eSc_line_2744fb95"
                    TAGREFS="LT83"
                    BASELINE="212 1374 682 1361" 
                    HPOS="208"
                    VPOS="1326"
                    WIDTH="474"
                    HEIGHT="71">
            <Shape><Polygon POINTS="212 1374 208 1330 675 1326 682 1361 680 1386 533 1378 469 1388 440 1392 440 1392 438 1392 438 1392 438 1392 436 1392 421 1388 398 1382 384 1388 370 1395 370 1395 367 1395 367 1395 367 1395 365 1395 365 1395 365 1395 363 1395 363 1395 349 1388 341 1384 330 1388 316 1395 316 1395 314 1395 314 1395 314 1395 312 1395 312 1395 312 1395 310 1395 310 1395 308 1395 299 1388 291 1384 283 1388 268 1397 268 1397 268 1397 266 1397 266 1397 266 1397 264 1397 264 1397 210 1388"/></Shape>
	    <String CONTENT="que á temps á veni seria"
                    HPOS="208"
                    VPOS="1326"
                    WIDTH="474"
                    HEIGHT="71"></String>
          </TextLine>

          
          
          <TextLine ID="eSc_line_46b514af"
                    TAGREFS="LT83"
                    BASELINE="210 1419 634 1411" 
                    HPOS="206"
                    VPOS="1376"
                    WIDTH="428"
                    HEIGHT="72">
            <Shape><Polygon POINTS="210 1419 206 1390 320 1376 322 1376 630 1378 634 1411 634 1430 419 1444 417 1444 417 1444 384 1440 316 1434 299 1444 297 1446 295 1446 295 1446 295 1446 293 1446 293 1446 291 1446 291 1446 291 1446 281 1446 233 1436 214 1448"/></Shape>
	    <String CONTENT="un rufo ó be un terror"
                    HPOS="206"
                    VPOS="1376"
                    WIDTH="428"
                    HEIGHT="72"></String>
          </TextLine>

          
          
          <TextLine ID="eSc_line_ddd6aaa9"
                    TAGREFS="LT83"
                    BASELINE="212 1471 686 1461" 
                    HPOS="204"
                    VPOS="1423"
                    WIDTH="482"
                    HEIGHT="73">
            <Shape><Polygon POINTS="212 1471 204 1442 219 1428 219 1426 219 1426 221 1426 221 1426 221 1426 223 1426 223 1426 225 1426 225 1426 225 1426 277 1436 380 1423 382 1423 682 1426 686 1461 686 1483 409 1483 401 1485 367 1494 365 1494 365 1494 363 1494 363 1494 363 1494 361 1494 336 1485 336 1485 334 1485 308 1496 308 1496 305 1496 305 1496 303 1496 303 1496 210 1485"/></Shape>
	    <String CONTENT="dels trayatus den Milans"
                    HPOS="204"
                    VPOS="1423"
                    WIDTH="482"
                    HEIGHT="73"></String>
          </TextLine>

          
          
          <TextLine ID="eSc_line_b5a3774d"
                    TAGREFS="LT83"
                    BASELINE="212 1519 680 1510" 
                    HPOS="204"
                    VPOS="1471"
                    WIDTH="476"
                    HEIGHT="66">
            <Shape><Polygon POINTS="212 1519 204 1492 217 1479 217 1477 217 1477 219 1477 219 1477 219 1477 221 1477 221 1477 223 1477 440 1483 558 1471 558 1471 560 1471 675 1481 680 1510 675 1537 210 1535"/></Shape>
	    <String CONTENT="de aquells mes acabaláts"
                    HPOS="204"
                    VPOS="1471"
                    WIDTH="476"
                    HEIGHT="66"></String>
          </TextLine>

          
          
          <TextLine ID="eSc_line_89a19f37"
                    TAGREFS="LT83"
                    BASELINE="210 1570 717 1564" 
                    HPOS="204"
                    VPOS="1523"
                    WIDTH="513"
                    HEIGHT="62">
            <Shape><Polygon POINTS="210 1570 204 1535 231 1523 231 1523 233 1523 233 1523 235 1523 713 1527 717 1564 717 1578 210 1585"/></Shape>
	    <String CONTENT="ab moltas ventatges grans,"
                    HPOS="204"
                    VPOS="1523"
                    WIDTH="513"
                    HEIGHT="62"></String>
          </TextLine>

          
          
          <TextLine ID="eSc_line_c92de595"
                    TAGREFS="LT83"
                    BASELINE="221 1630 704 1612" 
                    HPOS="214"
                    VPOS="1566"
                    WIDTH="490"
                    HEIGHT="85">
            <Shape><Polygon POINTS="221 1630 214 1585 698 1566 704 1612 704 1626 221 1651"/></Shape>
	    <String CONTENT="y que ara mentre es petit"
                    HPOS="214"
                    VPOS="1566"
                    WIDTH="490"
                    HEIGHT="85"></String>
          </TextLine>

          
          
          <TextLine ID="eSc_line_5290b484"
                    TAGREFS="LT83"
                    BASELINE="217 1674 671 1663" 
                    HPOS="210"
                    VPOS="1620"
                    WIDTH="461"
                    HEIGHT="74">
            <Shape><Polygon POINTS="217 1674 210 1636 665 1620 671 1663 671 1678 217 1694"/></Shape>
	    <String CONTENT="te veu propia y natural"
                    HPOS="210"
                    VPOS="1620"
                    WIDTH="461"
                    HEIGHT="74"></String>
          </TextLine>

          
          
          <TextLine ID="eSc_line_26fe009f"
                    TAGREFS="LT83"
                    BASELINE="223 1723 721 1711" 
                    HPOS="219"
                    VPOS="1667"
                    WIDTH="502"
                    HEIGHT="81">
            <Shape><Polygon POINTS="223 1723 219 1682 715 1667 721 1711 721 1736 223 1748"/></Shape>
	    <String CONTENT="per podé cantá del tripbla"
                    HPOS="219"
                    VPOS="1667"
                    WIDTH="502"
                    HEIGHT="81"></String>
          </TextLine>

          
          
          <TextLine ID="eSc_line_42394386"
                    TAGREFS="LT83"
                    BASELINE="225 1775 684 1760" 
                    HPOS="221"
                    VPOS="1725"
                    WIDTH="463"
                    HEIGHT="73">
            <Shape><Polygon POINTS="225 1775 221 1740 678 1725 684 1760 684 1781 225 1798"/></Shape>
	    <String CONTENT="y despues del contradal."
                    HPOS="221"
                    VPOS="1725"
                    WIDTH="463"
                    HEIGHT="73"></String>
          </TextLine>

          
          
          <TextLine ID="eSc_line_7fad64c1"
                    TAGREFS="LT83"
                    BASELINE="171 1824 694 1814" 
                    HPOS="165"
                    VPOS="1773"
                    WIDTH="529"
                    HEIGHT="78">
            <Shape><Polygon POINTS="171 1824 165 1775 688 1773 694 1814 692 1833 171 1851"/></Shape>
	    <String CONTENT="C. Tota aquesta barabunda"
                    HPOS="165"
                    VPOS="1773"
                    WIDTH="529"
                    HEIGHT="78"></String>
          </TextLine>

          
          
          <TextLine ID="eSc_line_e3b1359a"
                    TAGREFS="LT83"
                    BASELINE="229 1878 810 1859" 
                    HPOS="225"
                    VPOS="1812"
                    WIDTH="583"
                    HEIGHT="89">
            <Shape><Polygon POINTS="804 1853 789 1820 752 1812 750 1812 748 1812 715 1824 225 1837 227 1876 227 1901 808 1874 808 1857 804 1845 804 1853"/></Shape>
	    <String CONTENT="¿ de ahon pesta vos la treyéu ?"
                    HPOS="225"
                    VPOS="1812"
                    WIDTH="583"
                    HEIGHT="89"></String>
          </TextLine>

          
          
          <TextLine ID="eSc_line_2162471f"
                    TAGREFS="LT83"
                    BASELINE="237 1928 820 1911" 
                    HPOS="233"
                    VPOS="1864"
                    WIDTH="585"
                    HEIGHT="89">
            <Shape><Polygon POINTS="235 1926 235 1953 380 1940 564 1944 566 1944 568 1944 601 1934 630 1942 632 1942 634 1942 636 1942 671 1932 814 1938 818 1909 812 1864 233 1886 235 1926"/></Shape>
	    <String CONTENT="¡ Balgam Deu cuans disbarats !"
                    HPOS="233"
                    VPOS="1864"
                    WIDTH="585"
                    HEIGHT="89"></String>
          </TextLine>

          
          
          <TextLine ID="eSc_line_a01d735b"
                    TAGREFS="LT83"
                    BASELINE="231 1977 748 1959" 
                    HPOS="225"
                    VPOS="1919"
                    WIDTH="523"
                    HEIGHT="85">
            <Shape><Polygon POINTS="231 1977 225 1942 742 1919 748 1959 746 1984 252 1992 235 2004"/></Shape>
	    <String CONTENT="¿Ja sabéu lo que vos diéu?"
                    HPOS="225"
                    VPOS="1919"
                    WIDTH="523"
                    HEIGHT="85"></String>
          </TextLine>

          
          
          <TextLine ID="eSc_line_6bc056bc"
                    TAGREFS="LT83"
                    BASELINE="179 2027 740 2015" 
                    HPOS="173"
                    VPOS="1973"
                    WIDTH="567"
                    HEIGHT="68">
            <Shape><Polygon POINTS="179 2027 173 1979 733 1973 740 2015 740 2031 179 2041"/></Shape>
	    <String CONTENT="F. Axis m&#39; ho ban eselofollát"
                    HPOS="173"
                    VPOS="1973"
                    WIDTH="567"
                    HEIGHT="68"></String>
          </TextLine>

          
          
          <TextLine ID="eSc_line_57da22cc"
                    TAGREFS="LT83"
                    BASELINE="229 2079 744 2064" 
                    HPOS="225"
                    VPOS="2023"
                    WIDTH="519"
                    HEIGHT="74">
            <Shape><Polygon POINTS="229 2079 225 2041 446 2023 448 2023 740 2027 744 2064 744 2077 229 2097"/></Shape>
	    <String CONTENT="que jó hi trucu y no se res."
                    HPOS="225"
                    VPOS="2023"
                    WIDTH="519"
                    HEIGHT="74"></String>
          </TextLine>

          
          
          <TextLine ID="eSc_line_3013b78f"
                    TAGREFS="LT83"
                    BASELINE="183 2128 793 2110" 
                    HPOS="177"
                    VPOS="2062"
                    WIDTH="616"
                    HEIGHT="91">
            <Shape><Polygon POINTS="183 2128 177 2083 787 2062 793 2110 791 2132 183 2153"/></Shape>
	    <String CONTENT="C. ¿Y l&#39;vostre xicót que hi diu?"
                    HPOS="177"
                    VPOS="2062"
                    WIDTH="616"
                    HEIGHT="91"></String>
          </TextLine>

          
          
          <TextLine ID="eSc_line_bd67d3d8"
                    TAGREFS="LT83"
                    BASELINE="235 2186 334 2176 835 2165" 
                    HPOS="231"
                    VPOS="2114"
                    WIDTH="608"
                    HEIGHT="144">
            <Shape><Polygon POINTS="235 2186 231 2141 339 2124 339 2124 487 2122 489 2122 489 2122 491 2122 491 2122 491 2122 502 2128 512 2132 523 2126 537 2120 537 2120 537 2120 539 2120 539 2120 541 2120 541 2120 541 2120 566 2124 593 2130 601 2124 603 2122 603 2120 603 2120 605 2120 605 2120 605 2120 607 2120 607 2120 607 2120 609 2120 647 2122 760 2126 828 2114 835 2165 839 2219 791 2234 789 2234 789 2234 789 2234 787 2234 787 2234 785 2234 785 2234 785 2234 783 2234 783 2234 766 2219 748 2207 688 2207 675 2219 673 2219 673 2221 673 2221 671 2221 671 2221 671 2221 669 2221 669 2221 669 2221 667 2221 642 2221 611 2250 611 2252 611 2252 609 2252 609 2252 609 2252 607 2252 607 2252 607 2252 398 2258 396 2258 396 2258 396 2258 394 2258 394 2258 392 2258 392 2258 392 2258 347 2219 347 2219 235 2219"/></Shape>
	    <String CONTENT="¿que hi pensa ? ¿ com ho ha pres ?"
                    HPOS="231"
                    VPOS="2114"
                    WIDTH="608"
                    HEIGHT="144"></String>
          </TextLine>

          
        </TextBlock>
        
        <TextBlock HPOS="818"
                   VPOS="214"
                   WIDTH="676"
                   HEIGHT="1982"
                   ID="eSc_textblock_a241df82"
                   TAGREFS="BT227">
          <Shape><Polygon POINTS="1478 223 1487 398 1373 398 1373 466 1491 466 1494 527 1428 932 1486 1223 1494 2172 1081 2196 876 2172 868 1620 818 1568 859 1477 859 1297 818 1262 851 1221 851 760 843 462 820 434 820 214"/></Shape>
          
          
          <TextLine ID="eSc_line_1f8a6563"
                    TAGREFS="LT83"
                    BASELINE="820 260 932 252 1444 260" 
                    HPOS="816"
                    VPOS="204"
                    WIDTH="626"
                    HEIGHT="79">
            <Shape><Polygon POINTS="818 258 816 204 1440 208 1442 258 1438 283 1362 270 1292 283 1283 283 1283 283 1281 283 1281 283 1281 283 1279 283 1275 283 1234 268 1132 281 1124 281 1124 281 1122 281 1122 281 1120 281 1118 281 1066 266 886 276 884 276 884 276 884 276 882 276 882 276 882 276 880 276 880 276 880 274 868 264 818 276"/></Shape>
	    <String CONTENT="F. Está mes trempát que una orga,"
                    HPOS="816"
                    VPOS="204"
                    WIDTH="626"
                    HEIGHT="79"></String>
          </TextLine>

          
          
          <TextLine ID="eSc_line_b6d76ee0"
                    TAGREFS="LT83"
                    BASELINE="859 305 1279 299" 
                    HPOS="849"
                    VPOS="254"
                    WIDTH="430"
                    HEIGHT="64">
            <Shape><Polygon POINTS="859 305 849 272 857 260 857 260 859 260 859 258 859 258 862 258 862 258 862 258 864 258 864 258 864 258 866 258 866 258 866 258 915 268 1004 256 1004 256 1006 256 1006 256 1006 256 1008 256 1008 256 1010 256 1029 268 1132 268 1167 254 1167 254 1170 254 1170 254 1172 254 1172 254 1275 266 1279 299 1277 316 859 318"/></Shape>
	    <String CONTENT="ha baxát mol animós."
                    HPOS="849"
                    VPOS="254"
                    WIDTH="430"
                    HEIGHT="64"></String>
          </TextLine>

          
          
          <TextLine ID="eSc_line_7fe1ed41"
                    TAGREFS="LT83"
                    BASELINE="822 357 1432 353" 
                    HPOS="818"
                    VPOS="305"
                    WIDTH="614"
                    HEIGHT="73">
            <Shape><Polygon POINTS="822 357 818 310 1426 305 1432 353 1428 374 1128 365 1087 376 1085 376 1083 376 1083 376 1083 378 822 378"/></Shape>
	    <String CONTENT="C. ¡Com! ¿ y que l&#39; habéu portát ?"
                    HPOS="818"
                    VPOS="305"
                    WIDTH="614"
                    HEIGHT="73"></String>
          </TextLine>

          
          
          <TextLine ID="eSc_line_9e905ad3"
                    TAGREFS="LT83"
                    BASELINE="824 407 1360 400" 
                    HPOS="822"
                    VPOS="351"
                    WIDTH="538"
                    HEIGHT="78">
            <Shape><Polygon POINTS="824 407 822 363 1068 363 1085 363 1180 351 1180 351 1182 351 1182 351 1184 351 1184 351 1184 351 1205 361 1256 351 1256 351 1256 351 1258 351 1258 351 1356 363 1360 400 1358 421 1242 413 1223 423 1221 425 1219 425 1219 425 1217 425 1217 425 1217 425 1215 425 1215 425 1213 425 1213 425 1209 423 1186 415 1178 423 1176 425 1176 427 1176 427 1174 427 1174 427 1174 427 1172 427 1172 427 1172 429 1130 429 1128 427 1128 427 1126 427 1114 425 1074 415 1008 425 994 427 994 427 992 427 992 427 992 427 990 427 990 427 986 425 961 417 936 427 928 429 928 429 926 429 926 429 924 429 924 429 924 429 905 427 849 417 826 427"/></Shape>
	    <String CONTENT="F. Y ja habem anát tots dos"
                    HPOS="822"
                    VPOS="351"
                    WIDTH="538"
                    HEIGHT="78"></String>
          </TextLine>

          
          
          <TextLine ID="eSc_line_d2a2b581"
                    TAGREFS="LT83"
                    BASELINE="864 454 1331 450" 
                    HPOS="859"
                    VPOS="423"
                    WIDTH="472"
                    HEIGHT="50">
            <Shape><Polygon POINTS="864 454 859 427 1325 423 1331 450 1327 473 1194 462 864 471"/></Shape>
	    <String CONTENT="á la casa del seu mestre"
                    HPOS="859"
                    VPOS="423"
                    WIDTH="472"
                    HEIGHT="50"></String>
          </TextLine>

          
          
          <TextLine ID="eSc_line_212de8cc"
                    TAGREFS="LT83"
                    BASELINE="859 508 1455 504" 
                    HPOS="857"
                    VPOS="458"
                    WIDTH="598"
                    HEIGHT="73">
            <Shape><Polygon POINTS="859 508 857 458 1451 462 1455 504 1453 527 936 520 859 531"/></Shape>
	    <String CONTENT="que éll me á esplicát molta urenga"
                    HPOS="857"
                    VPOS="458"
                    WIDTH="598"
                    HEIGHT="73"></String>
          </TextLine>

          
          
          <TextLine ID="eSc_line_bd83efbb"
                    TAGREFS="LT83"
                    BASELINE="862 558 1254 547" 
                    HPOS="857"
                    VPOS="510"
                    WIDTH="397"
                    HEIGHT="70">
            <Shape><Polygon POINTS="862 558 857 524 936 510 936 510 938 510 1250 510 1254 547 1254 568 862 580"/></Shape>
	    <String CONTENT="de musíca y de soná"
                    HPOS="857"
                    VPOS="510"
                    WIDTH="397"
                    HEIGHT="70"></String>
          </TextLine>

          
          
          <TextLine ID="eSc_line_6020aa23"
                    TAGREFS="LT83"
                    BASELINE="866 607 1403 607" 
                    HPOS="864"
                    VPOS="566"
                    WIDTH="539"
                    HEIGHT="66">
            <Shape><Polygon POINTS="866 607 864 570 1401 566 1403 607 1401 632 1300 622 1205 622 1194 630 1194 630 1194 632 1194 632 1192 632 1192 632 1192 632 1190 632 1190 632 1188 632 1188 632 1188 632 1186 632 1180 630 1155 622 1145 630 1143 632 1143 632 1141 632 1141 632 1141 632 1139 632 1139 632 1136 632 1136 632 1136 632 1134 632 1134 632 1134 632 1130 630 1114 622 866 626"/></Shape>
	    <String CONTENT="que no hi se guirá la llenga,"
                    HPOS="864"
                    VPOS="566"
                    WIDTH="539"
                    HEIGHT="66"></String>
          </TextLine>

          
          
          <TextLine ID="eSc_line_577eaa8e"
                    TAGREFS="LT83"
                    BASELINE="868 655 1316 651" 
                    HPOS="864"
                    VPOS="609"
                    WIDTH="452"
                    HEIGHT="75">
            <Shape><Polygon POINTS="868 655 864 620 1310 609 1316 651 1316 667 1287 679 1287 679 1285 679 1285 679 1285 682 1120 682 1118 679 1118 679 1116 679 1116 679 1105 675 1089 669 1050 677 1027 682 1027 682 1027 682 1025 682 1025 682 1004 679 944 671 868 684"/></Shape>
	    <String CONTENT="que tú ten rius y que jó"
                    HPOS="864"
                    VPOS="609"
                    WIDTH="452"
                    HEIGHT="75"></String>
          </TextLine>

          
          
          <TextLine ID="eSc_line_60c7767a"
                    TAGREFS="LT83"
                    BASELINE="866 706 1378 702" 
                    HPOS="862"
                    VPOS="657"
                    WIDTH="516"
                    HEIGHT="68">
            <Shape><Polygon POINTS="866 706 862 671 928 659 928 659 930 659 930 659 930 659 979 669 981 669 981 669 1035 659 1035 659 1035 659 1037 659 1314 667 1331 657 1333 657 1333 657 1333 657 1335 657 1335 657 1337 657 1337 657 1337 657 1339 657 1376 669 1378 702 1374 725 864 721"/></Shape>
	    <String CONTENT="no hi entench un espinach,"
                    HPOS="862"
                    VPOS="657"
                    WIDTH="516"
                    HEIGHT="68"></String>
          </TextLine>

          
          
          <TextLine ID="eSc_line_a78e9e3d"
                    TAGREFS="LT83"
                    BASELINE="866 756 1258 752" 
                    HPOS="862"
                    VPOS="717"
                    WIDTH="396"
                    HEIGHT="62">
            <Shape><Polygon POINTS="866 756 862 721 1252 717 1258 752 1256 770 866 779"/></Shape>
	    <String CONTENT="pus sols habia sentit"
                    HPOS="862"
                    VPOS="717"
                    WIDTH="396"
                    HEIGHT="62"></String>
          </TextLine>

          
          
          <TextLine ID="eSc_line_6a9a99c6"
                    TAGREFS="LT83"
                    BASELINE="866 808 1378 801" 
                    HPOS="862"
                    VPOS="752"
                    WIDTH="516"
                    HEIGHT="72">
            <Shape><Polygon POINTS="866 808 862 768 1023 766 1046 754 1046 754 1046 754 1048 754 1048 754 1048 754 1050 754 1194 762 1215 752 1215 752 1215 752 1217 752 1217 752 1217 752 1219 752 1374 762 1378 801 1376 820 866 824"/></Shape>
	    <String CONTENT="fe á las tanotas: ñich ñach,"
                    HPOS="862"
                    VPOS="752"
                    WIDTH="516"
                    HEIGHT="72"></String>
          </TextLine>

          
          
          <TextLine ID="eSc_line_d1fe4f22"
                    TAGREFS="LT83"
                    BASELINE="864 855 1312 851" 
                    HPOS="857"
                    VPOS="814"
                    WIDTH="455"
                    HEIGHT="56">
            <Shape><Polygon POINTS="864 855 857 818 1306 814 1312 851 1308 870 862 868"/></Shape>
	    <String CONTENT="en ballánt lo contrapás,"
                    HPOS="857"
                    VPOS="814"
                    WIDTH="455"
                    HEIGHT="56"></String>
          </TextLine>

          
          
          <TextLine ID="eSc_line_5dd9c82b"
                    TAGREFS="LT83"
                    BASELINE="866 907 1320 901" 
                    HPOS="855"
                    VPOS="855"
                    WIDTH="465"
                    HEIGHT="64">
            <Shape><Polygon POINTS="866 907 855 874 864 861 864 861 866 861 866 859 866 859 868 859 868 859 868 859 870 859 870 859 870 859 872 859 986 870 1004 870 1006 868 1012 859 1015 859 1015 857 1015 857 1017 857 1017 857 1017 857 1019 857 1019 857 1019 857 1021 857 1103 863 1163 868 1314 855 1320 901 1316 919 864 917"/></Shape>
	    <String CONTENT="l&#39;orga de la Parroquial"
                    HPOS="855"
                    VPOS="855"
                    WIDTH="465"
                    HEIGHT="64"></String>
          </TextLine>

          
          
          <TextLine ID="eSc_line_ad66678e"
                    TAGREFS="LT83"
                    BASELINE="866 956 1345 950" 
                    HPOS="857"
                    VPOS="909"
                    WIDTH="488"
                    HEIGHT="64">
            <Shape><Polygon POINTS="866 956 857 921 874 909 874 909 876 909 876 909 876 909 878 909 878 909 880 909 1341 915 1345 950 1343 973 866 973"/></Shape>
	    <String CONTENT="ó be algun xiulét de caña"
                    HPOS="857"
                    VPOS="909"
                    WIDTH="488"
                    HEIGHT="64"></String>
          </TextLine>

          
          
          <TextLine ID="eSc_line_bea8d2d2"
                    TAGREFS="LT83"
                    BASELINE="868 1006 1395 1002" 
                    HPOS="864"
                    VPOS="956"
                    WIDTH="531"
                    HEIGHT="75">
            <Shape><Polygon POINTS="868 1006 864 973 1389 956 1395 1002 1395 1014 1341 1027 1341 1027 1341 1027 1339 1027 1196 1020 1132 1018 1116 1023 1097 1029 1095 1029 1095 1029 1095 1031 868 1031"/></Shape>
	    <String CONTENT="que m&#39;creya no babia igual,"
                    HPOS="864"
                    VPOS="956"
                    WIDTH="531"
                    HEIGHT="75"></String>
          </TextLine>

          
          
          <TextLine ID="eSc_line_d61fc597"
                    TAGREFS="LT83"
                    BASELINE="868 1056 1318 1049" 
                    HPOS="864"
                    VPOS="1010"
                    WIDTH="454"
                    HEIGHT="60">
            <Shape><Polygon POINTS="868 1056 864 1023 1012 1010 1015 1010 1314 1016 1318 1049 1316 1070 866 1068"/></Shape>
	    <String CONTENT="ni sentia altras cantatas"
                    HPOS="864"
                    VPOS="1010"
                    WIDTH="454"
                    HEIGHT="60"></String>
          </TextLine>

          
          
          <TextLine ID="eSc_line_493d86e6"
                    TAGREFS="LT83"
                    BASELINE="874 1107 1387 1103" 
                    HPOS="870"
                    VPOS="1056"
                    WIDTH="517"
                    HEIGHT="68">
            <Shape><Polygon POINTS="874 1107 870 1070 1128 1056 1130 1056 1382 1066 1387 1103 1385 1124 872 1122"/></Shape>
	    <String CONTENT="que aquellas dels capellans,"
                    HPOS="870"
                    VPOS="1056"
                    WIDTH="517"
                    HEIGHT="68"></String>
          </TextLine>

          
          
          <TextLine ID="eSc_line_4a927649"
                    TAGREFS="LT83"
                    BASELINE="870 1155 1362 1151" 
                    HPOS="868"
                    VPOS="1118"
                    WIDTH="494"
                    HEIGHT="55">
            <Shape><Polygon POINTS="870 1155 868 1118 1358 1118 1362 1151 1358 1173 868 1167"/></Shape>
	    <String CONTENT="las de fe adormi criaturas"
                    HPOS="868"
                    VPOS="1118"
                    WIDTH="494"
                    HEIGHT="55"></String>
          </TextLine>

          
          
          <TextLine ID="eSc_line_1b1d77f4"
                    TAGREFS="LT83"
                    BASELINE="876 1206 1345 1202" 
                    HPOS="870"
                    VPOS="1155"
                    WIDTH="475"
                    HEIGHT="74">
            <Shape><Polygon POINTS="876 1206 870 1171 899 1157 899 1157 901 1157 901 1157 901 1157 903 1157 1072 1167 1271 1155 1273 1155 1273 1155 1273 1155 1341 1167 1345 1202 1341 1221 903 1219 878 1229"/></Shape>
	    <String CONTENT="y cansons dels rabadans."
                    HPOS="870"
                    VPOS="1155"
                    WIDTH="475"
                    HEIGHT="74"></String>
          </TextLine>

          
          
          <TextLine ID="eSc_line_8840638d"
                    TAGREFS="LT83"
                    BASELINE="838 1261 1411 1254" 
                    HPOS="835"
                    VPOS="1202"
                    WIDTH="574"
                    HEIGHT="77">
            <Shape><Polygon POINTS="1289 1202 1275 1202 1256 1211 1250 1213 1238 1211 1194 1202 1186 1202 1165 1202 1145 1202 1141 1202 1139 1202 1136 1202 1134 1202 1126 1211 1118 1215 835 1209 835 1223 837 1260 837 1279 1409 1273 1409 1252 1405 1213 1304 1202 1289 1202"/></Shape>
	    <String CONTENT="C. ¡Oh amigo ! aquí es diferent,"
                    HPOS="835"
                    VPOS="1202"
                    WIDTH="574"
                    HEIGHT="77"></String>
          </TextLine>

          
          
          <TextLine ID="eSc_line_997cafd2"
                    TAGREFS="LT83"
                    BASELINE="876 1308 1391 1302" 
                    HPOS="872"
                    VPOS="1256"
                    WIDTH="519"
                    HEIGHT="64">
            <Shape><Polygon POINTS="876 1308 872 1271 1170 1258 1172 1258 1172 1258 1174 1258 1174 1258 1196 1266 1225 1256 1225 1256 1227 1256 1227 1256 1227 1256 1229 1256 1387 1266 1391 1302 1389 1320 874 1318"/></Shape>
	    <String CONTENT="veuréu que en aquesta terra"
                    HPOS="872"
                    VPOS="1256"
                    WIDTH="519"
                    HEIGHT="64"></String>
          </TextLine>

          
          
          <TextLine ID="eSc_line_71e41f2b"
                    TAGREFS="LT83"
                    BASELINE="876 1357 1380 1351" 
                    HPOS="866"
                    VPOS="1306"
                    WIDTH="514"
                    HEIGHT="68">
            <Shape><Polygon POINTS="876 1357 866 1324 874 1312 874 1312 876 1312 876 1310 876 1310 878 1310 878 1310 878 1310 880 1310 880 1310 880 1310 882 1310 1033 1320 1060 1308 1060 1308 1060 1308 1062 1308 1062 1308 1064 1308 1064 1308 1066 1308 1105 1318 1116 1310 1116 1308 1116 1308 1118 1308 1118 1308 1118 1308 1120 1308 1120 1308 1120 1308 1221 1306 1223 1306 1376 1318 1380 1351 1378 1366 876 1374"/></Shape>
	    <String CONTENT="vos sonarán de altre modo"
                    HPOS="866"
                    VPOS="1306"
                    WIDTH="514"
                    HEIGHT="68"></String>
          </TextLine>

          
          
          <TextLine ID="eSc_line_6a036bee"
                    TAGREFS="LT83"
                    BASELINE="876 1407 1403 1403" 
                    HPOS="872"
                    VPOS="1361"
                    WIDTH="531"
                    HEIGHT="67">
            <Shape><Polygon POINTS="876 1407 872 1372 1397 1361 1403 1403 1401 1428 874 1421"/></Shape>
	    <String CONTENT="cantantvos à dret y esquera"
                    HPOS="872"
                    VPOS="1361"
                    WIDTH="531"
                    HEIGHT="67"></String>
          </TextLine>

          
          
          <TextLine ID="eSc_line_465901ac"
                    TAGREFS="LT83"
                    BASELINE="878 1459 1382 1450" 
                    HPOS="876"
                    VPOS="1413"
                    WIDTH="506"
                    HEIGHT="58">
            <Shape><Polygon POINTS="878 1459 876 1413 1378 1415 1382 1450 1382 1463 878 1471"/></Shape>
	    <String CONTENT="de un modo que quedarèu"
                    HPOS="876"
                    VPOS="1413"
                    WIDTH="506"
                    HEIGHT="58"></String>
          </TextLine>

          
          
          <TextLine ID="eSc_line_c0b66a5c"
                    TAGREFS="LT83"
                    BASELINE="882 1510 1395 1500" 
                    HPOS="878"
                    VPOS="1461"
                    WIDTH="517"
                    HEIGHT="66">
            <Shape><Polygon POINTS="882 1510 878 1463 1389 1461 1395 1500 1393 1521 882 1527"/></Shape>
	    <String CONTENT="parát que os caurá la baba."
                    HPOS="878"
                    VPOS="1461"
                    WIDTH="517"
                    HEIGHT="66"></String>
          </TextLine>

          
          
          <TextLine ID="eSc_line_24ed36b9"
                    TAGREFS="LT83"
                    BASELINE="837 1558 1416 1547" 
                    HPOS="833"
                    VPOS="1500"
                    WIDTH="580"
                    HEIGHT="87">
            <Shape><Polygon POINTS="1341 1500 1339 1500 1300 1512 1289 1514 1279 1512 1240 1502 1238 1502 1236 1502 1188 1512 1165 1516 839 1514 833 1529 835 1556 835 1587 921 1576 944 1587 946 1587 948 1587 950 1587 996 1572 1058 1585 1062 1585 1064 1585 1066 1585 1068 1585 1116 1570 1155 1583 1161 1585 1163 1585 1165 1585 1167 1585 1178 1583 1225 1570 1269 1581 1283 1583 1285 1583 1287 1583 1289 1583 1294 1581 1312 1566 1333 1578 1337 1581 1339 1581 1341 1581 1343 1581 1347 1578 1370 1566 1409 1576 1413 1545 1409 1512 1343 1500 1341 1500"/></Shape>
	    <String CONTENT="F. ¡Ja he vist, amigo, nua cosa"
                    HPOS="833"
                    VPOS="1500"
                    WIDTH="580"
                    HEIGHT="87"></String>
          </TextLine>

          
          
          <TextLine ID="eSc_line_89a4b1f4"
                    TAGREFS="LT83"
                    BASELINE="884 1607 1380 1599" 
                    HPOS="878"
                    VPOS="1556"
                    WIDTH="502"
                    HEIGHT="72">
            <Shape><Polygon POINTS="884 1607 878 1576 901 1564 901 1564 901 1564 903 1564 903 1564 905 1564 905 1564 988 1572 1000 1572 1025 1570 1128 1558 1128 1558 1130 1558 1130 1558 1176 1564 1205 1568 1211 1562 1215 1560 1215 1558 1215 1558 1217 1558 1217 1558 1217 1558 1219 1558 1219 1558 1219 1558 1221 1558 1221 1558 1244 1562 1275 1566 1306 1558 1318 1556 1320 1556 1320 1556 1323 1556 1323 1556 1325 1556 1325 1556 1331 1558 1354 1566 1370 1556 1380 1599 1378 1616 884 1628"/></Shape>
	    <String CONTENT="que may me la afiguraba!"
                    HPOS="878"
                    VPOS="1556"
                    WIDTH="502"
                    HEIGHT="72"></String>
          </TextLine>

          
          
          <TextLine ID="eSc_line_1831e9f8"
                    TAGREFS="LT83"
                    BASELINE="886 1657 1401 1647" 
                    HPOS="876"
                    VPOS="1607"
                    WIDTH="525"
                    HEIGHT="67">
            <Shape><Polygon POINTS="886 1657 876 1626 884 1614 884 1614 886 1614 886 1612 886 1612 888 1612 888 1612 888 1612 890 1612 890 1612 890 1612 893 1612 893 1612 957 1622 983 1609 983 1609 983 1609 986 1609 986 1609 988 1609 988 1609 988 1609 990 1609 990 1609 1015 1620 1056 1609 1058 1609 1058 1609 1060 1609 1060 1609 1060 1609 1112 1618 1122 1609 1122 1607 1122 1607 1124 1607 1124 1607 1124 1607 1126 1607 1126 1607 1128 1607 1397 1614 1401 1647 1401 1671 886 1674"/></Shape>
	    <String CONTENT="He vist tota una ronquesta"
                    HPOS="876"
                    VPOS="1607"
                    WIDTH="525"
                    HEIGHT="67"></String>
          </TextLine>

          
          
          <TextLine ID="eSc_line_f9eeae33"
                    TAGREFS="LT83"
                    BASELINE="888 1709 1358 1698" 
                    HPOS="884"
                    VPOS="1665"
                    WIDTH="474"
                    HEIGHT="64">
            <Shape><Polygon POINTS="888 1709 884 1671 1351 1665 1358 1698 1358 1711 1074 1729 1072 1729 886 1721"/></Shape>
	    <String CONTENT="que tota plegada estaba."
                    HPOS="884"
                    VPOS="1665"
                    WIDTH="474"
                    HEIGHT="64"></String>
          </TextLine>

          
          
          <TextLine ID="eSc_line_9f07e1b7"
                    TAGREFS="LT83"
                    BASELINE="890 1756 1449 1750" 
                    HPOS="888"
                    VPOS="1705"
                    WIDTH="561"
                    HEIGHT="62">
            <Shape><Polygon POINTS="890 1756 888 1711 1070 1719 1081 1713 1083 1709 1083 1709 1085 1709 1085 1709 1085 1709 1087 1709 1087 1709 1087 1709 1182 1707 1184 1707 1184 1707 1186 1707 1186 1707 1186 1707 1188 1707 1188 1707 1188 1709 1194 1713 1198 1719 1263 1719 1298 1715 1407 1705 1409 1705 1409 1705 1409 1705 1411 1705 1447 1717 1449 1750 1449 1764 890 1767"/></Shape>
	    <String CONTENT="Mes de trenta homes y habia"
                    HPOS="888"
                    VPOS="1705"
                    WIDTH="561"
                    HEIGHT="62"></String>
          </TextLine>

          
          
          <TextLine ID="eSc_line_0f46f7a5"
                    TAGREFS="LT83"
                    BASELINE="895 1810 1438 1800" 
                    HPOS="890"
                    VPOS="1760"
                    WIDTH="548"
                    HEIGHT="71">
            <Shape><Polygon POINTS="895 1810 890 1764 1432 1760 1438 1800 1436 1816 895 1831"/></Shape>
	    <String CONTENT="que cada hu de ells se tocaba"
                    HPOS="890"
                    VPOS="1760"
                    WIDTH="548"
                    HEIGHT="71"></String>
          </TextLine>

          
          
          <TextLine ID="eSc_line_191936c4"
                    TAGREFS="LT83"
                    BASELINE="893 1857 1463 1849" 
                    HPOS="890"
                    VPOS="1812"
                    WIDTH="573"
                    HEIGHT="70">
            <Shape><Polygon POINTS="893 1857 890 1812 1459 1812 1463 1849 1461 1870 921 1870 895 1882"/></Shape>
	    <String CONTENT="son instrumen que axordaban."
                    HPOS="890"
                    VPOS="1812"
                    WIDTH="573"
                    HEIGHT="70"></String>
          </TextLine>

          
          
          <TextLine ID="eSc_line_8982f2ab"
                    TAGREFS="LT83"
                    BASELINE="895 1907 1418 1901" 
                    HPOS="886"
                    VPOS="1853"
                    WIDTH="532"
                    HEIGHT="73">
            <Shape><Polygon POINTS="895 1907 886 1874 907 1857 907 1857 909 1857 909 1857 909 1857 911 1857 911 1857 913 1857 913 1857 1033 1870 1062 1855 1062 1855 1062 1855 1064 1855 1064 1855 1064 1855 1066 1855 1236 1868 1378 1853 1378 1853 1380 1853 1380 1853 1382 1853 1382 1853 1416 1868 1418 1901 1413 1926 893 1924"/></Shape>
	    <String CONTENT="Mira. escolta: uns ni habia"
                    HPOS="886"
                    VPOS="1853"
                    WIDTH="532"
                    HEIGHT="73"></String>
          </TextLine>

          
          
          <TextLine ID="eSc_line_c9ebbf8c"
                    TAGREFS="LT83"
                    BASELINE="897 1961 1461 1948" 
                    HPOS="893"
                    VPOS="1907"
                    WIDTH="568"
                    HEIGHT="79">
            <Shape><Polygon POINTS="897 1961 893 1926 1002 1911 1002 1911 1004 1911 1004 1911 1004 1911 1043 1919 1048 1919 1455 1907 1461 1948 1459 1973 1091 1971 1039 1975 940 1986 938 1986 938 1986 938 1986 895 1975"/></Shape>
	    <String CONTENT="que ab unas verguetas primas"
                    HPOS="893"
                    VPOS="1907"
                    WIDTH="568"
                    HEIGHT="79"></String>
          </TextLine>

          
          
          <TextLine ID="eSc_line_06e84533"
                    TAGREFS="LT83"
                    BASELINE="895 2010 1370 2002" 
                    HPOS="890"
                    VPOS="1955"
                    WIDTH="480"
                    HEIGHT="66">
            <Shape><Polygon POINTS="895 2010 890 1975 1043 1959 1043 1959 1046 1959 1046 1959 1101 1967 1112 1969 1114 1967 1130 1957 1132 1957 1132 1957 1132 1957 1134 1957 1134 1957 1136 1957 1136 1957 1136 1957 1180 1965 1190 1967 1203 1965 1252 1955 1252 1955 1252 1955 1254 1955 1254 1955 1256 1955 1256 1955 1256 1955 1258 1955 1258 1955 1269 1963 1271 1965 1273 1963 1285 1955 1287 1955 1287 1955 1289 1955 1289 1955 1289 1955 1292 1955 1366 1961 1370 2002 1368 2021 893 2019"/></Shape>
	    <String CONTENT="serraban, quí mes podia,"
                    HPOS="890"
                    VPOS="1955"
                    WIDTH="480"
                    HEIGHT="66"></String>
          </TextLine>

          
          
          <TextLine ID="eSc_line_85805e28"
                    TAGREFS="LT83"
                    BASELINE="895 2060 1335 2052" 
                    HPOS="890"
                    VPOS="2008"
                    WIDTH="445"
                    HEIGHT="73">
            <Shape><Polygon POINTS="895 2060 890 2025 1112 2008 1114 2008 1331 2017 1335 2052 1335 2072 895 2081"/></Shape>
	    <String CONTENT="una especia de pernils;"
                    HPOS="890"
                    VPOS="2008"
                    WIDTH="445"
                    HEIGHT="73"></String>
          </TextLine>

          
          
          <TextLine ID="eSc_line_93b33f1c"
                    TAGREFS="LT83"
                    BASELINE="903 2112 1486 2099" 
                    HPOS="899"
                    VPOS="2046"
                    WIDTH="587"
                    HEIGHT="82">
            <Shape><Polygon POINTS="903 2112 899 2070 992 2056 992 2056 994 2056 994 2056 994 2056 996 2056 996 2056 996 2056 998 2056 1012 2066 1043 2054 1043 2054 1046 2054 1046 2054 1048 2054 1298 2060 1302 2060 1304 2060 1401 2046 1401 2046 1403 2046 1403 2046 1482 2058 1486 2099 1486 2122 903 2128"/></Shape>
	    <String CONTENT="¡ quels hi feyan fe uns griñols !.."
                    HPOS="899"
                    VPOS="2046"
                    WIDTH="587"
                    HEIGHT="82"></String>
          </TextLine>

          
          
          <TextLine ID="eSc_line_96618748"
                    TAGREFS="LT83"
                    BASELINE="890 2159 1432 2151" 
                    HPOS="886"
                    VPOS="2110"
                    WIDTH="546"
                    HEIGHT="113">
            <Shape><Polygon POINTS="890 2159 886 2110 1428 2110 1432 2151 1430 2205 1229 2219 1227 2219 1227 2219 1227 2219 1225 2219 1225 2219 1225 2219 1223 2219 1213 2211 1203 2205 1180 2211 1157 2219 1155 2219 1155 2219 1155 2219 1153 2219 1153 2219 1153 2219 1151 2219 1151 2219 1136 2213 1114 2203 1093 2213 1093 2215 1091 2215 1091 2215 1089 2215 1089 2215 1089 2215 1087 2215 1087 2215 1087 2215 1085 2215 1085 2215 1083 2215 1083 2215 1083 2215 1083 2215 1070 2203 1043 2215 1025 2223 1025 2223 1023 2223 1023 2223 1023 2223 1021 2223 1021 2223 1019 2223 1019 2223 1019 2223 1017 2223 1017 2223 1008 2215 992 2205 915 2205 895 2219"/></Shape>
	    <String CONTENT="Un altre ab un xinlét llarch"
                    HPOS="886"
                    VPOS="2110"
                    WIDTH="546"
                    HEIGHT="113"></String>
          </TextLine>

          
        </TextBlock>
        

        
      </PrintSpace>
    </Page>
  </Layout>
</alto>
