1753 2480
264 245 33 67 2

212 272 583 102 van veni à pendrer las aiguas,

198 345 492 78 y an al meu carcul, lo ví

200 398 558 69 era l' que mes se estimaban,

210 450 585 68 y aquells, com que se entenian

204 506 500 58 del art de la Asgrugultura

210 545 449 75 y van veure que tenian

206 613 410 48 un terreno tan ferós ;

206 651 459 57 van tractá de cautivarlo

198 700 494 58 de unas modas diferentas

206 748 496 64 quels vells sabian aviarlo.

204 793 550 77 Tots nosaltres sen burlabam,

208 851 542 72 peró 'ls fa aná vent en popa.

206 894 449 75 ¡Ca ! ... ¡territori milló

200 944 571 72 no hi pot se en tota la Gropa

200 992 548 72 ni à las Médicas ni en lloch,

200 1047 492 66 mes abundant y eccelent!

157 1099 564 72 C. ¡ Dèu apareixe un prodigi !

165 1155 488 74 F. Si, y en efectivament.

204 1204 443 56 Ara, cuan men vas aná

200 1246 465 70 daba un veurer deliciós

204 1312 486 60 com los segaban los naps

206 1349 443 66 y las trumfas als señós,

206 1399 360 68 y daba bo de mirá

206 1457 441 53 com los estaban batent

210 1504 474 70 pastanagas y auberginias

204 1560 484 62 tan be y tan bonicament,

212 1597 554 85 y l' bo es, com los arrencaban

210 1649 457 62 las prunas y las cireras.

212 1698 519 75 ¡ Alló sembla un trassanál !

165 1746 552 70 C. Axis no tindréu quimeras

217 1806 463 72 ni tampoch patireu fam,

217 1864 566 64 pues sent la vianda abundanta

219 1911 477 68 y anant tots ben afartáts

219 1967 529 66 se está alegre y res espanta.

173 2002 490 70 F. Si, si, gracias al Señó,

217 2066 494 58 res de tot lo que tindrém

221 2114 481 62 aquest any no 'ns faltará

221 2161 477 60 si com los seños cuydém

225 2209 473 101 las terras de la comarca.

876 260 579 114 ¡Sembla que hi cau lo magná!

880 353 451 66 ¿ Si veyesses los bacons,

874 398 496 77 com jó! ¡alló fa esgarrifá!

843 448 515 74 C. Axó fa ple, men alegro.

872 493 566 77 ¿Y aquellas mossas, que tal ?

876 549 568 77 que tanta de broma hi feyam?

882 613 467 58 ¿Que fa la Cisca Pardál.

874 640 446 77 la Cinteta del Costella,

874 698 387 62 la Mercé del Italiá,

876 746 426 72 la Teta de cal Sigoña,

876 795 405 64 la Lipeta del Damiá,

874 843 444 78 la Teresa del Farrirja,

878 899 476 68 y totas aquelias que .....

845 944 544 68 F. Mira Carléts, desde en sa

872 996 525 70 de la broma que hi va habé

880 1041 445 79 y va succehí la masega

876 1097 562 66 ab las mossas de cal Manco;

874 1149 589 72 que fas com fan tots los altres,

874 1198 424 68 retiro dejorn y tanco.

841 1240 510 72 C. Home, ¡ vos rovellaréu !

876 1295 562 77 No os ho aprobo, mal pensát.

837 1345 585 72 F. No estich per emblemas, ni

872 1392 479 71 cosas de aquesta igualtát

884 1440 476 79 y de consegüent, vull di:

884 1510 519 52 que no se res del ques fan

882 1554 449 58 ni ganas, ni barrinarhi,

880 1597 430 70 que vagen al botabán.

845 1647 434 70 C. Peró be debéu sentí

886 1700 416 64 á contá alguna coseta

886 1758 515 60 sent al treball, ó à la festa

888 1810 499 62 cuan vos esteu de cuatreta

888 1851 501 77 tot bó y fent petá l' caxál

890 1907 461 56 à plassa mentre esperéu

890 1955 526 68 la hora que toquin à Missa.

859 2002 635 75 F. ¿ Saps que corra ? que al hereu

888 2052 449 70 de casa del Mitja-guipa

895 2105 475 62 y à la Quiteria del Gran,

893 2159 438 58 sense tirals trona aball

890 2209 428 107 de amagát los casarán
