1753 2480
792 52 141 55 — 2 —

720 158 291 98 PERSONAS.

356 241 206 55 ROBREÑO.

355 289 201 51 D. DIEGO.

356 337 260 50 MARGARITA.

355 384 121 45 INES.

352 418 319 57 PABLO, zapatero.

970 245 273 62 MIGUEL, idem.

971 294 447 54 DOS APRENDICES, idem.

971 341 354 64 NOLASCO, acreedor.

974 384 267 51 VARIOS. idem.

970 424 264 70 UN COCHERO.

614 529 489 81 ACTO ÚNICO.

104 626 1509 73 Sala de una casa de huéspedes sencillamente amueblada, una puerta en el fondo con escale-

141 680 1476 64 ra que conduce á las habitaciones de arriba, otra á la izquierda del actor que comunica al

140 726 1475 66 cuarto de D. Diego, otra á la derecha que figura ser la entrada. Al levantarse el telon

139 768 992 61 aparecen D. Diego escribiendo y Robreño cerrando un baul.

249 952 469 62 ESCENA PRIMERA.

108 1026 636 65 Rob. Se acabó: vamos por otro.

108 1078 747 60 (Va à cerrar la malela, que hay encima de

147 1121 187 55 una silla)

111 1161 414 63 Uno. (dentro.) ¿lnés?

114 1209 464 58 Inés. (id.) Mi señor.

110 1255 463 60 Uno. (id.) La leche.

107 1300 657 64 Diego. Que siempre el grito la eche

146 1350 434 56 á Inesita ese mal potro.

108 1390 663 62 Rob. Tio, no hay de qué estrañarlo,

141 1438 480 59 que jamás mujer he visto

147 1489 531 55 tan temeraria... y por Cristo

144 1529 451 49 que bien podria jurarlo.

110 1569 610 54 Diego. ¿Cómo, José, hubo danza?

115 1614 422 60 Rob. Nada de eso, tio.

113 1657 124 56 Diego.

147 1701 158 58 á qué...

108 1740 485 70 Rob. Ya no quiero á Inés.

110 1791 730 74 Diego. Y ¿en qué estriba tal mudanza,

148 1842 543 51 cuando ayer noche me decias:

150 1886 416 59 tio, tendré que dejarla

148 1933 499 56 yo que quisiera llevarla...?

108 1975 519 59 Rob. Aquello fué tonterías.

108 2018 743 70 Diego. Nada me ocultes Robre. (se levanta)

148 2068 454 55 porque testigo es el cielo

150 2113 533 58 que por tu bien me desvelo...

148 2154 476 58 cese el temerario empeño.

187 2197 448 63 No te obstines en negar

150 2243 526 57 que en tu contra va á volver.

150 2284 391 55 ¿En dejar una mujer

150 2332 453 73 hallas para que estrañar?

887 942 591 70 Rob. Mucho menos ciertamente

921 993 419 58 si la dejo y no se mata;

924 1038 470 57 por un gran pozo de plata

923 1088 515 58 y una hurí de esbelta frente.

886 1122 663 69 Diego. llola, hola... bien, muy bien.

887 1169 648 62 Rob. Dos amantes tengo en ciernes.

888 1216 663 66 Diego. Pues es conquista de viernes.

887 1259 521 63 Rob. Y de sábados tambien.

887 1307 547 66 Diego. Y dígame el caballero,

923 1357 597 63 ¿dónde en tan buenos auspicios...

887 1397 521 63 Rob. Ensayé mis ejercicios?

924 1452 423 49 en casa de un zapatero.

888 1486 587 64 Diego. ¿Y yo crédito he de dar?

886 1532 537 60 Rob. Parece que os maravilla

924 1585 441 46 que sentado en una silla

926 1620 361 55 sea fácil conquistar.

961 1667 417 60 A una silfide, una hurí

921 1712 414 55 ó llámala como quiera,

924 1759 487 61 lo cierto que es la primera,

924 1810 470 56 mujer que me gustó á mí.

961 1848 508 65 Que es rica y viste á lo lujo,

924 1894 434 54 hermosísima á cual mas

926 1938 501 65 y comprendeis ya, sin mas,

921 1996 464 48 que á este corazon sedujo.

882 2028 585 64 Diego. Mas con tanto alambicar

923 2084 468 51 y tanta alegría, aun no sé

921 2120 253 59 cómo ha sido.

890 2153 526 74 Rob. Lo diré

883 2200 606 71 Diego. Despues lo podrás contar,

920 2260 557 60 que ahora á mi cuarto me voy,

924 2302 454 56 y en él estaré, que infiero

923 2356 451 55 que no puede el zapatero
