1916 2480
949 53 135 72 — 8 —

260 97 343 69 Rob. Inés, ja, ja.

257 150 335 66 Diego. Y ¿qué es?

256 181 508 79 Rob. Lo diré.

290 283 450 68 cual leones han entrado,

333 238 379 66 Los acreedores fieros

296 334 444 61 y todo se lo han llevado,

288 374 483 69 dejándome asi, en cueros.

252 417 537 70 Diego. ¿Quién pudo decirles?

250 461 189 57 Inés. Yo.

250 509 534 75 Rob. Diego. ¡Tú, Inesita, tú!

250 555 255 62 Inés. Yo, sí:

286 602 477 63 ¿recordais que os prometí

289 653 339 57 venganza terrible?

248 688 239 57 Diego. ¡Oh!

248 734 587 63 Inés. Oí todo cuanto hablasteis;

285 777 559 67 todo he visto, cuanto hicisteis:

285 830 630 54 me he vengado, y muy bien visteis

282 872 516 55 como de mí no os burlasteis.

322 916 473 56 Señora, amaba á Robreño:

285 957 508 61 mas ya que él os ama ahora,

285 1005 430 55 yo desisto, gran señora,

281 1052 428 58 de mi pertinaz empeño.

239 1087 727 70 (Todos los acreedores y zapateros vuelven á

278 1140 630 71 entrar con todo lo que se han llevado.)

456 1227 299 97 ESCENA XII.

238 1324 311 62 Nol. Vedle allí.

239 1368 404 64 Todos. Sr. D. Diego...

235 1412 502 69 Diego. Ea, señores, callad;

272 1463 421 59 hoy todo se va á pagar:

271 1505 488 65 ¡oh! de alegría estoy ciego.

232 1547 726 91 (Les paga y se marchan. Inés se va por la

270 1599 304 61 puerta del fondo.)

234 1635 628 77 Rob. à Marg. Ahora quisiera saber

270 1685 482 66 qué comedia es la elegida.

270 1731 391 64 para mi primer salida

231 1775 682 82 Marg. Héla aquí. (le da un librito.)

227 1821 415 61 Rob. (lee) No puede ser

264 1869 370 55 el guardar una mujer.

304 1913 449 77 Pues yo una décima haré

263 1960 375 58 al público dedicada,

263 2003 384 52 y si de él es aceptada.

261 2052 363 54 complacido quedaré

261 2084 640 103 y él me dará una palmada. (escribe.)

1018 135 379 48 (Dejando de escribir.)

1062 176 483 54 De alegría harto inconfusa

1062 214 411 64 esta mi mente, señora.

1062 263 189 52 Aqui está.

1026 303 395 64 Marg. Leedla ahora,

1062 354 451 56 sepamos cuál es su musa

1024 383 723 103 Rob. (lee) Hoy, público, á quien adoro,

1058 440 393 61 á tus aras me presento,

1057 494 379 57 y con mi corto talento

1058 530 403 67 toda tu piedad imploro:

1057 577 445 62 que soy incapaz no ignoro

1055 618 462 70 de ponerme á tu presencia;

1051 668 425 59 pero como la indulgencia

1053 710 452 64 ha sido siempre tu escudo,

1053 755 424 66 que me dispenses no dudo

1050 799 386 64 disimulo y asistencia.

1011 840 430 65 Marg. Eres Robreño...

1010 888 564 66 Rob. Poetastro.

1011 930 570 71 Marg. Gran poeta iba á decir.

1009 976 576 69 (Inés saliendo y con tono burlon.)

1046 1022 395 62 ¡Qué risa si va á salir

1046 1066 404 63 en la Abadia de Castro!

1083 1104 593 83 Aunque á mi entender, Robreño,

1046 1157 431 65 ya que soñaste delicias,

1043 1201 408 65 eligiera por primicias

1042 1246 467 71 el drama La vida es sueño.

1079 1293 550 73 Composicion es muy hermosa,

1040 1343 520 65 digna de su autor y su fama

1039 1386 524 66 é hiciera despues del drama.

1000 1430 546 67 Rob. UN BOFETON (se lo dá.)

999 1474 413 62 Marg. Y SOY DICHOSA.

995 1518 734 77 (Diego, que ha acabado de pagar á los acre-

1036 1572 126 51 dores.)

1073 1609 637 77 ¿Qué es lo que has hecho atrevido?

1036 1656 376 66 así paga los consejos

997 1698 574 75 Rob. Los consejos son malejos

1032 1748 504 69 si son dados á un marido.

1326 1793 401 75 (Abraza á Margarita.)

992 1835 633 89 Diego. En fin, ya se ha concluido:

1031 1887 369 62 Inesita, eso es nada;

1032 1935 396 60 lo sé; fuiste ultrajada,

1029 1982 412 52 y el remedio podrá ser

1232 2025 249 63 (Al Público.)

1026 2069 359 61 á quererlo conceder

1026 2114 447 78 el favor de una palmada.

919 2187 113 60 FIN.

242 2269 1454 75 Se hallará de venta en casa los sucesores de Antonio Bosch, calle del Bou de la Plaza Nueva, núm. 13. tienda.

307 2318 1305 119 Barcelona.—lmp. de Narciso Ramirez y Comp.ª, pasaje de Escudillers, núm. 4.—1877
