<?xml version="1.0" encoding="UTF-8"?>
<alto xmlns:xsi="http://www.w3.org/2001/XMLSchema-instance"
      xmlns="http://www.loc.gov/standards/alto/ns-v4#"
      xsi:schemaLocation="http://www.loc.gov/standards/alto/ns-v4# http://www.loc.gov/standards/alto/v4/alto-4-2.xsd">
  <Description>
    <MeasurementUnit>pixel</MeasurementUnit>
    <sourceImageInformation>
      <fileName>Varios_362_4.jpg</fileName>
      
    </sourceImageInformation>
  </Description>
  
  <Tags>
    <OtherTag ID="BT221" LABEL="CustomZone:impresorNum" DESCRIPTION="block type CustomZone:impresorNum"/><OtherTag ID="BT222" LABEL="CustomZone:numero_pliego" DESCRIPTION="block type CustomZone:numero_pliego"/><OtherTag ID="BT223" LABEL="CustomZone:title" DESCRIPTION="block type CustomZone:title"/><OtherTag ID="BT224" LABEL="GraphicZone:illustration" DESCRIPTION="block type GraphicZone:illustration"/><OtherTag ID="BT225" LABEL="GraphicZone:ornamentation" DESCRIPTION="block type GraphicZone:ornamentation"/><OtherTag ID="BT226" LABEL="MainZone" DESCRIPTION="block type MainZone"/><OtherTag ID="BT227" LABEL="MainZone:columns" DESCRIPTION="block type MainZone:columns"/><OtherTag ID="BT228" LABEL="MarginTextZone:colophon" DESCRIPTION="block type MarginTextZone:colophon"/><OtherTag ID="BT229" LABEL="MarginTextZone:note" DESCRIPTION="block type MarginTextZone:note"/><OtherTag ID="BT230" LABEL="MusicZone" DESCRIPTION="block type MusicZone"/><OtherTag ID="BT231" LABEL="NumberingZone:page" DESCRIPTION="block type NumberingZone:page"/><OtherTag ID="BT232" LABEL="QuireMarksZone:catchwords" DESCRIPTION="block type QuireMarksZone:catchwords"/><OtherTag ID="BT233" LABEL="QuireMarksZone:signature" DESCRIPTION="block type QuireMarksZone:signature"/><OtherTag ID="BT234" LABEL="RunningTitleZone" DESCRIPTION="block type RunningTitleZone"/>
    <OtherTag ID="LT81" LABEL="CustomLine:propriedad" DESCRIPTION="line type CustomLine:propriedad"/><OtherTag ID="LT82" LABEL="CustomLine:trailer" DESCRIPTION="line type CustomLine:trailer"/><OtherTag ID="LT83" LABEL="DefaultLine" DESCRIPTION="line type DefaultLine"/><OtherTag ID="LT84" LABEL="HeadingLine" DESCRIPTION="line type HeadingLine"/>
  </Tags>
  
  <Layout>
    <Page WIDTH="1753"
          HEIGHT="2480"
          PHYSICAL_IMG_NR="55"
          ID="eSc_dummypage_">
      <PrintSpace HPOS="0"
                  VPOS="0"
                  WIDTH="1753"
                  HEIGHT="2480">
        
        <TextBlock HPOS="776"
                   VPOS="3"
                   WIDTH="184"
                   HEIGHT="58"
                   ID="block_4"
                   TAGREFS="BT231">
          <Shape><Polygon POINTS="960 3 960 61 776 61 776 3"/></Shape>
          
          
          <TextLine ID="line_75"
                    TAGREFS="LT83"
                    BASELINE="809 40 942 49" 
                    HPOS="806"
                    VPOS="4"
                    WIDTH="134"
                    HEIGHT="86">
            <Shape><Polygon POINTS="932 4 911 4 890 4 870 4 849 4 828 4 808 4 808 39 806 72 857 66 932 90 940 47 940 4 932 4"/></Shape>
	    <String CONTENT="— 4 —"
                    HPOS="806"
                    VPOS="4"
                    WIDTH="134"
                    HEIGHT="86"></String>
          </TextLine>

          
        </TextBlock>
        
        <TextBlock HPOS="79"
                   VPOS="23"
                   WIDTH="774"
                   HEIGHT="946"
                   ID="block_3"
                   TAGREFS="BT227">
          <Shape><Polygon POINTS="852 79 853 955 79 969 82 23 640 33"/></Shape>
          
          
          <TextLine ID="eSc_line_ca36a7bd"
                    TAGREFS="LT83"
                    BASELINE="110 94 847 103" 
                    HPOS="107"
                    VPOS="31"
                    WIDTH="738"
                    HEIGHT="86">
            <Shape><Polygon POINTS="789 66 769 62 748 57 727 51 706 47 686 43 665 39 653 35 558 49 556 49 477 33 475 33 473 33 471 33 450 45 427 33 425 33 293 31 291 31 289 31 287 31 287 33 272 45 233 33 231 33 229 33 227 33 225 33 210 45 210 47 150 47 150 45 138 35 138 33 136 33 134 33 132 33 130 33 109 43 109 93 107 117 843 117 845 101 806 68 789 66"/></Shape>
	    <String CONTENT="(Ya acercándose á Robreño de puntillas y"
                    HPOS="107"
                    VPOS="31"
                    WIDTH="738"
                    HEIGHT="86"></String>
          </TextLine>

          
          
          <TextLine ID="line_0"
                    TAGREFS="LT83"
                    BASELINE="151 133 660 143 844 140" 
                    HPOS="150"
                    VPOS="99"
                    WIDTH="694"
                    HEIGHT="92">
            <Shape><Polygon POINTS="151 133 150 146 226 148 249 161 250 161 252 161 253 161 285 151 296 159 297 159 299 159 300 159 367 152 381 151 387 152 421 166 423 166 424 166 425 166 458 154 468 151 475 155 490 165 491 165 493 165 494 165 531 157 542 154 547 157 588 188 589 188 591 188 802 191 803 191 804 191 806 191 843 165 844 140 840 106 774 112 640 104 638 104 636 104 632 104 478 108 454 103 443 100 442 100 441 100 425 103 402 107 394 103 388 99 387 99 385 99 384 99 151 100 151 133"/></Shape>
	    <String CONTENT="lee lo que escribe por encima de su hombro.)"
                    HPOS="150"
                    VPOS="99"
                    WIDTH="694"
                    HEIGHT="92"></String>
          </TextLine>

          
          
          <TextLine ID="line_1"
                    TAGREFS="LT83"
                    BASELINE="152 180 587 187" 
                    HPOS="151"
                    VPOS="140"
                    WIDTH="436"
                    HEIGHT="65">
            <Shape><Polygon POINTS="152 180 151 199 584 205 587 187 585 155 485 154 483 152 471 144 469 144 468 144 467 144 432 152 429 152 425 152 385 143 384 143 310 148 290 141 289 141 288 141 252 150 249 150 248 150 234 140 232 140 231 140 230 140 152 147 152 180"/></Shape>
	    <String CONTENT="Cuidadito no caigamos,"
                    HPOS="151"
                    VPOS="140"
                    WIDTH="436"
                    HEIGHT="65"></String>
          </TextLine>

          
          
          <TextLine ID="line_2"
                    TAGREFS="LT83"
                    BASELINE="150 223 605 231" 
                    HPOS="148"
                    VPOS="188"
                    WIDTH="457"
                    HEIGHT="58">
            <Shape><Polygon POINTS="150 223 148 245 602 246 605 231 605 203 518 192 516 192 515 192 483 201 479 201 474 201 431 192 429 192 336 197 334 197 304 188 303 188 256 188 254 188 253 188 252 188 252 190 245 195 245 197 243 195 230 188 228 188 227 188 150 192 150 223"/></Shape>
	    <String CONTENT="(lee) á Margarita, soneto."
                    HPOS="148"
                    VPOS="188"
                    WIDTH="457"
                    HEIGHT="58"></String>
          </TextLine>

          
          
          <TextLine ID="line_3"
                    TAGREFS="LT83"
                    BASELINE="151 271 348 270" 
                    HPOS="150"
                    VPOS="232"
                    WIDTH="198"
                    HEIGHT="62">
            <Shape><Polygon POINTS="151 271 151 294 347 293 348 270 344 242 246 242 243 242 231 232 230 232 228 232 170 232 169 232 168 232 150 239 151 271"/></Shape>
	    <String CONTENT="¡Ah!"
                    HPOS="150"
                    VPOS="232"
                    WIDTH="198"
                    HEIGHT="62"></String>
          </TextLine>

          
          
          <TextLine ID="line_4"
                    TAGREFS="LT83"
                    BASELINE="114 312 644 321" 
                    HPOS="113"
                    VPOS="275"
                    WIDTH="531"
                    HEIGHT="65">
            <Shape><Polygon POINTS="114 312 113 323 140 332 141 332 143 332 172 326 180 333 181 333 183 333 184 333 186 333 199 326 201 326 208 333 208 334 209 334 210 334 212 334 315 330 358 329 370 332 390 337 391 337 392 337 423 333 450 330 458 334 464 338 465 338 467 338 468 338 489 336 514 332 522 337 523 338 525 338 526 338 527 338 549 337 614 333 640 340 644 321 643 287 580 282 578 282 577 282 576 282 569 286 562 292 498 292 489 286 480 283 479 283 478 283 476 283 475 283 472 286 467 290 457 286 441 279 439 279 438 279 407 286 401 287 395 286 373 278 372 278 370 278 369 278 348 286 343 287 325 286 253 278 252 278 209 286 203 286 199 286 172 278 170 278 169 278 168 278 148 285 128 275 126 275 125 275 124 275 122 275 114 281 114 312"/></Shape>
	    <String CONTENT="Rob. ¿Quién anda por aquí?"
                    HPOS="113"
                    VPOS="275"
                    WIDTH="531"
                    HEIGHT="65"></String>
          </TextLine>

          
          
          <TextLine ID="line_5"
                    TAGREFS="LT83"
                    BASELINE="148 362 665 362" 
                    HPOS="148"
                    VPOS="326"
                    WIDTH="517"
                    HEIGHT="58">
            <Shape><Polygon POINTS="148 362 148 374 172 383 173 383 175 383 176 383 190 376 261 383 263 383 264 383 281 376 301 383 303 383 304 383 305 383 332 376 398 376 405 381 405 383 406 383 407 383 409 384 516 384 516 383 518 383 536 376 605 383 606 383 607 383 609 383 609 381 616 376 638 383 639 383 640 383 642 383 665 374 665 362 664 332 504 333 498 332 479 326 478 326 476 326 377 333 365 333 359 333 316 326 315 326 314 326 289 333 288 333 252 326 250 326 249 326 248 326 237 333 166 326 165 326 163 326 148 333 148 362"/></Shape>
	    <String CONTENT="¡pero Inesita! ¡qué es esto!"
                    HPOS="148"
                    VPOS="326"
                    WIDTH="517"
                    HEIGHT="58"></String>
          </TextLine>

          
          
          <TextLine ID="line_6"
                    TAGREFS="LT83"
                    BASELINE="111 400 784 414" 
                    HPOS="110"
                    VPOS="359"
                    WIDTH="674"
                    HEIGHT="73">
            <Shape><Polygon POINTS="110 410 243 414 253 422 254 422 256 422 257 422 259 422 288 416 311 424 312 424 314 424 571 422 578 428 578 429 580 429 581 429 582 429 662 424 672 431 673 431 675 431 676 431 749 425 763 432 764 432 766 432 767 432 782 424 784 414 784 373 683 372 682 372 624 381 566 372 565 372 563 372 547 380 533 369 531 369 530 369 529 369 409 377 377 367 376 367 374 367 316 376 224 365 223 365 221 365 220 365 220 366 212 374 183 374 168 366 166 366 165 366 137 372 113 359 111 400 110 410"/></Shape>
	    <String CONTENT="Inés. No te acerques, hombre cruel,"
                    HPOS="110"
                    VPOS="359"
                    WIDTH="674"
                    HEIGHT="73"></String>
          </TextLine>

          
          
          <TextLine ID="line_7"
                    TAGREFS="LT83"
                    BASELINE="147 451 428 451" 
                    HPOS="147"
                    VPOS="411"
                    WIDTH="281"
                    HEIGHT="58">
            <Shape><Polygon POINTS="147 451 147 461 219 469 220 469 253 462 270 469 271 469 272 469 334 462 414 469 416 469 417 469 418 469 428 462 428 451 428 420 398 411 396 411 395 411 394 411 378 418 376 421 231 421 220 413 219 411 217 411 216 411 214 411 213 411 212 411 210 413 201 418 194 413 194 411 192 411 191 411 147 411 147 451"/></Shape>
	    <String CONTENT="ni me hables."
                    HPOS="147"
                    VPOS="411"
                    WIDTH="281"
                    HEIGHT="58"></String>
          </TextLine>

          
          
          <TextLine ID="line_8"
                    TAGREFS="LT83"
                    BASELINE="114 491 522 498" 
                    HPOS="113"
                    VPOS="454"
                    WIDTH="409"
                    HEIGHT="61">
            <Shape><Polygon POINTS="114 491 113 505 519 515 522 498 520 468 362 469 340 461 332 458 330 458 329 458 327 458 323 461 310 468 241 458 239 458 238 458 198 467 172 456 170 456 114 454 114 491"/></Shape>
	    <String CONTENT="Rob. Inés, te ruego..."
                    HPOS="113"
                    VPOS="454"
                    WIDTH="409"
                    HEIGHT="61"></String>
          </TextLine>

          
          
          <TextLine ID="line_9"
                    TAGREFS="LT83"
                    BASELINE="111 538 731 545" 
                    HPOS="110"
                    VPOS="501"
                    WIDTH="621"
                    HEIGHT="63">
            <Shape><Polygon POINTS="111 538 110 548 158 559 159 559 234 551 283 560 285 560 322 552 361 562 362 562 363 562 414 553 702 564 704 564 705 564 730 555 731 545 731 512 684 505 683 505 682 505 669 511 662 515 655 511 642 505 640 505 639 505 638 505 625 511 618 515 616 511 609 505 609 504 607 504 606 504 605 504 603 504 602 504 596 509 591 505 591 504 589 504 588 504 534 504 533 504 531 504 514 511 507 513 505 511 498 505 498 504 497 504 496 504 458 502 457 502 418 511 413 512 278 512 274 509 259 501 257 501 256 501 254 501 228 509 227 509 223 509 133 501 132 501 130 501 111 508 111 538"/></Shape>
	    <String CONTENT="Inés. Y yo á escucharte me niego"
                    HPOS="110"
                    VPOS="501"
                    WIDTH="621"
                    HEIGHT="63"></String>
          </TextLine>

          
          
          <TextLine ID="line_10"
                    TAGREFS="LT83"
                    BASELINE="146 585 533 588" 
                    HPOS="144"
                    VPOS="549"
                    WIDTH="389"
                    HEIGHT="61">
            <Shape><Polygon POINTS="146 585 144 600 245 599 259 602 279 607 281 607 282 607 315 602 333 599 344 602 370 608 372 608 373 610 504 610 504 608 505 608 531 600 533 588 531 551 146 549 146 585"/></Shape>
	    <String CONTENT="y te rasgo este papel."
                    HPOS="144"
                    VPOS="549"
                    WIDTH="389"
                    HEIGHT="61"></String>
          </TextLine>

          
          
          <TextLine ID="line_11"
                    TAGREFS="LT83"
                    BASELINE="108 629 745 635" 
                    HPOS="107"
                    VPOS="596"
                    WIDTH="638"
                    HEIGHT="54">
            <Shape><Polygon POINTS="108 629 107 644 742 650 745 635 742 596 108 596 108 629"/></Shape>
	    <String CONTENT="(Rasga el papel que escribia Robreño.)"
                    HPOS="107"
                    VPOS="596"
                    WIDTH="638"
                    HEIGHT="54"></String>
          </TextLine>

          
          
          <TextLine ID="line_12"
                    TAGREFS="LT83"
                    BASELINE="181 673 616 682" 
                    HPOS="180"
                    VPOS="640"
                    WIDTH="436"
                    HEIGHT="59">
            <Shape><Polygon POINTS="181 673 180 684 272 695 274 695 463 693 472 699 474 699 475 699 476 699 614 693 616 682 614 644 181 640 181 673"/></Shape>
	    <String CONTENT="Mucho te pesa: maldita"
                    HPOS="180"
                    VPOS="640"
                    WIDTH="436"
                    HEIGHT="59"></String>
          </TextLine>

          
          
          <TextLine ID="line_13"
                    TAGREFS="LT83"
                    BASELINE="143 719 613 726" 
                    HPOS="141"
                    VPOS="680"
                    WIDTH="472"
                    HEIGHT="66">
            <Shape><Polygon POINTS="141 730 300 732 307 735 329 744 330 744 332 744 370 738 390 735 403 739 423 745 424 745 425 746 611 746 613 726 610 687 588 695 519 687 518 687 516 687 515 687 515 688 508 694 463 687 461 687 460 687 441 694 421 684 420 684 418 684 416 684 332 693 239 682 237 682 235 682 234 682 170 690 144 680 143 719 141 730"/></Shape>
	    <String CONTENT="la aficion, José, que tuve"
                    HPOS="141"
                    VPOS="680"
                    WIDTH="472"
                    HEIGHT="66"></String>
          </TextLine>

          
          
          <TextLine ID="line_14"
                    TAGREFS="LT83"
                    BASELINE="141 763 336 766" 
                    HPOS="140"
                    VPOS="724"
                    WIDTH="196"
                    HEIGHT="58">
            <Shape><Polygon POINTS="141 763 140 772 159 781 161 781 162 781 201 774 237 782 238 782 239 782 334 774 336 766 334 735 259 726 257 726 256 726 239 734 238 734 227 724 226 724 224 724 223 724 141 731 141 763"/></Shape>
	    <String CONTENT="de tí, sí..."
                    HPOS="140"
                    VPOS="724"
                    WIDTH="196"
                    HEIGHT="58"></String>
          </TextLine>

          
          
          <TextLine ID="line_15"
                    TAGREFS="LT83"
                    BASELINE="104 807 691 815" 
                    HPOS="103"
                    VPOS="761"
                    WIDTH="588"
                    HEIGHT="72">
            <Shape><Polygon POINTS="146 764 144 761 144 761 143 761 104 761 104 807 103 821 496 833 497 833 690 828 691 815 691 786 649 772 647 772 646 772 614 778 589 768 588 768 587 768 508 770 507 770 505 770 496 777 487 768 486 768 485 768 483 768 482 768 464 777 417 766 416 766 414 766 401 772 319 768 318 768 286 768 285 770 283 770 282 770 270 781 202 781 152 764 146 764"/></Shape>
	    <String CONTENT="Rob. Calla, alguien sube."
                    HPOS="103"
                    VPOS="761"
                    WIDTH="588"
                    HEIGHT="72"></String>
          </TextLine>

          
          
          <TextLine ID="line_16"
                    TAGREFS="LT83"
                    BASELINE="103 848 693 859" 
                    HPOS="101"
                    VPOS="812"
                    WIDTH="592"
                    HEIGHT="67">
            <Shape><Polygon POINTS="103 848 101 868 249 865 263 870 267 872 268 872 270 872 370 870 453 870 469 872 545 879 547 879 691 872 693 859 693 832 606 821 605 821 558 828 548 829 542 828 520 819 519 819 518 819 516 819 490 826 483 828 476 826 446 818 445 818 443 818 442 818 424 825 420 826 416 825 395 817 394 817 392 817 391 817 390 817 381 823 323 815 322 815 283 822 270 823 264 821 250 814 249 814 248 814 246 814 230 821 224 823 190 823 186 819 179 814 179 812 177 812 176 812 175 812 103 817 103 848"/></Shape>
	    <String CONTENT="Inés. Este alguien es Margarita."
                    HPOS="101"
                    VPOS="812"
                    WIDTH="592"
                    HEIGHT="67"></String>
          </TextLine>

          
          
          <TextLine ID="line_17"
                    TAGREFS="LT83"
                    BASELINE="100 899 227 896 832 909" 
                    HPOS="99"
                    VPOS="855"
                    WIDTH="733"
                    HEIGHT="75">
            <Shape><Polygon POINTS="100 899 99 918 130 920 132 920 133 920 136 918 155 910 179 918 180 918 181 918 183 918 184 918 198 909 249 912 259 918 264 924 265 924 267 924 332 925 333 925 334 925 354 918 366 916 395 918 464 928 465 928 520 918 533 917 537 918 545 927 547 927 548 927 549 927 589 918 609 916 695 918 709 930 711 930 712 930 713 930 715 930 746 918 751 918 755 918 788 927 789 927 831 918 832 909 832 868 791 868 789 868 788 868 786 868 778 876 755 866 753 866 752 866 751 866 744 866 686 874 523 866 447 862 446 862 429 865 413 869 403 865 390 859 388 859 387 859 385 859 374 865 366 869 297 869 293 865 288 861 286 861 285 861 283 861 226 865 199 866 197 865 184 856 183 856 181 856 140 855 139 855 100 863 100 899"/></Shape>
	    <String CONTENT="(Sale un aprendiz zapatero con un par de,"
                    HPOS="99"
                    VPOS="855"
                    WIDTH="733"
                    HEIGHT="75"></String>
          </TextLine>

          
          
          <TextLine ID="line_18"
                    TAGREFS="LT83"
                    BASELINE="139 938 259 941" 
                    HPOS="137"
                    VPOS="905"
                    WIDTH="122"
                    HEIGHT="71">
            <Shape><Polygon POINTS="139 938 137 963 198 976 199 976 257 965 259 941 259 907 139 905 139 938"/></Shape>
	    <String CONTENT="botas.)"
                    HPOS="137"
                    VPOS="905"
                    WIDTH="122"
                    HEIGHT="71"></String>
          </TextLine>

          
        </TextBlock>
        
        <TextBlock HPOS="309"
                   VPOS="981"
                   WIDTH="320"
                   HEIGHT="71"
                   ID="block_6"
                   TAGREFS="BT223">
          <Shape><Polygon POINTS="629 981 629 1052 309 1052 309 981"/></Shape>
          
          
          <TextLine ID="line_19"
                    TAGREFS="LT84"
                    BASELINE="321 1023 605 1026" 
                    HPOS="319"
                    VPOS="982"
                    WIDTH="286"
                    HEIGHT="80">
            <Shape><Polygon POINTS="581 982 522 989 498 992 343 982 334 982 321 982 321 1023 319 1049 333 1060 334 1060 336 1060 337 1062 394 1062 394 1060 395 1060 396 1060 396 1059 405 1052 413 1059 413 1060 414 1060 416 1060 417 1060 479 1054 503 1051 602 1058 605 1026 605 993 584 982 582 982"/></Shape>
	    <String CONTENT="ESCENA IV."
                    HPOS="319"
                    VPOS="982"
                    WIDTH="286"
                    HEIGHT="80"></String>
          </TextLine>

          
        </TextBlock>
        
        <TextBlock HPOS="65"
                   VPOS="1062"
                   WIDTH="757"
                   HEIGHT="1299"
                   ID="block_2"
                   TAGREFS="BT227">
          <Shape><Polygon POINTS="822 1062 803 2361 65 2361 65 1062"/></Shape>
          
          
          <TextLine ID="line_20"
                    TAGREFS="LT83"
                    BASELINE="99 1098 449 1102" 
                    HPOS="97"
                    VPOS="1062"
                    WIDTH="352"
                    HEIGHT="59">
            <Shape><Polygon POINTS="443 1062 429 1062 416 1062 402 1062 395 1062 387 1070 372 1062 370 1062 369 1062 367 1062 340 1070 333 1062 332 1062 319 1062 318 1062 292 1069 285 1063 283 1062 278 1062 264 1062 250 1062 241 1062 99 1066 99 1098 97 1111 203 1109 212 1113 224 1118 226 1118 227 1118 277 1111 293 1110 297 1111 310 1118 311 1118 312 1118 314 1118 334 1111 343 1118 343 1120 344 1120 345 1120 347 1121 425 1121 425 1120 427 1120 447 1110 449 1102 447 1062 443 1062"/></Shape>
	    <String CONTENT="Apr. ¡Ah de casa!"
                    HPOS="97"
                    VPOS="1062"
                    WIDTH="352"
                    HEIGHT="59"></String>
          </TextLine>

          
          
          <TextLine ID="line_21"
                    TAGREFS="LT83"
                    BASELINE="97 1139 503 1147" 
                    HPOS="96"
                    VPOS="1102"
                    WIDTH="407"
                    HEIGHT="70">
            <Shape><Polygon POINTS="97 1139 96 1147 118 1155 119 1155 121 1155 177 1153 205 1151 208 1154 219 1164 219 1165 220 1165 221 1165 281 1166 282 1166 283 1166 285 1166 293 1160 300 1153 323 1161 343 1168 344 1168 345 1168 347 1168 363 1164 374 1161 399 1165 407 1166 409 1166 410 1166 412 1166 423 1158 436 1168 439 1171 441 1171 442 1171 443 1172 501 1172 503 1147 503 1117 483 1110 482 1110 480 1110 479 1110 465 1117 463 1118 460 1117 432 1107 431 1107 429 1107 428 1107 427 1107 412 1117 410 1117 409 1117 401 1109 401 1107 399 1107 398 1107 396 1107 361 1114 294 1104 293 1104 292 1104 290 1104 277 1116 275 1116 274 1114 254 1106 253 1106 252 1106 180 1114 170 1114 169 1113 159 1103 159 1102 158 1102 157 1102 155 1102 154 1102 152 1102 152 1103 143 1113 125 1104 124 1104 122 1104 121 1104 97 1111 97 1139"/></Shape>
	    <String CONTENT="Rob. ¿Qué alborotas?"
                    HPOS="96"
                    VPOS="1102"
                    WIDTH="407"
                    HEIGHT="70"></String>
          </TextLine>

          
          
          <TextLine ID="line_22"
                    TAGREFS="LT83"
                    BASELINE="99 1186 418 1189" 
                    HPOS="97"
                    VPOS="1150"
                    WIDTH="321"
                    HEIGHT="61">
            <Shape><Polygon POINTS="99 1186 97 1195 124 1208 125 1208 126 1208 128 1208 157 1195 208 1195 220 1206 220 1208 221 1208 223 1208 224 1208 226 1208 239 1202 257 1209 259 1209 260 1209 261 1209 263 1209 263 1208 275 1197 314 1209 315 1209 316 1211 394 1211 394 1209 395 1209 396 1209 417 1195 418 1189 417 1155 377 1151 376 1151 374 1151 365 1155 355 1161 336 1157 311 1151 310 1151 308 1151 286 1158 265 1164 256 1158 243 1150 242 1150 241 1150 239 1150 238 1150 237 1150 226 1160 220 1164 166 1164 157 1161 110 1150 108 1150 107 1150 106 1150 106 1151 99 1158 99 1186"/></Shape>
	    <String CONTENT="Apr. ¿D. Diego?"
                    HPOS="97"
                    VPOS="1150"
                    WIDTH="321"
                    HEIGHT="61"></String>
          </TextLine>

          
          
          <TextLine ID="line_23"
                    TAGREFS="LT83"
                    BASELINE="97 1230 456 1235" 
                    HPOS="96"
                    VPOS="1191"
                    WIDTH="360"
                    HEIGHT="64">
            <Shape><Polygon POINTS="97 1230 96 1240 288 1253 289 1253 290 1253 307 1246 366 1255 367 1255 454 1249 456 1235 456 1194 403 1194 402 1194 401 1194 399 1194 399 1195 387 1206 374 1200 373 1200 372 1200 370 1200 330 1211 310 1211 300 1201 300 1200 299 1200 297 1200 296 1200 268 1205 250 1195 242 1191 241 1191 239 1191 238 1191 237 1191 237 1193 232 1195 219 1208 179 1208 161 1197 159 1195 158 1195 157 1195 155 1195 154 1195 150 1197 136 1204 129 1197 125 1194 125 1193 124 1193 122 1193 121 1193 97 1197 97 1230"/></Shape>
	    <String CONTENT="Rob. Aquí está él."
                    HPOS="96"
                    VPOS="1191"
                    WIDTH="360"
                    HEIGHT="64"></String>
          </TextLine>

          
          
          <TextLine ID="line_24"
                    TAGREFS="LT83"
                    BASELINE="95 1277 533 1281" 
                    HPOS="93"
                    VPOS="1233"
                    WIDTH="440"
                    HEIGHT="71">
            <Shape><Polygon POINTS="95 1277 93 1299 186 1293 202 1299 209 1302 210 1302 212 1302 213 1302 221 1299 239 1293 253 1299 265 1303 267 1303 268 1303 270 1303 279 1299 288 1295 300 1297 315 1302 316 1302 318 1302 319 1302 333 1297 343 1295 345 1297 352 1303 354 1303 355 1303 356 1303 358 1303 359 1303 367 1297 369 1296 372 1297 392 1304 394 1304 395 1304 494 1297 514 1304 515 1304 516 1304 518 1304 519 1304 531 1295 533 1281 531 1237 469 1235 468 1235 467 1235 465 1235 465 1237 464 1237 452 1249 343 1249 326 1240 318 1237 316 1237 315 1237 314 1237 307 1241 292 1249 260 1249 248 1241 235 1234 234 1234 232 1234 190 1233 188 1233 187 1233 150 1244 144 1245 141 1244 129 1235 128 1235 126 1235 125 1235 124 1235 95 1244 95 1277"/></Shape>
	    <String CONTENT="(Sale Diego de su cuarto.)"
                    HPOS="93"
                    VPOS="1233"
                    WIDTH="440"
                    HEIGHT="71"></String>
          </TextLine>

          
          
          <TextLine ID="line_25"
                    TAGREFS="LT83"
                    BASELINE="96 1321 694 1332" 
                    HPOS="95"
                    VPOS="1284"
                    WIDTH="599"
                    HEIGHT="67">
            <Shape><Polygon POINTS="96 1321 95 1332 121 1341 122 1341 124 1341 234 1336 395 1347 396 1347 454 1341 555 1350 556 1350 595 1343 617 1351 618 1351 620 1351 693 1343 694 1332 694 1302 678 1292 676 1292 675 1292 673 1292 621 1300 545 1289 544 1289 489 1299 486 1299 479 1299 301 1285 300 1285 299 1285 267 1295 245 1284 243 1284 242 1284 241 1284 212 1293 210 1293 209 1293 139 1284 137 1284 96 1290 96 1321"/></Shape>
	    <String CONTENT="Apr. Me manda el señor Miguel"
                    HPOS="95"
                    VPOS="1284"
                    WIDTH="599"
                    HEIGHT="67"></String>
          </TextLine>

          
          
          <TextLine ID="line_26"
                    TAGREFS="LT83"
                    BASELINE="132 1366 584 1375" 
                    HPOS="130"
                    VPOS="1329"
                    WIDTH="454"
                    HEIGHT="68">
            <Shape><Polygon POINTS="132 1366 130 1384 581 1397 584 1375 582 1346 525 1346 523 1344 507 1332 505 1332 504 1332 503 1332 501 1332 467 1343 464 1343 461 1343 412 1332 410 1332 409 1332 390 1341 388 1341 387 1341 340 1329 339 1329 337 1329 132 1336 132 1366"/></Shape>
	    <String CONTENT="á que le traiga las botas."
                    HPOS="130"
                    VPOS="1329"
                    WIDTH="454"
                    HEIGHT="68"></String>
          </TextLine>

          
          
          <TextLine ID="line_27"
                    TAGREFS="LT83"
                    BASELINE="93 1409 822 1424" 
                    HPOS="92"
                    VPOS="1370"
                    WIDTH="730"
                    HEIGHT="72">
            <Shape><Polygon POINTS="93 1409 92 1427 819 1442 822 1424 821 1397 788 1384 786 1384 785 1384 700 1392 687 1394 676 1392 621 1380 620 1380 533 1387 489 1390 475 1384 460 1379 458 1379 457 1379 456 1379 447 1383 438 1388 424 1383 410 1377 409 1377 407 1377 406 1377 405 1377 405 1379 401 1381 394 1388 358 1388 344 1379 339 1376 337 1376 336 1376 334 1376 318 1379 300 1381 275 1377 256 1373 254 1373 238 1376 192 1383 93 1370 93 1409"/></Shape>
	    <String CONTENT="Diego. Hombre, habeis tardado un año."
                    HPOS="92"
                    VPOS="1370"
                    WIDTH="730"
                    HEIGHT="72"></String>
          </TextLine>

          
          
          <TextLine ID="line_28"
                    TAGREFS="LT83"
                    BASELINE="130 1459 453 1459" 
                    HPOS="130"
                    VPOS="1431"
                    WIDTH="323"
                    HEIGHT="50">
            <Shape><Polygon POINTS="130 1459 130 1468 158 1479 159 1479 161 1479 162 1479 163 1479 176 1470 234 1479 235 1479 237 1479 277 1470 319 1470 329 1478 329 1479 330 1479 332 1479 333 1481 432 1481 432 1479 434 1479 453 1468 453 1459 453 1431 130 1431 130 1459"/></Shape>
	    <String CONTENT="¡Vamos á verlas!"
                    HPOS="130"
                    VPOS="1431"
                    WIDTH="323"
                    HEIGHT="50"></String>
          </TextLine>

          
          
          <TextLine ID="line_29"
                    TAGREFS="LT83"
                    BASELINE="92 1503 683 1508" 
                    HPOS="90"
                    VPOS="1465"
                    WIDTH="593"
                    HEIGHT="62">
            <Shape><Polygon POINTS="92 1503 90 1522 239 1518 305 1518 312 1525 312 1526 314 1526 315 1526 316 1527 682 1527 683 1508 683 1478 588 1470 587 1470 552 1476 544 1478 538 1476 522 1470 520 1470 519 1470 518 1470 516 1470 508 1476 505 1476 478 1468 476 1468 475 1468 474 1468 452 1476 449 1476 442 1475 385 1467 316 1467 315 1467 314 1467 312 1467 304 1475 303 1475 274 1467 272 1467 271 1467 270 1467 243 1475 241 1475 239 1475 227 1465 226 1465 224 1465 223 1465 152 1474 150 1474 148 1474 108 1465 107 1465 106 1465 92 1472 92 1503"/></Shape>
	    <String CONTENT="(Se calza la bota del pié derecho.)"
                    HPOS="90"
                    VPOS="1465"
                    WIDTH="593"
                    HEIGHT="62"></String>
          </TextLine>

          
          
          <TextLine ID="line_30"
                    TAGREFS="LT83"
                    BASELINE="93 1543 399 1548" 
                    HPOS="92"
                    VPOS="1508"
                    WIDTH="307"
                    HEIGHT="58">
            <Shape><Polygon POINTS="93 1543 92 1554 96 1558 96 1559 97 1559 99 1559 100 1559 184 1555 199 1555 201 1556 208 1562 208 1563 209 1563 210 1563 294 1565 296 1565 297 1565 299 1565 303 1562 310 1558 396 1566 399 1548 399 1525 370 1512 369 1512 367 1512 303 1522 290 1512 289 1512 288 1512 286 1512 285 1512 283 1512 272 1519 248 1510 246 1510 245 1510 243 1510 212 1522 190 1522 172 1522 170 1521 152 1508 151 1508 150 1508 107 1508 106 1508 104 1508 103 1508 93 1515 93 1543"/></Shape>
	    <String CONTENT="Rob. ¿Qué tal?"
                    HPOS="92"
                    VPOS="1508"
                    WIDTH="307"
                    HEIGHT="58"></String>
          </TextLine>

          
          
          <TextLine ID="line_31"
                    TAGREFS="LT83"
                    BASELINE="92 1588 713 1602" 
                    HPOS="90"
                    VPOS="1555"
                    WIDTH="623"
                    HEIGHT="68">
            <Shape><Polygon POINTS="92 1588 90 1600 154 1612 155 1612 214 1605 277 1613 278 1613 279 1613 281 1613 288 1609 293 1613 293 1614 294 1614 296 1614 297 1614 566 1614 587 1621 588 1621 589 1621 591 1621 613 1614 651 1623 653 1623 712 1614 713 1602 713 1572 558 1565 556 1565 555 1565 554 1565 548 1569 540 1573 526 1569 511 1563 509 1563 508 1563 362 1566 288 1567 281 1565 261 1558 260 1558 259 1558 257 1558 238 1565 232 1566 157 1566 154 1563 136 1555 135 1555 133 1555 92 1562 92 1588"/></Shape>
	    <String CONTENT="Diego. Lo que es esta no val mal."
                    HPOS="90"
                    VPOS="1555"
                    WIDTH="623"
                    HEIGHT="68"></String>
          </TextLine>

          
          
          <TextLine ID="line_32"
                    TAGREFS="LT83"
                    BASELINE="90 1635 421 1638" 
                    HPOS="89"
                    VPOS="1598"
                    WIDTH="332"
                    HEIGHT="56">
            <Shape><Polygon POINTS="90 1635 89 1653 418 1654 421 1638 418 1605 380 1609 358 1605 332 1599 330 1599 329 1599 307 1605 293 1609 285 1605 271 1599 270 1599 268 1599 220 1605 180 1598 179 1598 177 1598 176 1598 176 1599 168 1606 166 1609 143 1609 140 1606 124 1598 122 1598 121 1598 119 1598 90 1606 90 1635"/></Shape>
	    <String CONTENT="(Se calza la otra.)"
                    HPOS="89"
                    VPOS="1598"
                    WIDTH="332"
                    HEIGHT="56"></String>
          </TextLine>

          
          
          <TextLine ID="line_33"
                    TAGREFS="LT83"
                    BASELINE="90 1678 439 1685" 
                    HPOS="89"
                    VPOS="1643"
                    WIDTH="350"
                    HEIGHT="61">
            <Shape><Polygon POINTS="90 1678 89 1691 104 1698 106 1698 107 1698 108 1698 110 1698 119 1691 121 1691 172 1691 173 1693 180 1700 180 1701 181 1701 183 1701 237 1702 238 1702 239 1702 241 1702 250 1696 253 1694 265 1696 310 1704 311 1704 438 1701 439 1685 438 1654 285 1656 268 1653 227 1645 226 1645 224 1645 223 1645 212 1653 209 1656 166 1656 162 1653 147 1643 146 1643 144 1643 143 1643 90 1651 90 1678"/></Shape>
	    <String CONTENT="Rob. ¿Y esta otra?"
                    HPOS="89"
                    VPOS="1643"
                    WIDTH="350"
                    HEIGHT="61"></String>
          </TextLine>

          
          
          <TextLine ID="line_34"
                    TAGREFS="LT83"
                    BASELINE="89 1723 584 1733" 
                    HPOS="88"
                    VPOS="1691"
                    WIDTH="496"
                    HEIGHT="58">
            <Shape><Polygon POINTS="89 1723 88 1733 103 1741 104 1741 106 1741 228 1736 246 1745 248 1745 249 1745 383 1740 391 1747 391 1748 392 1748 394 1748 442 1749 443 1749 582 1741 584 1733 584 1701 89 1691 89 1723"/></Shape>
	    <String CONTENT="Diego. Que me hace daño:"
                    HPOS="88"
                    VPOS="1691"
                    WIDTH="496"
                    HEIGHT="58"></String>
          </TextLine>

          
          
          <TextLine ID="line_72"
                    TAGREFS="LT83"
                    BASELINE="126 1770 602 1780" 
                    HPOS="125"
                    VPOS="1730"
                    WIDTH="477"
                    HEIGHT="72">
            <Shape><Polygon POINTS="126 1770 125 1789 554 1802 555 1802 600 1795 602 1780 600 1751 525 1740 523 1740 522 1740 504 1745 497 1748 406 1748 394 1741 381 1736 380 1736 378 1736 358 1740 330 1745 283 1736 263 1733 261 1733 260 1733 253 1736 234 1742 224 1734 224 1733 223 1733 221 1733 126 1730 126 1770"/></Shape>
	    <String CONTENT="quita, Robreño, por Dios."
                    HPOS="125"
                    VPOS="1730"
                    WIDTH="477"
                    HEIGHT="72"></String>
          </TextLine>

          
          
          <TextLine ID="line_73"
                    TAGREFS="LT83"
                    BASELINE="85 1814 468 1820" 
                    HPOS="84"
                    VPOS="1777"
                    WIDTH="384"
                    HEIGHT="66">
            <Shape><Polygon POINTS="85 1814 84 1836 175 1829 190 1836 191 1836 192 1836 308 1832 345 1842 347 1842 465 1843 468 1820 468 1795 312 1784 311 1784 310 1784 293 1791 282 1781 281 1781 279 1781 278 1781 277 1781 246 1789 221 1778 220 1778 176 1777 107 1777 106 1777 104 1777 85 1786 85 1814"/></Shape>
	    <String CONTENT="(Robreño se la quita.)"
                    HPOS="84"
                    VPOS="1777"
                    WIDTH="384"
                    HEIGHT="66"></String>
          </TextLine>

          
          
          <TextLine ID="line_74"
                    TAGREFS="LT83"
                    BASELINE="122 1864 343 1864" 
                    HPOS="122"
                    VPOS="1829"
                    WIDTH="221"
                    HEIGHT="59">
            <Shape><Polygon POINTS="122 1864 122 1879 155 1879 157 1880 166 1887 166 1888 168 1888 169 1888 170 1888 172 1888 186 1882 192 1877 341 1888 343 1864 341 1829 122 1829 122 1864"/></Shape>
	    <String CONTENT="¡Ay Jesús!"
                    HPOS="122"
                    VPOS="1829"
                    WIDTH="221"
                    HEIGHT="59"></String>
          </TextLine>

          
          
          <TextLine ID="line_35"
                    TAGREFS="LT83"
                    BASELINE="84 1905 504 1915" 
                    HPOS="82"
                    VPOS="1869"
                    WIDTH="422"
                    HEIGHT="62">
            <Shape><Polygon POINTS="84 1905 82 1916 89 1923 89 1924 90 1924 92 1924 93 1924 139 1916 148 1924 148 1926 150 1926 151 1926 152 1926 154 1926 155 1926 168 1917 180 1917 202 1917 208 1917 254 1927 256 1927 301 1922 318 1920 321 1923 325 1928 326 1928 326 1930 327 1930 329 1930 330 1931 503 1931 504 1915 504 1888 467 1877 465 1877 398 1876 396 1876 395 1876 378 1884 361 1875 359 1875 358 1875 356 1875 355 1875 341 1884 336 1884 296 1884 281 1882 228 1872 227 1872 226 1872 202 1879 194 1882 177 1879 128 1869 126 1869 84 1875 84 1905"/></Shape>
	    <String CONTENT="Apr. Pues, caballero,"
                    HPOS="82"
                    VPOS="1869"
                    WIDTH="422"
                    HEIGHT="62"></String>
          </TextLine>

          
          
          <TextLine ID="line_52"
                    TAGREFS="LT83"
                    BASELINE="121 1953 621 1960" 
                    HPOS="119"
                    VPOS="1915"
                    WIDTH="502"
                    HEIGHT="60">
            <Shape><Polygon POINTS="121 1953 119 1967 133 1974 135 1974 136 1975 620 1975 621 1960 620 1931 534 1931 534 1930 525 1920 525 1919 523 1919 522 1919 520 1919 472 1928 469 1928 465 1928 381 1917 380 1917 297 1923 279 1916 278 1916 277 1916 275 1916 248 1924 241 1919 241 1917 239 1917 238 1917 237 1917 198 1923 176 1915 175 1915 173 1915 172 1915 170 1915 161 1924 121 1924 121 1953"/></Shape>
	    <String CONTENT="que son iguales yo infiero."
                    HPOS="119"
                    VPOS="1915"
                    WIDTH="502"
                    HEIGHT="60"></String>
          </TextLine>

          
          
          <TextLine ID="line_53"
                    TAGREFS="LT83"
                    BASELINE="82 1997 646 2007" 
                    HPOS="81"
                    VPOS="1960"
                    WIDTH="565"
                    HEIGHT="65">
            <Shape><Polygon POINTS="82 1997 81 2008 136 2018 137 2018 221 2012 228 2012 230 2012 239 2021 241 2021 242 2021 243 2021 355 2015 378 2015 383 2017 402 2023 403 2023 405 2023 447 2018 461 2017 468 2018 487 2025 489 2025 490 2025 644 2022 646 2007 646 1975 640 1970 640 1968 639 1968 638 1968 636 1968 529 1975 525 1975 518 1970 518 1968 516 1968 515 1968 447 1967 446 1967 412 1974 409 1974 407 1974 394 1964 392 1964 391 1964 390 1964 308 1970 288 1963 286 1963 285 1963 283 1963 282 1963 268 1971 246 1961 245 1961 243 1961 242 1961 224 1970 163 1961 162 1961 117 1967 108 1960 107 1960 106 1960 104 1960 103 1960 82 1967 82 1997"/></Shape>
	    <String CONTENT="Diego. No son iguales las dos."
                    HPOS="81"
                    VPOS="1960"
                    WIDTH="565"
                    HEIGHT="65"></String>
          </TextLine>

          
          
          <TextLine ID="line_54"
                    TAGREFS="LT83"
                    BASELINE="159 2044 516 2048" 
                    HPOS="158"
                    VPOS="2004"
                    WIDTH="358"
                    HEIGHT="66">
            <Shape><Polygon POINTS="159 2044 158 2061 279 2068 281 2068 282 2068 283 2068 292 2061 293 2061 355 2061 361 2061 413 2069 414 2070 503 2070 503 2069 504 2069 505 2069 515 2061 516 2048 515 2017 483 2017 482 2015 474 2007 472 2007 471 2007 469 2007 434 2014 424 2015 392 2015 391 2012 384 2007 384 2006 383 2006 381 2006 380 2006 344 2012 332 2014 323 2011 310 2007 308 2007 307 2007 305 2007 304 2007 299 2011 294 2014 283 2011 271 2007 270 2007 268 2007 267 2007 254 2010 245 2012 242 2010 237 2006 237 2004 235 2004 234 2004 232 2004 159 2007 159 2044"/></Shape>
	    <String CONTENT="Esta te la llevarás,"
                    HPOS="158"
                    VPOS="2004"
                    WIDTH="358"
                    HEIGHT="66"></String>
          </TextLine>

          
          
          <TextLine ID="line_55"
                    TAGREFS="LT83"
                    BASELINE="121 2088 662 2094" 
                    HPOS="119"
                    VPOS="2047"
                    WIDTH="543"
                    HEIGHT="63">
            <Shape><Polygon POINTS="121 2088 119 2101 172 2109 173 2109 249 2103 250 2103 261 2110 263 2110 264 2110 265 2110 661 2108 662 2094 661 2061 576 2062 563 2058 551 2052 549 2052 548 2052 547 2052 537 2057 531 2059 525 2057 512 2051 511 2051 509 2051 508 2051 498 2055 489 2062 425 2062 410 2054 407 2052 406 2052 405 2052 403 2052 399 2054 376 2059 356 2052 350 2050 348 2050 347 2050 345 2050 341 2052 326 2061 270 2061 237 2050 232 2048 231 2048 121 2047 121 2088"/></Shape>
	    <String CONTENT="y dirás que la haga á Miguel"
                    HPOS="119"
                    VPOS="2047"
                    WIDTH="543"
                    HEIGHT="63"></String>
          </TextLine>

          
          
          <TextLine ID="line_56"
                    TAGREFS="LT83"
                    BASELINE="119 2131 571 2138" 
                    HPOS="118"
                    VPOS="2099"
                    WIDTH="453"
                    HEIGHT="55">
            <Shape><Polygon POINTS="119 2131 118 2143 209 2153 210 2154 570 2154 571 2138 571 2108 544 2099 542 2099 541 2099 540 2099 518 2106 516 2106 501 2099 500 2099 498 2099 119 2099 119 2131"/></Shape>
	    <String CONTENT="lo mejor que conozca él,"
                    HPOS="118"
                    VPOS="2099"
                    WIDTH="453"
                    HEIGHT="55"></String>
          </TextLine>

          
          
          <TextLine ID="line_57"
                    TAGREFS="LT83"
                    BASELINE="124 2178 523 2182" 
                    HPOS="122"
                    VPOS="2146"
                    WIDTH="401"
                    HEIGHT="54">
            <Shape><Polygon POINTS="124 2178 122 2198 520 2200 523 2182 520 2146 124 2146 124 2178"/></Shape>
	    <String CONTENT="y despues la traerás."
                    HPOS="122"
                    VPOS="2146"
                    WIDTH="401"
                    HEIGHT="54"></String>
          </TextLine>

          
          
          <TextLine ID="line_58"
                    TAGREFS="LT83"
                    BASELINE="77 2219 501 2226" 
                    HPOS="75"
                    VPOS="2182"
                    WIDTH="426"
                    HEIGHT="63">
            <Shape><Polygon POINTS="77 2219 75 2229 100 2240 101 2240 103 2240 104 2240 135 2230 249 2238 250 2238 279 2233 282 2233 286 2233 330 2244 332 2244 333 2244 334 2244 334 2243 341 2237 416 2245 417 2245 500 2238 501 2226 501 2198 478 2187 476 2187 475 2187 432 2197 424 2190 424 2189 423 2189 421 2189 420 2189 387 2196 316 2186 315 2186 314 2186 312 2186 305 2193 297 2186 296 2186 294 2186 221 2183 220 2183 154 2193 92 2182 90 2182 89 2182 88 2182 77 2189 77 2219"/></Shape>
	    <String CONTENT="Apr. Está bien: abur."
                    HPOS="75"
                    VPOS="2182"
                    WIDTH="426"
                    HEIGHT="63"></String>
          </TextLine>

          
          
          <TextLine ID="line_93"
                    TAGREFS="LT83"
                    BASELINE="75 2266 344 2269 810 2284" 
                    HPOS="72"
                    VPOS="2225"
                    WIDTH="736"
                    HEIGHT="77">
            <Shape><Polygon POINTS="74 2265 72 2285 804 2302 808 2283 808 2246 74 2225 74 2265"/></Shape>
	    <String CONTENT="(Vase el aprendiz por la puerta de entrada,"
                    HPOS="72"
                    VPOS="2225"
                    WIDTH="736"
                    HEIGHT="77"></String>
          </TextLine>

          
          
          <TextLine ID="line_94"
                    TAGREFS="LT83"
                    BASELINE="111 2307 523 2318" 
                    HPOS="110"
                    VPOS="2271"
                    WIDTH="413"
                    HEIGHT="87">
            <Shape><Polygon POINTS="111 2307 110 2327 188 2332 188 2333 214 2344 216 2344 217 2344 219 2344 220 2344 220 2343 228 2336 232 2332 263 2332 275 2339 293 2351 294 2351 296 2351 297 2351 333 2344 381 2354 383 2354 384 2354 385 2354 385 2353 391 2349 396 2343 435 2351 458 2356 460 2356 461 2356 463 2356 465 2354 478 2346 489 2356 490 2356 490 2357 491 2357 493 2357 494 2358 522 2358 523 2318 522 2289 472 2291 464 2288 452 2282 450 2282 449 2282 447 2282 446 2282 439 2287 435 2289 431 2287 412 2278 410 2278 409 2278 407 2278 391 2287 388 2288 384 2287 367 2277 366 2277 365 2277 315 2285 308 2285 307 2284 294 2276 293 2276 292 2276 290 2276 227 2282 214 2284 206 2282 158 2271 157 2271 111 2280 111 2307"/></Shape>
	    <String CONTENT="Inés por la del fondo.)"
                    HPOS="110"
                    VPOS="2271"
                    WIDTH="413"
                    HEIGHT="87"></String>
          </TextLine>

          
        </TextBlock>
        
        <TextBlock HPOS="1096"
                   VPOS="69"
                   WIDTH="319"
                   HEIGHT="74"
                   ID="block_7"
                   TAGREFS="BT223">
          <Shape><Polygon POINTS="1415 69 1415 143 1096 143 1096 69"/></Shape>
          
          
          <TextLine ID="line_59"
                    TAGREFS="LT84"
                    BASELINE="1117 114 1391 117" 
                    HPOS="1116"
                    VPOS="70"
                    WIDTH="275"
                    HEIGHT="78">
            <Shape><Polygon POINTS="1364 70 1350 70 1336 70 1323 70 1309 70 1295 70 1289 70 1283 77 1225 71 1210 70 1198 70 1185 70 1178 70 1117 74 1117 114 1116 147 1178 148 1179 148 1181 148 1186 146 1215 130 1273 141 1274 141 1300 136 1311 141 1320 146 1321 146 1323 146 1324 146 1325 146 1325 144 1329 141 1336 135 1389 139 1391 117 1390 70 1378 70"/></Shape>
	    <String CONTENT="ESCENA V."
                    HPOS="1116"
                    VPOS="70"
                    WIDTH="275"
                    HEIGHT="78"></String>
          </TextLine>

          
        </TextBlock>
        
        <TextBlock HPOS="841"
                   VPOS="150"
                   WIDTH="795"
                   HEIGHT="1420"
                   ID="block_0"
                   TAGREFS="BT227">
          <Shape><Polygon POINTS="1636 169 1636 1565 841 1570 880 908 875 150"/></Shape>
          
          
          <TextLine ID="line_36"
                    TAGREFS="LT83"
                    BASELINE="890 190 1216 195" 
                    HPOS="888"
                    VPOS="144"
                    WIDTH="328"
                    HEIGHT="66">
            <Shape><Polygon POINTS="926 144 924 144 923 144 890 147 890 190 888 198 946 208 948 208 1028 202 1051 210 1052 210 1054 210 1215 203 1216 195 1215 152 1183 148 1182 148 1181 148 1179 148 1179 150 1176 151 1172 157 1167 151 1163 148 1163 147 1161 147 1160 147 1102 146 1101 146 1099 146 1084 150 1046 163 972 163 941 159 931 148 927 146 927 144 926 144"/></Shape>
	    <String CONTENT="Diego. ¿Qué tal?"
                    HPOS="888"
                    VPOS="144"
                    WIDTH="328"
                    HEIGHT="66"></String>
          </TextLine>

          
          
          <TextLine ID="line_60"
                    TAGREFS="LT83"
                    BASELINE="890 235 1540 250" 
                    HPOS="888"
                    VPOS="192"
                    WIDTH="652"
                    HEIGHT="73">
            <Shape><Polygon POINTS="890 235 888 249 1185 264 1186 265 1539 265 1540 250 1539 198 1311 199 1303 197 1294 192 1292 192 1291 192 1255 197 1197 202 890 195 890 235"/></Shape>
	    <String CONTENT="(Mostrando la bota que lleva calzada.)"
                    HPOS="888"
                    VPOS="192"
                    WIDTH="652"
                    HEIGHT="73"></String>
          </TextLine>

          
          
          <TextLine ID="line_61"
                    TAGREFS="LT83"
                    BASELINE="888 281 1525 297" 
                    HPOS="887"
                    VPOS="241"
                    WIDTH="638"
                    HEIGHT="78">
            <Shape><Polygon POINTS="888 281 887 298 990 297 996 303 1000 305 1000 307 1001 307 1003 307 1004 308 1033 308 1033 307 1034 307 1036 307 1040 303 1047 298 1079 304 1120 310 1121 310 1186 305 1189 305 1194 305 1313 315 1314 315 1407 308 1416 308 1423 316 1425 316 1425 318 1426 318 1427 318 1429 318 1430 318 1451 310 1474 319 1475 319 1477 319 1524 310 1525 297 1525 268 1480 259 1478 259 1438 263 1420 253 1419 253 1418 253 1354 261 1345 263 1338 261 1305 250 1303 250 1252 249 1251 249 1249 249 1232 257 1225 260 1219 257 1207 252 1205 252 1204 252 1182 256 1167 259 1163 254 1152 246 1150 246 1149 246 1147 246 1109 253 1103 246 1102 246 1102 245 1101 245 1099 245 1073 245 1072 245 1070 245 1058 252 1050 256 1034 250 1021 246 1019 246 1018 246 1017 246 1007 250 995 254 970 249 937 241 935 241 888 245 888 281"/></Shape>
	    <String CONTENT="Rob. Lo que es el precio es barato."
                    HPOS="887"
                    VPOS="241"
                    WIDTH="638"
                    HEIGHT="78"></String>
          </TextLine>

          
          
          <TextLine ID="line_62"
                    TAGREFS="LT83"
                    BASELINE="887 323 1615 344" 
                    HPOS="886"
                    VPOS="283"
                    WIDTH="729"
                    HEIGHT="87">
            <Shape><Polygon POINTS="1391 294 1390 294 1379 297 1331 308 1196 297 1194 297 1125 300 1119 293 1116 292 1116 290 1114 290 1113 290 1112 290 1110 290 1102 293 1084 301 1059 293 1047 289 1046 289 1044 289 1043 289 1041 289 1037 293 1028 300 997 300 986 292 977 286 975 286 974 286 972 286 971 286 950 292 941 294 938 292 927 283 926 283 924 283 923 283 887 290 887 323 886 340 933 341 934 343 945 351 946 351 948 351 949 351 950 351 963 344 970 341 1022 341 1028 347 1033 351 1033 352 1034 352 1036 352 1037 352 1039 352 1050 347 1058 344 1127 344 1150 352 1176 359 1178 359 1243 360 1244 360 1245 360 1247 360 1247 359 1251 356 1256 351 1289 358 1323 363 1324 363 1342 359 1364 355 1400 362 1422 366 1423 366 1425 366 1433 363 1445 359 1496 366 1500 366 1502 366 1503 366 1504 366 1511 360 1517 367 1518 367 1518 369 1520 369 1521 369 1612 370 1615 344 1615 300 1525 298 1524 298 1522 298 1521 298 1521 300 1507 311 1451 298 1449 298 1448 298 1425 310 1398 297 1393 294 1391 294"/></Shape>
	    <String CONTENT="Diego. Pues no hay como un mentacato"
                    HPOS="886"
                    VPOS="283"
                    WIDTH="729"
                    HEIGHT="87"></String>
          </TextLine>

          
          
          <TextLine ID="line_37"
                    TAGREFS="LT83"
                    BASELINE="926 373 1283 380" 
                    HPOS="924"
                    VPOS="333"
                    WIDTH="359"
                    HEIGHT="62">
            <Shape><Polygon POINTS="926 373 924 385 933 392 934 392 935 392 937 392 975 385 983 392 985 392 986 392 988 392 989 392 1012 387 1068 395 1069 395 1281 389 1283 380 1283 351 1142 349 1139 348 1116 336 1114 336 1066 334 1065 334 1063 334 1036 343 997 333 996 333 995 333 926 343 926 373"/></Shape>
	    <String CONTENT="para pagador cabal."
                    HPOS="924"
                    VPOS="333"
                    WIDTH="359"
                    HEIGHT="62"></String>
          </TextLine>

          
          
          <TextLine ID="line_38"
                    TAGREFS="LT83"
                    BASELINE="887 417 1258 420" 
                    HPOS="886"
                    VPOS="385"
                    WIDTH="372"
                    HEIGHT="54">
            <Shape><Polygon POINTS="887 417 886 431 964 439 966 439 1256 436 1258 420 1255 385 887 387 887 417"/></Shape>
	    <String CONTENT="(Entra en su cuarto.)"
                    HPOS="886"
                    VPOS="385"
                    WIDTH="372"
                    HEIGHT="54"></String>
          </TextLine>

          
          
          <TextLine ID="line_63"
                    TAGREFS="LT83"
                    BASELINE="886 462 1616 478" 
                    HPOS="884"
                    VPOS="418"
                    WIDTH="732"
                    HEIGHT="101">
            <Shape><Polygon POINTS="939 418 886 427 886 462 884 482 964 491 966 491 1099 489 1149 489 1157 491 1216 511 1218 511 1303 512 1305 512 1306 512 1307 512 1320 502 1356 512 1357 512 1358 512 1360 512 1390 505 1492 516 1493 516 1495 516 1496 516 1514 502 1549 518 1550 518 1551 519 1595 519 1595 518 1597 518 1598 518 1615 505 1616 478 1616 443 1582 438 1569 425 1569 424 1568 424 1566 424 1517 422 1515 422 1514 422 1513 422 1513 424 1499 436 1485 422 1485 421 1484 421 1482 421 1353 418 1351 418 1263 420 1262 420 1261 420 1243 435 1241 435 1211 428 1210 428 1208 428 1198 434 1189 425 1189 424 1187 424 1186 424 1185 424 1183 424 1182 424 1182 425 1172 434 1032 432 1029 431 1012 420 1011 420 1010 420 1008 420 1007 420 1006 420 1006 421 996 429 941 418 939 418"/></Shape>
	    <String CONTENT="(Robreño solo contempla el papel que Inés le"
                    HPOS="884"
                    VPOS="418"
                    WIDTH="732"
                    HEIGHT="101"></String>
          </TextLine>

          
          
          <TextLine ID="line_39"
                    TAGREFS="LT83"
                    BASELINE="926 505 1157 509" 
                    HPOS="924"
                    VPOS="479"
                    WIDTH="233"
                    HEIGHT="55">
            <Shape><Polygon POINTS="926 505 924 523 982 524 982 526 989 531 989 533 990 533 992 533 993 533 995 533 1012 527 1019 533 1019 534 1021 534 1022 534 1023 534 1156 531 1157 509 1154 479 926 479 926 505"/></Shape>
	    <String CONTENT="ha rasgado.)"
                    HPOS="924"
                    VPOS="479"
                    WIDTH="233"
                    HEIGHT="55"></String>
          </TextLine>

          
          
          <TextLine ID="line_40"
                    TAGREFS="LT83"
                    BASELINE="884 551 1358 564" 
                    HPOS="883"
                    VPOS="509"
                    WIDTH="475"
                    HEIGHT="75">
            <Shape><Polygon POINTS="884 551 883 566 1356 584 1358 564 1357 513 1255 516 1237 513 1212 509 1211 509 1210 509 1208 509 1203 513 1179 531 1156 523 1154 523 1153 523 1084 530 1011 518 1010 518 1008 518 979 527 955 527 941 515 939 515 938 515 937 515 935 515 934 515 923 524 884 516 884 551"/></Shape>
	    <String CONTENT="Rob. Pedacitos de papel,"
                    HPOS="883"
                    VPOS="509"
                    WIDTH="475"
                    HEIGHT="75"></String>
          </TextLine>

          
          
          <TextLine ID="line_64"
                    TAGREFS="LT83"
                    BASELINE="923 600 1459 611" 
                    HPOS="921"
                    VPOS="559"
                    WIDTH="538"
                    HEIGHT="77">
            <Shape><Polygon POINTS="1185 560 1171 560 1168 559 1160 562 1120 567 1109 562 1106 559 1105 559 1103 559 1102 559 1101 559 1097 562 1077 570 1044 562 1040 560 1039 560 1037 560 1030 562 993 569 923 562 923 600 921 620 1088 620 1105 625 1121 631 1123 631 1124 631 1150 626 1176 622 1225 629 1258 633 1259 633 1261 633 1272 631 1296 624 1343 633 1354 635 1456 636 1459 611 1459 562 1391 560 1390 560 1389 560 1387 560 1387 562 1368 574 1361 567 1360 567 1358 567 1357 567 1356 567 1331 575 1291 575 1283 567 1283 566 1281 566 1280 566 1278 566 1277 566 1249 573 1238 564 1238 563 1237 563 1236 563 1234 563 1197 567 1192 562 1190 560 1185 560"/></Shape>
	    <String CONTENT="que con tanto afan he escrito,"
                    HPOS="921"
                    VPOS="559"
                    WIDTH="538"
                    HEIGHT="77"></String>
          </TextLine>

          
          
          <TextLine ID="line_41"
                    TAGREFS="LT83"
                    BASELINE="923 644 1379 654" 
                    HPOS="921"
                    VPOS="608"
                    WIDTH="458"
                    HEIGHT="67">
            <Shape><Polygon POINTS="923 644 921 664 1051 662 1376 675 1379 654 1379 624 1176 611 1175 611 1125 618 1119 618 1109 617 1052 608 1051 608 923 613 923 644"/></Shape>
	    <String CONTENT="perspicaz, génio maldito"
                    HPOS="921"
                    VPOS="608"
                    WIDTH="458"
                    HEIGHT="67"></String>
          </TextLine>

          
          
          <TextLine ID="line_42"
                    TAGREFS="LT83"
                    BASELINE="920 688 1376 699" 
                    HPOS="919"
                    VPOS="657"
                    WIDTH="457"
                    HEIGHT="64">
            <Shape><Polygon POINTS="920 688 919 708 967 705 1014 710 1048 715 1050 715 1070 710 1091 708 1130 712 1185 717 1186 717 1187 717 1189 717 1194 712 1196 710 1197 712 1207 719 1208 719 1210 719 1318 721 1320 721 1375 713 1376 699 1375 668 920 657 920 688"/></Shape>
	    <String CONTENT="de mujer infame y cruel."
                    HPOS="919"
                    VPOS="657"
                    WIDTH="457"
                    HEIGHT="64"></String>
          </TextLine>

          
          
          <TextLine ID="line_43"
                    TAGREFS="LT83"
                    BASELINE="920 738 1397 745" 
                    HPOS="919"
                    VPOS="697"
                    WIDTH="478"
                    HEIGHT="64">
            <Shape><Polygon POINTS="920 738 919 757 1394 761 1397 745 1393 702 1356 712 1207 704 1110 698 1109 698 1080 705 1063 708 981 708 979 705 970 698 970 697 968 697 967 697 966 697 920 705 920 738"/></Shape>
	    <String CONTENT="¿Por qué desahogar con él"
                    HPOS="919"
                    VPOS="697"
                    WIDTH="478"
                    HEIGHT="64"></String>
          </TextLine>

          
          
          <TextLine ID="line_44"
                    TAGREFS="LT83"
                    BASELINE="919 778 1401 789" 
                    HPOS="917"
                    VPOS="744"
                    WIDTH="484"
                    HEIGHT="60">
            <Shape><Polygon POINTS="919 778 917 792 966 793 975 803 975 804 977 804 978 804 979 804 1400 803 1401 789 1401 760 1394 753 1394 752 1393 752 1391 752 1342 750 1340 750 1296 759 1266 749 1265 749 1263 749 1225 757 1223 757 1222 757 1149 749 1147 749 1109 755 1108 755 1088 746 1087 746 1085 746 1084 746 1062 753 1061 753 939 744 938 744 937 744 919 749 919 778"/></Shape>
	    <String CONTENT="de tus celos la injusta ira?"
                    HPOS="917"
                    VPOS="744"
                    WIDTH="484"
                    HEIGHT="60"></String>
          </TextLine>

          
          
          <TextLine ID="line_45"
                    TAGREFS="LT83"
                    BASELINE="921 826 1402 834" 
                    HPOS="920"
                    VPOS="788"
                    WIDTH="482"
                    HEIGHT="67">
            <Shape><Polygon POINTS="921 826 920 845 933 852 934 852 935 852 985 847 1000 854 1001 854 1003 854 1004 854 1022 848 1400 855 1402 834 1401 801 1287 803 1270 797 1266 796 1265 796 1263 796 1262 796 1259 797 1247 803 1211 796 1198 793 1197 793 1196 793 1194 793 1193 794 1182 801 1138 793 1134 793 1132 793 1131 793 1106 800 1088 792 1084 790 1083 790 1081 790 1070 792 1015 799 921 788 921 826"/></Shape>
	    <String CONTENT="vil mujer, con tiento mira"
                    HPOS="920"
                    VPOS="788"
                    WIDTH="482"
                    HEIGHT="67"></String>
          </TextLine>

          
          
          <TextLine ID="line_46"
                    TAGREFS="LT83"
                    BASELINE="919 872 1400 880" 
                    HPOS="917"
                    VPOS="837"
                    WIDTH="483"
                    HEIGHT="62">
            <Shape><Polygon POINTS="917 883 934 892 935 892 937 892 999 884 1092 895 1094 895 1095 895 1123 887 1141 895 1142 895 1143 895 1145 895 1165 888 1203 896 1204 896 1205 896 1226 888 1247 896 1248 896 1249 896 1329 892 1339 899 1340 899 1342 899 1343 899 1398 890 1400 880 1400 854 1323 854 1321 851 1317 845 1316 845 1316 844 1314 844 1313 844 1311 844 1234 847 1183 850 1171 845 1160 841 1159 841 1157 841 1131 844 1094 848 1084 843 1081 840 1080 840 1079 840 1077 840 1044 841 945 845 920 837 919 872 917 883"/></Shape>
	    <String CONTENT="que si mi poder te alcanza,"
                    HPOS="917"
                    VPOS="837"
                    WIDTH="483"
                    HEIGHT="62"></String>
          </TextLine>

          
          
          <TextLine ID="line_47"
                    TAGREFS="LT83"
                    BASELINE="920 916 1448 924" 
                    HPOS="919"
                    VPOS="880"
                    WIDTH="529"
                    HEIGHT="62">
            <Shape><Polygon POINTS="920 916 919 927 931 935 933 935 934 935 935 935 937 935 970 927 1007 935 1008 935 1094 928 1147 938 1149 938 1203 931 1212 939 1214 939 1215 939 1216 939 1269 931 1291 941 1292 941 1294 941 1295 941 1309 935 1360 942 1361 942 1447 932 1448 924 1447 898 1390 898 1387 896 1362 885 1361 885 1309 885 1307 885 1306 885 1305 885 1295 894 1294 895 1291 894 1262 884 1261 884 1259 884 1258 884 1233 892 1230 895 1201 895 1198 892 1187 884 1186 884 1185 884 1183 884 1182 884 1181 884 1170 892 1168 892 1165 892 1134 883 1132 883 1131 883 1130 883 1110 891 1105 892 1085 890 1048 885 1047 885 1046 885 1033 890 1026 891 1021 888 1003 880 1001 880 1000 880 999 880 997 880 986 888 983 890 974 888 933 880 931 880 930 880 920 884 920 916"/></Shape>
	    <String CONTENT="ha de ser cruel mi venganza,"
                    HPOS="919"
                    VPOS="880"
                    WIDTH="529"
                    HEIGHT="62"></String>
          </TextLine>

          
          
          <TextLine ID="line_48"
                    TAGREFS="LT83"
                    BASELINE="920 963 1451 968" 
                    HPOS="919"
                    VPOS="932"
                    WIDTH="532"
                    HEIGHT="54">
            <Shape><Polygon POINTS="920 963 919 972 983 982 985 982 1021 975 1022 975 1098 975 1098 976 1105 982 1105 983 1106 983 1108 983 1109 983 1142 976 1145 976 1147 976 1185 983 1186 985 1186 983 1218 978 1225 983 1225 985 1226 985 1227 985 1229 985 1287 979 1300 978 1307 979 1334 986 1335 986 1336 986 1449 980 1451 968 1451 942 920 932 920 963"/></Shape>
	    <String CONTENT="venganza que al orbe admire."
                    HPOS="919"
                    VPOS="932"
                    WIDTH="532"
                    HEIGHT="54"></String>
          </TextLine>

          
          
          <TextLine ID="line_65"
                    TAGREFS="LT83"
                    BASELINE="912 1007 1605 1015" 
                    HPOS="910"
                    VPOS="971"
                    WIDTH="695"
                    HEIGHT="78">
            <Shape><Polygon POINTS="912 1007 910 1025 923 1031 924 1031 926 1031 1072 1030 1160 1029 1172 1033 1200 1045 1201 1045 1423 1048 1425 1048 1426 1048 1436 1044 1441 1041 1602 1049 1605 1015 1605 980 1448 976 1447 976 1419 979 1376 985 1240 979 1103 974 1102 974 1101 974 1084 979 1077 980 1059 979 989 971 988 971 986 971 985 971 972 979 971 979 960 971 959 971 957 971 956 971 912 978 912 1007"/></Shape>
	    <String CONTENT="(Sale otro aprendiz con un par de botas.)"
                    HPOS="910"
                    VPOS="971"
                    WIDTH="695"
                    HEIGHT="78"></String>
          </TextLine>

          
          
          <TextLine ID="line_49"
                    TAGREFS="LT83"
                    BASELINE="876 1049 1216 1054" 
                    HPOS="875"
                    VPOS="1015"
                    WIDTH="341"
                    HEIGHT="61">
            <Shape><Polygon POINTS="876 1049 875 1062 909 1073 910 1073 912 1073 913 1073 915 1073 924 1065 927 1063 979 1063 983 1067 986 1069 986 1070 988 1070 989 1070 990 1070 1015 1069 1052 1065 1062 1070 1068 1074 1069 1074 1070 1074 1214 1076 1216 1054 1216 1030 1183 1029 1165 1016 1164 1016 1163 1016 1161 1016 1083 1025 1059 1026 1039 1022 1000 1015 999 1015 997 1015 996 1015 996 1016 990 1020 983 1026 876 1016 876 1049"/></Shape>
	    <String CONTENT="Apr. Deo gracias."
                    HPOS="875"
                    VPOS="1015"
                    WIDTH="341"
                    HEIGHT="61"></String>
          </TextLine>

          
          
          <TextLine ID="line_50"
                    TAGREFS="LT83"
                    BASELINE="876 1092 1277 1098" 
                    HPOS="875"
                    VPOS="1058"
                    WIDTH="402"
                    HEIGHT="60">
            <Shape><Polygon POINTS="876 1092 875 1102 891 1111 893 1111 894 1111 974 1103 1001 1114 1003 1114 1081 1116 1083 1116 1084 1116 1110 1106 1145 1114 1146 1114 1147 1114 1149 1114 1150 1114 1159 1106 1174 1117 1175 1117 1176 1117 1178 1118 1247 1118 1247 1117 1248 1117 1276 1106 1277 1098 1277 1065 1225 1062 1223 1062 1222 1062 1216 1063 1190 1070 1161 1063 1152 1060 1150 1060 1149 1060 1130 1062 1077 1069 1048 1062 1039 1059 1037 1059 1036 1059 1021 1062 983 1067 946 1067 939 1060 937 1058 935 1058 934 1058 933 1058 931 1058 930 1058 927 1060 919 1066 876 1060 876 1092"/></Shape>
	    <String CONTENT="Rob. Vamos al juego"
                    HPOS="875"
                    VPOS="1058"
                    WIDTH="402"
                    HEIGHT="60"></String>
          </TextLine>

          
          
          <TextLine ID="line_51"
                    TAGREFS="LT83"
                    BASELINE="913 1139 1426 1144" 
                    HPOS="912"
                    VPOS="1096"
                    WIDTH="514"
                    HEIGHT="66">
            <Shape><Polygon POINTS="1272 1098 1265 1098 1244 1109 1208 1103 1207 1103 1205 1103 1204 1103 1204 1104 1193 1114 1179 1109 1178 1109 1176 1109 1175 1109 1174 1109 1165 1116 1121 1106 1120 1106 1119 1106 1117 1106 1106 1116 1105 1117 1068 1117 1066 1116 1044 1100 1043 1100 1041 1100 1040 1100 1039 1100 1037 1100 1028 1109 1003 1100 1001 1100 1000 1100 999 1100 997 1100 997 1102 990 1109 913 1113 913 1139 912 1147 949 1158 950 1158 952 1158 1026 1151 1046 1160 1047 1160 1048 1161 1149 1161 1149 1160 1150 1160 1170 1151 1214 1161 1215 1161 1296 1153 1360 1162 1361 1162 1425 1153 1426 1144 1426 1120 1408 1120 1408 1118 1379 1098 1378 1098 1376 1098 1298 1096 1272 1096 1272 1098"/></Shape>
	    <String CONTENT="segunda vez, voto al diablo."
                    HPOS="912"
                    VPOS="1096"
                    WIDTH="514"
                    HEIGHT="66"></String>
          </TextLine>

          
          
          <TextLine ID="line_66"
                    TAGREFS="LT83"
                    BASELINE="873 1183 1427 1189" 
                    HPOS="872"
                    VPOS="1146"
                    WIDTH="555"
                    HEIGHT="60">
            <Shape><Polygon POINTS="873 1183 872 1193 897 1202 898 1202 899 1202 938 1194 992 1194 1021 1204 1022 1204 1023 1204 1143 1195 1291 1206 1292 1206 1294 1206 1295 1206 1307 1198 1371 1206 1372 1206 1426 1197 1427 1189 1427 1160 1393 1149 1391 1149 1390 1149 1345 1158 1329 1149 1328 1149 1327 1149 1325 1149 1324 1149 1313 1154 1251 1147 1249 1147 1248 1147 1247 1147 1230 1158 1230 1160 1229 1158 1214 1147 1212 1147 1211 1147 1160 1147 1159 1147 1157 1147 1156 1147 1156 1149 1145 1158 1145 1160 1103 1160 1103 1158 1080 1147 1079 1147 1077 1147 1076 1147 1048 1158 1006 1146 1004 1146 1003 1146 1001 1146 1000 1146 983 1157 909 1157 897 1147 895 1147 894 1147 893 1147 891 1147 873 1155 873 1183"/></Shape>
	    <String CONTENT="Apr. De parte del señor Pablo"
                    HPOS="872"
                    VPOS="1146"
                    WIDTH="555"
                    HEIGHT="60"></String>
          </TextLine>

          
          
          <TextLine ID="line_67"
                    TAGREFS="LT83"
                    BASELINE="910 1230 1371 1233" 
                    HPOS="909"
                    VPOS="1190"
                    WIDTH="462"
                    HEIGHT="59">
            <Shape><Polygon POINTS="910 1230 909 1240 1141 1249 1142 1249 1369 1242 1371 1233 1369 1204 1305 1204 1302 1202 1276 1191 1274 1191 1273 1191 1272 1191 1238 1201 1237 1201 1234 1201 1203 1191 1201 1191 1200 1191 1198 1191 1181 1200 1175 1204 1149 1204 1143 1200 1132 1190 1131 1190 1130 1190 1128 1190 1094 1198 1080 1202 997 1202 992 1197 986 1191 986 1190 985 1190 983 1190 982 1190 910 1194 910 1230"/></Shape>
	    <String CONTENT="las botas del señor Diego."
                    HPOS="909"
                    VPOS="1190"
                    WIDTH="462"
                    HEIGHT="59"></String>
          </TextLine>

          
          
          <TextLine ID="line_76"
                    TAGREFS="LT83"
                    BASELINE="870 1277 1604 1281" 
                    HPOS="869"
                    VPOS="1230"
                    WIDTH="735"
                    HEIGHT="78">
            <Shape><Polygon POINTS="870 1277 869 1302 904 1303 905 1303 906 1303 908 1303 909 1302 928 1288 978 1295 979 1295 1145 1289 1201 1293 1208 1299 1216 1306 1218 1306 1219 1306 1221 1306 1222 1306 1223 1306 1233 1299 1244 1292 1263 1299 1267 1300 1269 1300 1270 1300 1287 1299 1334 1293 1349 1299 1362 1303 1364 1303 1365 1303 1367 1303 1378 1297 1393 1290 1405 1297 1418 1306 1419 1306 1420 1306 1422 1306 1423 1306 1452 1297 1458 1296 1460 1297 1480 1307 1481 1307 1482 1308 1583 1308 1583 1307 1584 1307 1602 1296 1604 1281 1604 1249 1550 1233 1549 1233 1375 1233 1374 1233 1372 1233 1331 1245 1327 1246 1323 1245 1295 1237 1294 1237 1292 1237 1291 1237 1266 1245 1258 1246 1229 1244 1170 1238 1168 1238 1167 1238 1165 1238 1160 1242 1154 1248 1116 1248 1103 1242 1088 1235 1087 1235 1085 1235 1029 1241 978 1245 957 1240 939 1234 938 1234 937 1234 935 1234 927 1238 919 1244 909 1238 895 1230 894 1230 893 1230 891 1230 890 1230 870 1237 870 1277"/></Shape>
	    <String CONTENT="(Robreño llama á la puerta del cuarto de su"
                    HPOS="869"
                    VPOS="1230"
                    WIDTH="735"
                    HEIGHT="78"></String>
          </TextLine>

          
          
          <TextLine ID="line_77"
                    TAGREFS="LT83"
                    BASELINE="910 1318 1481 1324" 
                    HPOS="909"
                    VPOS="1281"
                    WIDTH="572"
                    HEIGHT="62">
            <Shape><Polygon POINTS="910 1318 909 1335 1163 1335 1181 1339 1196 1341 1197 1341 1233 1339 1299 1335 1340 1341 1354 1343 1356 1343 1378 1341 1451 1336 1477 1343 1481 1324 1481 1293 1460 1285 1459 1285 1458 1285 1331 1290 1316 1284 1314 1284 1313 1284 1311 1284 1310 1284 1303 1290 1284 1284 1283 1284 1281 1284 1222 1290 1215 1290 1211 1290 1181 1282 1179 1282 1178 1282 1132 1289 1130 1289 1124 1289 1006 1281 1004 1281 910 1286 910 1318"/></Shape>
	    <String CONTENT="tio: Inés asoma por la del fondo.)"
                    HPOS="909"
                    VPOS="1281"
                    WIDTH="572"
                    HEIGHT="62"></String>
          </TextLine>

          
          
          <TextLine ID="line_78"
                    TAGREFS="LT83"
                    BASELINE="870 1362 1517 1372" 
                    HPOS="869"
                    VPOS="1328"
                    WIDTH="648"
                    HEIGHT="80">
            <Shape><Polygon POINTS="870 1362 869 1377 898 1384 899 1384 901 1384 917 1379 926 1376 985 1376 989 1380 1001 1388 1003 1388 1004 1388 1006 1388 1048 1383 1083 1390 1084 1390 1156 1383 1167 1381 1172 1383 1203 1392 1204 1392 1205 1392 1207 1392 1230 1383 1238 1380 1244 1384 1274 1405 1276 1405 1277 1405 1332 1406 1442 1408 1444 1408 1445 1408 1447 1408 1477 1388 1515 1388 1517 1372 1517 1343 1499 1333 1498 1333 1496 1333 1495 1333 1464 1343 1453 1335 1452 1335 1451 1335 1449 1335 1419 1341 1409 1333 1409 1332 1408 1332 1407 1332 1405 1332 1404 1332 1382 1341 1332 1330 1331 1330 1329 1330 1305 1340 1303 1340 1262 1333 1261 1333 1259 1333 1243 1339 1241 1340 1240 1339 1226 1329 1225 1329 1223 1329 1222 1329 1221 1329 1190 1337 1146 1328 1145 1328 870 1332 870 1362"/></Shape>
	    <String CONTENT="Inés. Bueno, bien: san Nicodemus,"
                    HPOS="869"
                    VPOS="1328"
                    WIDTH="648"
                    HEIGHT="80"></String>
          </TextLine>

          
          
          <TextLine ID="line_68"
                    TAGREFS="LT83"
                    BASELINE="912 1410 1276 1410" 
                    HPOS="912"
                    VPOS="1372"
                    WIDTH="364"
                    HEIGHT="55">
            <Shape><Polygon POINTS="912 1410 912 1426 1274 1427 1276 1410 1276 1380 1247 1372 1245 1372 1244 1372 1243 1372 1210 1380 1163 1372 1161 1372 1160 1372 1130 1381 978 1381 967 1372 966 1372 964 1372 924 1372 923 1372 921 1372 920 1372 912 1377 912 1410"/></Shape>
	    <String CONTENT="¿otro zapatero? ¡oh!"
                    HPOS="912"
                    VPOS="1372"
                    WIDTH="364"
                    HEIGHT="55"></String>
          </TextLine>

          
          
          <TextLine ID="line_69"
                    TAGREFS="LT83"
                    BASELINE="912 1449 1287 1454" 
                    HPOS="910"
                    VPOS="1420"
                    WIDTH="377"
                    HEIGHT="55">
            <Shape><Polygon POINTS="912 1449 910 1457 946 1470 948 1470 949 1470 950 1470 983 1461 1004 1472 1006 1472 1007 1472 1077 1461 1097 1474 1098 1474 1099 1474 1101 1474 1187 1463 1196 1470 1196 1471 1197 1471 1198 1471 1243 1475 1244 1475 1245 1475 1247 1475 1262 1464 1285 1464 1287 1454 1287 1427 1261 1420 1259 1420 1258 1420 912 1421 912 1449"/></Shape>
	    <String CONTENT="una bota aquel dejó;"
                    HPOS="910"
                    VPOS="1420"
                    WIDTH="377"
                    HEIGHT="55"></String>
          </TextLine>

          
          
          <TextLine ID="line_70"
                    TAGREFS="LT83"
                    BASELINE="908 1496 1437 1504" 
                    HPOS="906"
                    VPOS="1453"
                    WIDTH="531"
                    HEIGHT="69">
            <Shape><Polygon POINTS="908 1496 906 1507 930 1515 931 1515 933 1515 979 1510 982 1510 983 1510 1003 1516 1004 1516 1006 1516 1065 1512 1084 1511 1434 1522 1437 1504 1436 1459 1311 1453 1310 1453 1309 1453 1298 1459 1270 1474 1193 1474 1157 1460 1150 1457 1149 1457 1147 1457 1146 1457 1141 1460 1119 1471 1015 1464 1014 1464 1012 1464 997 1470 981 1460 974 1457 972 1457 971 1457 970 1457 957 1460 937 1465 908 1461 908 1496"/></Shape>
	    <String CONTENT="aqui hay maula, escuchemos,"
                    HPOS="906"
                    VPOS="1453"
                    WIDTH="531"
                    HEIGHT="69"></String>
          </TextLine>

          
          
          <TextLine ID="line_71"
                    TAGREFS="LT83"
                    BASELINE="866 1540 1351 1543" 
                    HPOS="865"
                    VPOS="1511"
                    WIDTH="486"
                    HEIGHT="67">
            <Shape><Polygon POINTS="866 1540 865 1556 898 1559 908 1569 908 1570 909 1570 910 1570 912 1570 913 1570 915 1570 930 1561 931 1559 945 1561 989 1566 990 1566 1014 1563 1047 1559 1062 1566 1080 1573 1081 1573 1083 1573 1084 1573 1085 1573 1095 1567 1109 1559 1125 1559 1136 1569 1146 1577 1147 1577 1149 1577 1150 1578 1187 1578 1187 1577 1189 1577 1190 1577 1190 1576 1196 1572 1205 1562 1215 1572 1219 1576 1219 1577 1221 1577 1222 1577 1223 1578 1350 1578 1351 1543 1351 1511 866 1511 866 1540"/></Shape>
	    <String CONTENT="(D. Diego sale de su cuarto.)"
                    HPOS="865"
                    VPOS="1511"
                    WIDTH="486"
                    HEIGHT="67"></String>
          </TextLine>

          
        </TextBlock>
        
        <TextBlock HPOS="1077"
                   VPOS="1585"
                   WIDTH="326"
                   HEIGHT="64"
                   ID="block_5"
                   TAGREFS="BT223">
          <Shape><Polygon POINTS="1403 1585 1403 1649 1077 1649 1077 1585"/></Shape>
          
          
          <TextLine ID="line_79"
                    TAGREFS="LT84"
                    BASELINE="1090 1628 1376 1631" 
                    HPOS="1088"
                    VPOS="1585"
                    WIDTH="288"
                    HEIGHT="61">
            <Shape><Polygon POINTS="1296 1585 1283 1585 1269 1585 1255 1585 1241 1585 1227 1585 1214 1585 1211 1585 1207 1587 1197 1585 1186 1585 1172 1585 1159 1585 1145 1585 1131 1585 1117 1585 1103 1585 1102 1585 1090 1585 1090 1628 1088 1638 1233 1646 1234 1646 1375 1638 1376 1631 1375 1589 1313 1585 1310 1585"/></Shape>
	    <String CONTENT="ESCENA VI."
                    HPOS="1088"
                    VPOS="1585"
                    WIDTH="288"
                    HEIGHT="61"></String>
          </TextLine>

          
        </TextBlock>
        
        <TextBlock HPOS="825"
                   VPOS="1666"
                   WIDTH="792"
                   HEIGHT="709"
                   ID="block_1"
                   TAGREFS="BT227">
          <Shape><Polygon POINTS="1617 1666 1617 2375 844 2375 825 1666"/></Shape>
          
          
          <TextLine ID="line_80"
                    TAGREFS="LT83"
                    BASELINE="872 1707 1595 1715" 
                    HPOS="870"
                    VPOS="1667"
                    WIDTH="725"
                    HEIGHT="66">
            <Shape><Polygon POINTS="1317 1667 1316 1667 1288 1679 1272 1667 1270 1667 1269 1667 1267 1667 1241 1672 1230 1667 1216 1667 1203 1667 1189 1667 1185 1667 1172 1678 1171 1678 1112 1668 1110 1668 1109 1668 1076 1676 1061 1667 1051 1667 1044 1667 1021 1676 1018 1676 960 1676 960 1675 953 1669 953 1668 952 1668 950 1668 949 1668 872 1674 872 1707 870 1727 981 1727 981 1726 982 1726 983 1726 993 1719 1110 1720 1124 1729 1128 1730 1130 1730 1131 1730 1143 1729 1187 1722 1212 1729 1214 1729 1215 1729 1216 1729 1313 1723 1357 1723 1364 1730 1367 1733 1368 1733 1369 1733 1371 1733 1393 1730 1447 1724 1593 1731 1595 1715 1594 1683 1571 1683 1571 1682 1557 1671 1557 1669 1555 1669 1554 1669 1553 1669 1481 1682 1474 1682 1460 1680 1318 1667 1317 1667"/></Shape>
	    <String CONTENT="Diego. Hombre, habeis tardado un año;"
                    HPOS="870"
                    VPOS="1667"
                    WIDTH="725"
                    HEIGHT="66"></String>
          </TextLine>

          
          
          <TextLine ID="line_81"
                    TAGREFS="LT83"
                    BASELINE="895 1752 1190 1755" 
                    HPOS="894"
                    VPOS="1715"
                    WIDTH="296"
                    HEIGHT="58">
            <Shape><Polygon POINTS="895 1752 894 1764 975 1771 977 1771 1046 1766 1068 1764 1073 1766 1094 1773 1095 1773 1097 1773 1189 1766 1190 1755 1189 1729 1098 1716 1097 1716 1095 1716 1062 1727 1059 1727 1046 1715 1044 1715 1043 1715 1041 1715 1040 1715 1039 1715 1026 1724 1018 1718 1018 1716 1017 1716 1015 1716 986 1715 985 1715 983 1715 952 1726 895 1726 895 1752"/></Shape>
	    <String CONTENT="vamos á verlas."
                    HPOS="894"
                    VPOS="1715"
                    WIDTH="296"
                    HEIGHT="58"></String>
          </TextLine>

          
          
          <TextLine ID="line_82"
                    TAGREFS="LT83"
                    BASELINE="866 1799 1163 1795" 
                    HPOS="865"
                    VPOS="1759"
                    WIDTH="298"
                    HEIGHT="56">
            <Shape><Polygon POINTS="866 1799 866 1814 1117 1815 1119 1815 1161 1807 1163 1795 1159 1760 1033 1771 1014 1760 1014 1759 1012 1759 1011 1759 1010 1759 1008 1759 1006 1760 977 1773 937 1773 927 1764 927 1763 926 1763 924 1763 865 1760 866 1799"/></Shape>
	    <String CONTENT="Rob. ¿Que tal?"
                    HPOS="865"
                    VPOS="1759"
                    WIDTH="298"
                    HEIGHT="56"></String>
          </TextLine>

          
          
          <TextLine ID="line_83"
                    TAGREFS="LT83"
                    BASELINE="865 1844 1462 1847" 
                    HPOS="864"
                    VPOS="1802"
                    WIDTH="598"
                    HEIGHT="59">
            <Shape><Polygon POINTS="865 1844 864 1861 1460 1861 1462 1847 1459 1811 1385 1811 1379 1810 1342 1802 1309 1802 1307 1802 1306 1802 1305 1802 1305 1803 1296 1810 1252 1802 1251 1802 865 1809 865 1844"/></Shape>
	    <String CONTENT="(Se calza la bota del pié izquierdo.)"
                    HPOS="864"
                    VPOS="1802"
                    WIDTH="598"
                    HEIGHT="59"></String>
          </TextLine>

          
          
          <TextLine ID="line_84"
                    TAGREFS="LT83"
                    BASELINE="865 1887 1460 1893" 
                    HPOS="864"
                    VPOS="1853"
                    WIDTH="596"
                    HEIGHT="60">
            <Shape><Polygon POINTS="865 1887 864 1901 967 1909 968 1909 970 1909 971 1909 971 1908 978 1902 981 1899 1004 1899 1010 1902 1023 1909 1025 1909 1026 1909 1059 1902 1068 1909 1068 1910 1069 1910 1070 1910 1072 1910 1175 1902 1179 1902 1183 1902 1256 1910 1258 1910 1259 1910 1261 1910 1261 1909 1269 1902 1294 1902 1311 1902 1325 1902 1336 1912 1336 1913 1338 1913 1339 1913 1340 1913 1342 1913 1367 1905 1431 1913 1433 1913 1434 1913 1459 1902 1460 1893 1458 1860 1383 1865 1376 1858 1374 1857 1374 1855 1372 1855 1371 1855 1234 1854 1233 1854 1232 1854 1230 1854 1230 1855 1227 1857 1222 1864 1164 1864 1142 1857 1130 1853 1128 1853 1127 1853 1105 1857 1074 1862 1046 1855 1029 1853 1028 1853 1026 1853 1018 1855 1006 1861 865 1855 865 1887"/></Shape>
	    <String CONTENT="Diego. Lo que es esta no va mal."
                    HPOS="864"
                    VPOS="1853"
                    WIDTH="596"
                    HEIGHT="60"></String>
          </TextLine>

          
          
          <TextLine ID="line_85"
                    TAGREFS="LT83"
                    BASELINE="862 1933 1183 1933" 
                    HPOS="862"
                    VPOS="1897"
                    WIDTH="321"
                    HEIGHT="56">
            <Shape><Polygon POINTS="862 1933 862 1953 915 1946 937 1953 938 1953 939 1953 941 1953 949 1953 1033 1946 1182 1950 1183 1933 1181 1897 1153 1908 1076 1908 1069 1901 1066 1898 1066 1897 1065 1897 1063 1897 1040 1897 1039 1897 1037 1897 1036 1897 1036 1898 1032 1902 1026 1906 1006 1902 974 1897 972 1897 971 1897 970 1897 970 1898 963 1904 961 1906 959 1904 949 1899 948 1899 946 1899 916 1905 910 1906 908 1906 886 1897 884 1897 883 1897 882 1897 862 1906 862 1933"/></Shape>
	    <String CONTENT="(Se calza la otra)"
                    HPOS="862"
                    VPOS="1897"
                    WIDTH="321"
                    HEIGHT="56"></String>
          </TextLine>

          
          
          <TextLine ID="line_86"
                    TAGREFS="LT83"
                    BASELINE="861 1978 1218 1978" 
                    HPOS="861"
                    VPOS="1939"
                    WIDTH="357"
                    HEIGHT="58">
            <Shape><Polygon POINTS="861 1978 861 1990 1098 1997 1099 1997 1218 1989 1218 1978 1218 1948 1212 1942 1212 1941 1211 1941 1210 1941 1119 1939 1117 1939 1116 1939 1114 1939 1097 1950 1073 1942 1072 1942 1070 1942 1030 1950 1004 1939 1003 1939 1001 1939 1000 1939 999 1939 983 1950 983 1952 955 1952 930 1952 920 1942 920 1941 919 1941 917 1941 891 1939 890 1939 888 1939 861 1950 861 1978"/></Shape>
	    <String CONTENT="Rob. ¿Y esta otra?"
                    HPOS="861"
                    VPOS="1939"
                    WIDTH="357"
                    HEIGHT="58"></String>
          </TextLine>

          
          
          <TextLine ID="line_87"
                    TAGREFS="LT83"
                    BASELINE="859 2021 1354 2025" 
                    HPOS="858"
                    VPOS="1981"
                    WIDTH="496"
                    HEIGHT="58">
            <Shape><Polygon POINTS="859 2021 858 2036 1351 2039 1354 2025 1354 1988 1244 1982 1243 1982 1204 1988 1192 1989 1190 1988 1187 1984 1186 1984 1186 1982 1185 1982 1183 1982 1182 1982 1181 1982 1179 1982 1179 1984 1174 1988 1172 1990 1130 1990 1127 1988 1121 1982 1120 1982 1119 1982 1117 1982 1116 1982 1102 1988 1090 1993 1076 1988 1072 1986 1070 1986 1069 1986 1068 1986 1061 1988 1043 1993 1037 1988 1030 1982 1030 1981 1029 1981 1028 1981 1026 1981 1025 1981 1023 1981 1012 1988 1006 1993 917 1993 905 1989 883 1982 882 1982 880 1982 879 1982 859 1988 859 2021"/></Shape>
	    <String CONTENT="Diego. Que me hace daño;"
                    HPOS="858"
                    VPOS="1981"
                    WIDTH="496"
                    HEIGHT="58"></String>
          </TextLine>

          
          
          <TextLine ID="line_88"
                    TAGREFS="LT83"
                    BASELINE="895 2066 1361 2069" 
                    HPOS="894"
                    VPOS="2029"
                    WIDTH="467"
                    HEIGHT="58">
            <Shape><Polygon POINTS="895 2066 894 2079 904 2085 905 2085 906 2085 908 2085 1046 2079 1080 2085 1081 2085 1083 2085 1105 2079 1112 2085 1113 2085 1114 2085 1116 2085 1309 2080 1338 2087 1339 2087 1340 2087 1342 2087 1360 2079 1361 2069 1358 2030 1334 2039 1306 2030 1305 2030 1303 2030 1254 2030 1252 2030 1251 2030 1249 2030 1248 2032 1236 2039 1208 2032 1203 2030 1201 2030 1200 2030 1190 2032 1157 2039 1134 2033 1120 2029 1119 2029 1117 2029 1116 2029 1114 2029 1110 2033 1106 2036 1094 2033 1074 2029 1073 2029 1072 2029 1062 2033 1057 2036 1052 2033 1047 2029 1046 2029 1044 2029 1043 2029 1041 2029 1026 2033 1014 2037 895 2036 895 2066"/></Shape>
	    <String CONTENT="quita, Robreño, por Dios."
                    HPOS="894"
                    VPOS="2029"
                    WIDTH="467"
                    HEIGHT="58"></String>
          </TextLine>

          
          
          <TextLine ID="line_89"
                    TAGREFS="LT83"
                    BASELINE="855 2110 1240 2110" 
                    HPOS="855"
                    VPOS="2073"
                    WIDTH="385"
                    HEIGHT="50">
            <Shape><Polygon POINTS="855 2110 855 2123 1240 2121 1240 2110 1237 2073 1204 2081 1139 2073 1136 2073 1135 2073 1134 2073 1132 2073 1132 2074 1121 2083 855 2074 855 2110"/></Shape>
	    <String CONTENT="(Robreño se la quita.)"
                    HPOS="855"
                    VPOS="2073"
                    WIDTH="385"
                    HEIGHT="50"></String>
          </TextLine>

          
          
          <TextLine ID="line_90"
                    TAGREFS="LT83"
                    BASELINE="855 2153 1547 2156" 
                    HPOS="854"
                    VPOS="2114"
                    WIDTH="693"
                    HEIGHT="56">
            <Shape><Polygon POINTS="855 2153 854 2164 1544 2170 1547 2156 1546 2124 1485 2114 1484 2114 855 2117 855 2153"/></Shape>
	    <String CONTENT="Inés. ¡Es el mismo Padre nuestro!"
                    HPOS="854"
                    VPOS="2114"
                    WIDTH="693"
                    HEIGHT="56"></String>
          </TextLine>

          
          
          <TextLine ID="line_91"
                    TAGREFS="LT83"
                    BASELINE="855 2198 1590 2204" 
                    HPOS="854"
                    VPOS="2158"
                    WIDTH="736"
                    HEIGHT="60">
            <Shape><Polygon POINTS="855 2198 854 2214 1587 2218 1590 2204 1590 2174 1562 2174 1562 2172 1551 2163 1551 2161 1550 2161 1549 2161 1452 2161 1451 2161 1449 2161 1436 2168 1336 2160 1335 2160 1225 2167 1159 2158 1157 2158 1110 2167 1087 2158 1085 2158 1084 2158 1083 2158 1081 2158 1081 2160 1073 2167 1070 2170 1046 2167 995 2161 993 2161 992 2161 977 2167 970 2168 855 2165 855 2198"/></Shape>
	    <String CONTENT="Apr. Pues á mi me ha dícho el maestro"
                    HPOS="854"
                    VPOS="2158"
                    WIDTH="736"
                    HEIGHT="60"></String>
          </TextLine>

          
          
          <TextLine ID="line_92"
                    TAGREFS="LT83"
                    BASELINE="891 2243 1335 2245" 
                    HPOS="890"
                    VPOS="2205"
                    WIDTH="445"
                    HEIGHT="58">
            <Shape><Polygon POINTS="891 2243 890 2259 1112 2256 1332 2263 1335 2245 1334 2212 1197 2207 1196 2207 1194 2207 1178 2212 1170 2215 1167 2212 1161 2208 1161 2207 1160 2207 1159 2207 1072 2205 1070 2205 1069 2205 1054 2212 1050 2214 891 2214 891 2243"/></Shape>
	    <String CONTENT="que son suyas estas dos."
                    HPOS="890"
                    VPOS="2205"
                    WIDTH="445"
                    HEIGHT="58"></String>
          </TextLine>

          
          
          <TextLine ID="eSc_line_9a4252be"
                    TAGREFS="LT83"
                    BASELINE="844 2286 887 2287 1568 2292" 
                    HPOS="841"
                    VPOS="2250"
                    WIDTH="725"
                    HEIGHT="91">
            <Shape><Polygon POINTS="843 2285 841 2294 905 2312 907 2312 909 2312 911 2312 967 2298 969 2298 971 2298 1004 2312 1006 2312 1008 2312 1081 2300 1093 2300 1110 2302 1203 2314 1205 2314 1250 2306 1267 2302 1275 2306 1335 2339 1337 2339 1339 2341 1511 2341 1511 2339 1513 2339 1515 2339 1515 2337 1540 2312 1542 2312 1562 2312 1566 2291 1566 2258 843 2250 843 2285"/></Shape>
	    <String CONTENT="Diego. ¿Qué son mias? ¡Voto al diablo!"
                    HPOS="841"
                    VPOS="2250"
                    WIDTH="725"
                    HEIGHT="91"></String>
          </TextLine>

          
          
          <TextLine ID="line_95"
                    TAGREFS="LT83"
                    BASELINE="893 2332 1276 2335" 
                    HPOS="891"
                    VPOS="2289"
                    WIDTH="385"
                    HEIGHT="79">
            <Shape><Polygon POINTS="1076 2289 1074 2289 1048 2298 1039 2302 953 2302 949 2300 935 2289 934 2289 933 2289 931 2289 930 2289 893 2300 893 2332 891 2350 935 2351 952 2365 953 2365 955 2365 956 2365 1054 2356 1131 2357 1139 2365 1139 2367 1141 2367 1142 2367 1143 2368 1203 2368 1203 2367 1204 2367 1205 2367 1205 2365 1214 2358 1215 2356 1244 2354 1273 2358 1276 2335 1274 2294 1207 2291 1205 2291 1204 2291 1190 2295 1172 2300 1167 2295 1165 2294 1164 2294 1163 2294 1077 2289 1076 2289"/></Shape>
	    <String CONTENT="Mira, esta la llevarás"
                    HPOS="891"
                    VPOS="2289"
                    WIDTH="385"
                    HEIGHT="79"></String>
          </TextLine>

          
        </TextBlock>
        

        
      </PrintSpace>
    </Page>
  </Layout>
</alto>
