1753 2480
214.0 66.0 371.0 58.0 delmes, gastos y demés;

248.0 14.0 407.0 70.0 Las contribucions y pagos,

206.0 103.0 337.0 54.0 esteune certs y segús

210.0 132.0 414.0 72.0 que surt del cul del pagés.

245.0 186.0 433.0 76.0 Quant passa tropa pel poble,

219.0 235.0 345.0 58.0 li té de da allotjament,

214.0 279.0 416.0 45.0 foch, aygua, sal y vinagre,

217.0 312.0 380.0 64.0 y altres cosetas se entén.

252.0 369.0 434.0 54.0 Ells pel seu compte recullen

212.0 407.0 406.0 51.0 si hi ha res mal endressat,

217.0 442.0 403.0 54.0 y gracias si no 'l carregan

214.0 477.0 447.0 62.0 ab la insignia de sant March.

245.0 527.0 383.0 70.0 Com tota la seva hisenda

221.0 576.0 341.0 54.0 la tenen posada al ras,

219.0 613.0 306.0 46.0 allí tothom espigola

214.0 646.0 381.0 60.0 tant sols estirant lo bras.

252.0 686.0 411.0 72.0 Los uns lí prenen las figas.

221.0 750.0 454.0 45.0 altres 'ls rabims y albercochs,

221.0 783.0 434.0 56.0 y hasta á voltas las carbassas

217.0 816.0 477.0 72.0 que guardava pels seus porchs.

260.0 863.0 382.0 71.0 Té de mantení 'ls aucells

225.0 909.0 351.0 56.0 ab totas llavors y blats,

223.0 946.0 405.0 62.0 y aquells ancells ab casaca

217.0 987.0 413.0 62.0 que corren per las ciutats.

258.0 1035.0 351.0 64.0 Procuradors y notaris.

223.0 1087.0 328.0 53.0 els curials y advocats

223.0 1120.0 405.0 47.0 ab la esquena dels pagesos

219.0 1155.0 349.0 64.0 en viuen ben regalats.

262.0 1200.0 380.0 79.0 Per una regada d' aygua

225.0 1250.0 351.0 54.0 ó per un tros de paret,

227.0 1258.0 496.0 81.0 que hi ha de una vinya á l' altra

221.0 1324.0 386.0 71.0 tot seguit arman un plet.

266.0 1376.0 366.0 56.0 Van á buscá un advocat

225.0 1421.0 382.0 50.0 que á tots dos dona rahó,

227.0 1457.0 482.0 55.0 lo qu' ells volen son els quartos

227.0 1494.0 347.0 66.0 y endevant la professó.

264.0 1539.0 465.0 64.0 Quant los deixan sense quartos

233.0 1587.0 345.0 62.0 y 's veuen regoneguts,

225.0 1626.0 409.0 54.0 allavors es quant ue diuen

223.0 1661.0 376.0 60.0 qui gemega ya ha rebut.

264.0 1715.0 391.0 60.0 Aqueixa gent no treballan

231.0 1758.0 403.0 56.0 si es que no veuen diners;

227.0 1793.0 355.0 50.0 fan ferlos una avinensa

223.0 1818.0 415.0 68.0 com si no hagués estat res.

264.0 1878.0 380.0 75.0 Quant son al dia de festa

227.0 1924.0 298.0 55.0 en pasan lo dematí

231.0 1965.0 349.0 52.0 arreglant tot lo de casa

233.0 1994.0 372.0 68.0 y 'n portan blat al molí.

266.0 2050.0 323.0 68.0 A las deu van al ofici

235.0 2103.0 360.0 81.0 que diu lo senyó Rectó:

1035.0 16.0 389.0 62.0 y alli están fins á las onze

1033.0 62.0 434.0 59.0 Si 'ls fa un poquet de sermó.

1041.0 161.0 352.0 51.0 se assentan en un racó,

1068.0 109.0 418.0 70.0 Quant son adintre la iglesia

1033.0 194.0 335.0 51.0 ó be cerca de la porta

1041.0 235.0 313.0 62.0 per podé surtí milló.

1037.0 322.0 412.0 60.0 ab lo qui está al seu costat,

1068.0 283.0 422.0 62.0 Parlan del burro y la burra

1037.0 365.0 372.0 54.0 si las monjetas son fetas

1039.0 396.0 418.0 62.0 y 'l blat de moro es granat.

1039.0 498.0 364.0 47.0 casi ve 'ls veuréu á tots

1070.0 444.0 422.0 64.0 Els que no troban conversa

1041.0 522.0 492.0 62.0 que tan prompte con se assentan

1041.0 570.0 505.0 56.0 ja están roncant com uns porchs.

1048.0 661.0 322.0 56.0 ni 'l soroll de repicá,

1074.0 611.0 478.0 79.0 No 'ls despertan 'ls que cantan

1046.0 704.0 415.0 50.0 ni 'l rotllo de las campanas

1043.0 741.0 364.0 60.0 quant ne van á reservá.

1079.0 793.0 378.0 66.0 A la tarde hi ha balladas

1050.0 841.0 337.0 49.0 á la plassa ja se enten,

1046.0 874.0 305.0 49.0 allí veuréu acudirhi

1041.0 901.0 352.0 74.0 las mares ab lo jovent.

1043.0 998.0 308.0 58.0 la gayta y lo fluviol,

1083.0 958.0 355.0 67.0 Ab lo so del tamborino,

1048.0 1043.0 386.0 52.0 en fan patá unas sardanas

1043.0 1078.0 370.0 64.0 que no las balla qui vol.

1083.0 1136.0 345.0 52.0 Al vespre cap á rosari,

1050.0 1163.0 339.0 64.0 á sopá y dejorn al llit;

1046.0 1209.0 291.0 51.0 aqueixa vida la fan

1050.0 1246.0 397.0 60.0 tant lo pobre com lo rich.

1083.0 1279.0 498.0 80.0 L' endemá han de aná á matinas

1054.0 1343.0 397.0 52.0 per podé guanyá 'l jornal,

1054.0 1386.0 502.0 50.0 que ab los amos no hi ha escusas,

1052.0 1417.0 405.0 64.0 toma el pan y deixa 'l ral.

1089.0 1471.0 368.0 64.0 Aqueixa es la vida triste

1054.0 1512.0 328.0 56.0 del pagés menesterós.

1048.0 1550.0 494.0 53.0 dels que son richs no 'n parlém,

1052.0 1589.0 481.0 66.0 que aquells son com los senyós.

1085.0 1632.0 424.0 79.0 Puig que agafan la escopeta

1058.0 1688.0 337.0 50.0 y sen van cap á cassá,

1056.0 1715.0 362.0 60.0 y diuen qui ha fet avuy,

1050.0 1752.0 335.0 66.0 també deurá fé demá.

1085.0 1806.0 399.0 62.0 Si us agradan eixas coblas

1052.0 1851.0 446.0 56.0 compreulas per dos quartets;

1054.0 1888.0 353.0 54.0 per divertirvos un rato

1054.0 1915.0 399.0 71.0 no seréu pas mes pobrets.

1093.0 1971.0 393.0 72.0 Que per tan poca moneda

1060.0 2021.0 366.0 53.0 ab tan senzillas cansons.

1058.0 2056.0 384.0 58.0 estém certs que trobareu

1054.0 2095.0 335.0 81.0 algunas bonas llisons.

890.0 2128.0 65.0 137.0 FÍ.
