1753 2480
66 68 585 58 me atrevo á decir «te adoro»

64 111 427 54 por tu pura castidad:

59 157 484 53 aunque no cante sonoro

63 202 467 69 escúchame por piedad.

344 315 73 36 2.°

97 370 605 77 Cuando el Sol su luz estiende

60 431 423 59 engalana la pradera

62 479 453 55 tu rostro franco y leal

59 520 485 64 da vida á la primavera.

96 603 605 69 Tu mirar, mi pecho enciende

59 655 547 60 y hace mi pasion muy loca

57 709 640 55 pues mi amor bien se comprende;

56 744 544 56 tu hermosura el Sol sofoca

55 788 583 68 cuando el Sol su luz estiende.

93 874 512 64 ¡Quien igualarte pudiera

55 921 515 51 á candidez y hermosura!!

53 964 496 61 A esa gracia placentera

53 1011 518 51 si la flor de tu hermosura

52 1054 424 64 engalana la pradera.

88 1149 456 55 Por mí no tienes rival

52 1200 519 57 por tu gracia en el vestir;

52 1248 390 45 es lo mas angelical

52 1288 453 48 que se pueda discurrir

50 1329 469 54 tu rostro franco y leal.

86 1413 455 65 Eres de toda la esfera

49 1471 514 54 el mas precioso diamante,

49 1523 507 51 puede decirlo cualquiera;

50 1563 487 54 pues tu sonrisa elegante

48 1605 485 66 da vida á la primavera.

334 1674 48 95 3.°

84 1770 501 87 Cuando por tu calle paso

45 1846 513 48 de gozo quedo encantado

46 1893 513 45 pronto miro á tu ventana

46 1928 512 69 por ver mi bien adorado.

78 2018 555 66 Es cierto que yo me abraso

41 2070 471 54 por ver tu cara bonita,

41 2116 586 63 pues mí querer no es escaso;

39 2164 448 55 el corazon me palpita

906 67 517 66 cuando por tu calle paso.

948 159 566 64 Mucho tiempo se ha pasado

905 208 444 55 de desde que no te ví

909 253 525 55 y estoy algo trastornado:

905 294 496 53 cuando me hablan de tí

904 340 533 67 de gozo quedo encantado.

945 431 495 65 Al verte rosa temprana

904 483 509 58 juro que jamás me aflijo

905 534 524 52 porque eres mi soberana;

905 575 497 56 y cuando aquí me dirijo

904 620 538 59 pronto miro á tu ventana.

942 720 611 57 Pronto me encuentro cansado

902 760 440 57 si camino todo el dia:

901 803 521 49 sin haber nada apostado

899 848 501 53 diez mil leguas correria

901 894 515 56 por ver mi bien adorado.

1194 987 58 60 4.°

897 1070 652 70 Cuando empieza el canto el gallo

901 1125 442 57 es al despuntar el día

902 1164 487 62 yo de noche canto aquí,

899 1213 494 66 á la que quiero por mía.

935 1300 480 68 Mi corazón te avasallo

895 1354 536 56 si se que no me aborreces;

894 1397 513 56 diciendo verdad no callo

894 1441 528 49 he soñado en tí tres veces

894 1486 650 55 cuando empieza el canto el gallo.

942 1583 500 55 Yo me muero de alegria

894 1636 525 50 viendo que eres un tesoro

895 1674 530 59 y la estrella que me guia,

895 1720 532 57 y cuando yo mas te adoro

893 1764 463 57 es al despuntar el día.

931 1857 443 53 En hermoso prado ví

890 1897 506 53 cantar aves entre flores;

890 1941 496 54 son bien distintas de mí

895 1984 601 57 porque por decirte amores

891 2030 485 62 yo de noche canto aquí.

933 2114 414 60 Trabajo con agonía

888 2165 473 71 por ganar una friolera,
