1860 2629
322 245 477 66 hermosa, te quiero yo.

607 333 60 58 8.°

366 416 409 63 Yo me despido de tí

315 465 460 60 de tí niña me despido,

315 511 583 61 adios, adios prenda hermosa

315 557 437 62 se despide tu querido

357 645 391 66 A poco me despedí

314 690 423 50 de la Luna plateada

314 731 467 66 que resplandecía aquí;

318 781 469 66 y ahora prenda salada

318 833 418 66 yo me despido de tí.

356 893 564 100 Me parece que ya ha salido

1167 242 603 64 la estrella que anuncia el dia;

1168 295 538 54 ya la oscuridad se ha ido:

1165 338 455 57 adios adíos alma mia,

1164 382 454 54 de tí niña me despido.

1208 471 464 66 La despedida amorosa

1164 518 595 64 da un amante á la que adora

1165 563 507 53 para hacerla venturosa:

1167 613 539 51 va despuntando la aurora.

1165 652 532 57 adios adios niña hermosa.

1205 734 520 64 Mis cantares ya has oído,

1164 785 514 54 consérvalos en memoria,

1165 835 459 54 no los dejes en olvido:

1164 874 501 62 adios mi radiante gloria

1163 920 450 60 se despide tu querido.

712 1042 693 156 TROVO SATÍRICO

355 1203 489 54 El que loco se enamora

311 1250 482 54 es digno de compasión:

309 1289 520 50 al que amando desespera

309 1332 465 65 cantarle el Crieleison.

350 1431 615 55 Hay hombre que amando llora

309 1476 526 51 y á fé mía que está malo,

308 1526 473 48 su salud se desvapora;

308 1573 518 51 queda seco como un palo

308 1615 494 67 el que loco se enamora.

349 1701 530 64 Pone el hombre la ilusión

308 1754 513 54 á quien fundó la mentira

306 1796 497 70 de engañar un corazon;

1161 1206 623 55 pues si al hombre bien se mira

1160 1253 479 61 es digno de compasión.

1202 1346 541 60 La muger como hechicera

1158 1391 512 52 te enreda con fuerte lazo

1158 1441 481 53 peor que una ratonera:

1160 1488 444 49 le daría un garrotazo

1157 1526 536 57 al que amando desespera.

1198 1615 545 58 Por cumplir su obligacion

1155 1667 649 76 cumple el hombre el compromiso

1160 1711 515 63 y al fin y á la conclusión

1158 1765 414 47 es natural y preciso

1155 1805 455 61 cantarle el Crieleison.

968 1952 171 85 FIN

1152 2116 582 58 (Es propiedad de Juan Grau.)

356 2258 1445 56 REUS.—Véndese en la libreria de Juan Grau, calle del Metje Fortuny, núm. 5. En la misma casa se halla un gran sur-

302 2293 1499 52 tido de romances, sainetes, libritos, historias, comedias aleluyas de redolines, santos y soldados pintados. Deposito de

306 2319 1494 77 libritos para fumar y cajas de cerilas. Papel para escribir sobres para cartas, plumas mangos, etc. etc. Todo á precios muy

305 2350 99 67 baratos.
