1753 2480
101.0 90.0 465.0 60.0 por el rey mismo escogida

101.0 136.0 405.0 54.0 está á formarse vecina.

101.0 167.0 417.0 62.0 Pronto á regar el laurel

99.0 212.0 471.0 58.0 con la sangre de sus venas

101.0 256.0 405.0 58.0 parte á lidiar como fiel

99.0 291.0 455.0 56.0 contra huestes sarracenas.

103.0 336.0 457.0 58.0 La nobleza que más brilla

103.0 369.0 459.0 71.0 ya se encuentra á la sazón

101.0 417.0 442.0 58.0 con los reyes de Castilla,

103.0 458.0 391.0 56.0 de Navarra y Aragón.

103.0 496.0 477.0 53.0 Encuéntranse con los tales

103.0 533.0 446.0 60.0 los caballeros templarios

105.0 568.0 515.0 64.0 de Montpeller y otros varios,

105.0 613.0 399.0 60.0 todos en valor iguales.

111.0 659.0 476.0 56.0 Y el que sin paz ni sosiego

109.0 698.0 426.0 64.0 hace minutos las leguas,

111.0 735.0 490.0 62.0 sin dar á su escape treguas:

109.0 783.0 374.0 47.0 es el amoroso Diego.

113.0 816.0 457.0 58.0 Que carcome su memoria

111.0 857.0 409.0 64.0 de su desgracia la idea

113.0 886.0 519.0 79.0 y va á buscar muerte ó gloria

113.0 940.0 407.0 54.0 en la sangrienta pelea.

115.0 969.0 449.0 72.0 Porque un recuerdo cruel

115.0 1014.0 461.0 66.0 hacia el combate le llama,

115.0 1056.0 558.0 72.0 que ha de comprar con su fama

115.0 1103.0 345.0 66.0 el cariño de Isabel.

115.0 1134.0 515.0 75.0 Su nombre paso le ha hecho;

121.0 1192.0 480.0 60.0 y al punto le han admitido:

121.0 1231.0 445.0 68.0 con la roja cruz al pecho

121.0 1277.0 426.0 60.0 está á luchar prevenido.

121.0 1312.0 356.0 66.0 Esperaba el paladín

121.0 1339.0 464.0 80.0 mostrar pronto la pujanza

124.0 1392.0 461.0 67.0 de su brazo y de su lanza;

124.0 1438.0 452.0 58.0 cuando el guerrero clarín

124.0 1475.0 444.0 56.0 rasgando los aires vanos;

126.0 1506.0 510.0 66.0 retumba en los hondos senos

128.0 1556.0 498.0 58.0 llamando á todos los buenos

128.0 1601.0 444.0 58.0 á luchar como cristianos.

130.0 1634.0 409.0 62.0 El pecho de Diego late

132.0 1680.0 372.0 62.0 y se arroja denodado

128.0 1711.0 421.0 74.0 donde más encarnizado

128.0 1762.0 442.0 54.0 espera hallar el combate.

132.0 1800.0 450.0 64.0 Y en los peligros se place

132.0 1843.0 403.0 60.0 y sin temer mil aceros,

130.0 1874.0 446.0 72.0 abre, atraviesa y deshace

132.0 1924.0 405.0 53.0 una nube de guerreros.

132.0 1963.0 417.0 56.0 Si alguna vez la fortuna

132.0 2002.0 417.0 54.0 en su inconstante tarea,

134.0 2046.0 353.0 51.0 lo mejor en la pelea

132.0 2085.0 438.0 56.0 concede á la media luna;

134.0 2128.0 426.0 54.0 de su valor hace alarde,

134.0 2161.0 434.0 60.0 renueva el vigor perdido

136.0 2207.0 382.0 66.0 y deja roto y vencido

915.0 90.0 385.0 48.0 al cerraceno cobarde,

917.0 117.0 455.0 64.0 y convierten sus valientes

917.0 161.0 381.0 58.0 el belicoso escuadrón

917.0 208.0 381.0 50.0 en asqueroso montón

919.0 237.0 447.0 60.0 de cadáveres sangrientos.

919.0 279.0 519.0 64.0 El conde de Haro que estaba

919.0 324.0 435.0 54.0 al frente de los cruzados

921.0 365.0 449.0 52.0 vió los triunfos señalados

921.0 400.0 466.0 65.0 que el Marcilla alcanzaba;

924.0 448.0 399.0 60.0 y para recompensarlos

924.0 489.0 463.0 48.0 cuando la acción terminó,

924.0 527.0 413.0 53.0 el nombramiento le dió

924.0 564.0 454.0 58.0 de capitán de Caballeros;

926.0 609.0 450.0 58.0 y admirándole tan bravo,

926.0 653.0 440.0 49.0 de tal denuedo y pericia,

924.0 686.0 403.0 55.0 lo hizo llegar á noticia

926.0 727.0 469.0 60.0 del rey D. Alfonso octavo.

932.0 768.0 405.0 52.0 Al salir de los horrores

926.0 810.0 535.0 51.0 de cada lucha en que entraba,

926.0 849.0 483.0 52.0 el buen Diego se entregaba

926.0 890.0 473.0 50.0 á sus recuerdos de amores.

928.0 925.0 450.0 58.0 Para alentar la esperanza

928.0 963.0 473.0 62.0 de la que ansiosa le espera

928.0 1012.0 401.0 50.0 la noticia sin tardanza

928.0 1054.0 335.0 47.0 su futura lisonjera.

932.0 1087.0 465.0 60.0 ¡Mas en cuán fatal engaño

932.0 1130.0 329.0 54.0 confía su corazón!

932.0 1171.0 395.0 52.0 la más infame traición

932.0 1200.0 496.0 71.0 fraguando están en su daño.

932.0 1248.0 517.0 70.0 Porque el padre de su amada

932.0 1304.0 529.0 53.0 con la edad se hizo avariento,

934.0 1343.0 420.0 60.0 y para lograr su intento

934.0 1384.0 380.0 56.0 le falta á la fé jurada.

932.0 1417.0 488.0 62.0 Las cartas del buen amante

932.0 1459.0 395.0 62.0 llegan todas á Teruel;

932.0 1502.0 403.0 60.0 mas el padre de Isabel

934.0 1539.0 446.0 62.0 las intercepta al instante;

936.0 1574.0 568.0 77.0 porque ha formado el concierto,

936.0 1628.0 484.0 52.0 aunque en el alma se aflija,

936.0 1665.0 432.0 62.0 su buena y cándida hija,

936.0 1707.0 486.0 57.0 de dar á Diego por muerto.

940.0 1746.0 366.0 60.0 Así lo hizo en efecto

936.0 1779.0 463.0 64.0 en su ambiciosa impiedad

938.0 1829.0 422.0 51.0 para lograr su proyecto

938.0 1870.0 337.0 47.0 con toda felicidad.

942.0 1903.0 428.0 64.0 En tanto pasaban días...

940.0 1950.0 356.0 60.0 Isabel, muy afligida,

940.0 1975.0 440.0 71.0 se encontraba sumergida

940.0 2029.0 399.0 54.0 en negras melancolías.

944.0 2064.0 434.0 60.0 Ya había pasado un año

942.0 2097.0 486.0 70.0 y ella en lágrimas deshecha

940.0 2145.0 465.0 60.0 no se atreve á la sospecha

938.0 2174.0 564.0 97.0 de que en Diego quepa engaño,
