1856 2608
520 888 800 113 ROMANCE,

169 978 1462 82 DE COMO EL CONDE DON RAMON DE BARCELONA

241 1036 1329 83 libró à la Emperatriz de Alemania, que la tenian para quemar,

424 1084 951 111 con todo lo demàs que verà el curioso Letor,

169 1227 605 109 EN el tiempo que reynava

276 1288 457 68 y en virtudes florecia

165 1334 513 61 este Conde Don Ramon

165 1377 437 61 flor de la Cavalleria.

217 1425 516 76 En Barcelona la grande,

165 1486 459 59 que por suya la tenia

165 1532 489 61 nuevas ciertas de dolor

165 1573 509 72 de un Estrangero sabia,

215 1621 474 69 Que allà en Alemania

169 1675 481 68 grande llanto se hacia,

167 1725 524 70 por la Noble Emperatriz,

163 1773 609 67 que en virtudes resplandecia.

217 1821 553 71 Que dos malos Cavalleros

163 1869 452 65 la acusan de alevosia

163 1919 528 65 ante el gran Emperador,

161 1971 574 69 que mas que à si la queria.

211 2016 552 70 Diciendo: Sepa tu Alteza,

161 2066 496 72 gran Señor si te placia,

158 2119 546 65 que nosotros hemos visto

154 2162 494 139 à la Emperatriz un dia

963 1225 547 81 Holgar con un Cavallero

913 1277 490 74 no mirando que hacia,

913 1338 429 63 traicion à ti, Señor,

920 1375 587 83 y à tu gran genealogia.

963 1434 618 69 El Emperador muy turbado,

913 1475 492 74 desta suerte respondia;

913 1532 494 65 si es verdad Cavalleros

918 1582 487 67 essa tan gran villania,

920 1627 539 66 Yo haré un tal castigo

916 1675 672 68 qual conviene à la honra mia;

911 1727 518 70 mandóla luego prender,

911 1775 498 72 y en prisiones la ponia.

963 1823 603 72 Hasta ser cumplido el plazo,

916 1873 572 65 que la ley le disponia,

911 1923 509 72 buscasse dos Cavalleros,

911 1975 531 67 que defiendan la su vida.

961 2025 498 67 Contra los Acusadores,

913 2079 555 61 que en el compo se veria

911 2121 422 67 la justicia cuya era,

907 2166 561 135 y à quien Dios favorecia.

1477 2216 113 85 Pues
