1838 2608
319 217 574 93 Pues sabido por el Conde,

271 265 453 87 esta nueva adolorida,

269 321 411 76 determina de partir

267 371 396 72 à librarla si podia.

311 419 628 87 Con no mas de un Escudero

265 467 544 89 de quien el mucho se fia,

261 525 556 85 andando por sus jornadas,

261 571 506 83 sin parar noche, ni dia.

311 621 561 74 Llegado pues à las Cortes

256 671 531 74 que el Emperador tenia

256 725 553 74 para dar la gan sentencia

254 773 448 76 de alli al tercero dia,

302 817 550 76 De quemar la Emperatris,

250 873 604 85 cosa de muy gran manzilla,

254 923 513 65 pues no havia Cavallero

247 971 514 72 en tan gran Cavalleria;

302 1019 500 78 Que por una tal Señora

247 1062 536 89 quiera aventurar su vida,

250 1125 463 63 por ser los acusadores

241 1171 657 74 de gran suerte, y gran valia.

291 1217 559 73 Pues el Conde ya llegado,

258 1273 483 63 preguntó, si ser podia,

237 1323 556 70 hablar con la Emperatriz,

241 1371 529 67 por cosa que le cumplia.

289 1419 607 67 Supo que ninguno entrava

232 1458 453 80 do estava su Señoria,

237 1514 445 74 sino es su Confessor,

232 1558 605 78 Frayle de muy santa vida,

293 1612 474 74 Vase el Conde por el,

232 1656 477 78 desta suerte le decia:

228 1712 542 70 Padre yo soy estrangero

228 1764 459 63 de lexas tierras venia

278 1810 602 69 A librar (si Dios quisiesse)

226 1853 463 76 ò morir en tal porfia,

224 1903 495 81 à la gran Emperatriz,

226 1962 585 61 que es sin culpa, yo creia,

276 2005 591 83 Mas primero si es possible,

234 2053 492 72 gran descanso me seria

224 2105 548 74 hablar con su Magestad,

226 2158 485 119 si esto hacer se podia.

1070 236 456 83 Yo daré orden Señor,

1022 299 544 74 el buen Frayle respondia,

1013 349 494 72 tomará vuestra merced

1011 395 520 65 un Habito que yo tenia;

1061 436 587 89 Y vestir se ha como Frayle,

1009 482 494 89 é irá en mi compañia,

1011 541 548 74 ya se parte el buen Conde

1007 597 559 68 con el Frayle que lo guia.

1052 641 592 87 Llegados que fueron dentro

1004 697 488 63 en la carcel do yacia,

1002 743 501 74 las rodillas por el suelo

1000 784 576 83 el buen Conde assi decia:

1052 836 533 74 Yo soy muy alta Señora,

998 886 576 76 de España la ennoblecida,

1004 938 485 61 y de Barcelona Conde

994 978 596 84 Ciudad de muy gran valia,

1039 1036 527 72 Estando en la mi Corte,

996 1091 409 63 con solaz y alegria

1000 1132 572 78 por muy cierta nueva supe

994 1186 452 65 la congoxa que tenia

1044 1230 513 74 Vuestra Real Magestad,

991 1269 494 82 de lo qual yo me dolia,

998 1332 415 65 y por esso yo partí

991 1380 518 69 à poner por vos la vida.

1033 1430 676 76 La Emperatriz que esto oyera

989 1471 390 78 de gozo no cabia,

989 1532 611 61 grandes lagrimas de sus ojos

987 1577 500 72 por su linda faz vertia;

1041 1627 527 68 Tomóle por las manos,

985 1675 467 63 desta suerte le decia:

985 1719 511 71 bien seas venido Conde,

983 1766 585 72 buena sea vuestra venida.

1035 1819 583 76 Vuestra Nobleza, y valor,

980 1871 631 74 vuestro esfuerzo, y valentia;

980 1916 577 70 ya me hace ser muy cierta

974 1973 663 65 de mi honra, y vuestra vida.

1022 2019 552 69 Mi innocencia os librará,

980 2069 610 69 pues que Dios bien lo sabia

974 2119 483 63 de la falsa acusacion,

976 2171 529 128 que contra mi se ponia.

1585 2173 65 128 Ya
