1753 2480
159 126 587 57 Soy la mapa de las castañeras

124 171 622 56 que pasean hoy día en el Prado,

124 210 566 56 y no puedo sufrir mi amante

124 258 702 52 que otra dama se esté requebrando.

316 305 506 73 Calentitas que queman, etc.

119 369 707 73 Cuando salgo á la esquina rumbosa,

128 427 647 48 y me encuentro con algún amigo

124 467 572 53 le presento cuatro castañitas

126 500 694 68 por la buena á cualquiera convido.

310 547 521 79 Calentitas yo las vendo, etc.

870 159 591 62 mi salero, mi garbo y mi brío

901 95 674 78 Se piesentan los mozos al verme.

872 198 641 60 y á las voces que salen calientes

862 252 535 55 cae plata para mi bolsillo.

944 287 631 76 Calentitas que ahora queman, etc.

870 419 709 50 anda el fuelle, el carbón y el hornillo

911 363 668 73 Dando el grito que son regordonas

872 462 643 56 aunque vendan otras castañeras.

862 493 477 71 á toditas yo las desalío.

1054 529 517 99 Calentitas yo las vendo, etc.

202 874 1323 140 LOS TOROS DEL PUERTO

812 636 85 77 FIN

163 1124 595 89 Que vivan los cuerpos buenos

128 1190 452 72 Que viva la gente crua

589 1213 250 86 Avechucho,

128 1246 448 82 Atrácame ese falucho,

134 1308 637 60 ¿Quién se viene? ¿Quién se mua?

136 1351 544 50 Aquí tengo el cielo abierto,

136 1388 442 60 Que se larga mi falua,

132 1419 678 89 ¿Quién se embarca para el puerto?

171 1494 428 66 De bolina caballeros,

136 1545 525 83 Viento fresco y á los toros

605 1547 236 108 Gloria mia,

138 1624 478 62 Mas dulce que la arropía

144 1671 459 54 Vámonos á Mata-moros

142 1711 525 53 Aunque sea en un desierto

140 1754 519 58 Hasta que callen los loros.

140 1789 670 75 ¿Quién se embarca para el puerto?

140 1857 707 75 ¿Quién se embarca? ¿Quién se mete?

146 1919 412 62 Vira y jala Periquiyo

651 1930 196 105 Señorita,

144 1971 428 79 Levante uzté la patita

148 2035 542 54 Y zalte uzté á ese barquillo,

146 2074 511 67 No se le ponga uzté tuerto

142 2112 486 60 El molde de ese monillo.

142 2147 674 113 ¿Quién se embarca para el puerto?

917 1118 443 74 A divertirnos gustosos

882 1175 469 73 Toitos vamos de jarana.

1382 1219 203 80 Caramba.

878 1242 461 76 Bailemos la Zarabanda

880 1308 465 51 Y beberemos con gana;

884 1345 612 56 Todos pequemos con el muerto

880 1382 434 64 Hasta pasado mañana

870 1426 680 72 ¿Quién se embarca para el puerto?

917 1490 558 78 Tio Garrucho buenos tragos

880 1545 453 79 Para amarar el pellejo.

1428 1552 165 111 Pepino.

878 1616 517 72 Supuesto que ya no atino

882 1667 478 56 A enganchar un aparejo

886 1709 538 55 Voy con mi niña por cierto

886 1754 439 50 A ver el toro bermejo:

876 1800 682 64 ¿Quién se embarca para el puerto?

913 1853 577 83 Cuando lleguemos al muelle

878 1915 424 71 Asegure bien la pipa

1409 1922 180 107 Carnero,

884 1969 412 74 No se vaya tan ligero

893 2021 446 68 Y beberá una chiquita

888 2064 585 62 Que yo engulliré hasta ciento

886 2110 437 57 Con mi salaá Juanita.

876 2151 688 85 ¿Quién se embarca para el puerto?

841 2265 74 80 FIN
