1860 2629
511 1340 688 121 LAS TRES CANCIONES

353 1470 989 133 LA CASTAÑERA DE MADRID

440 1588 812 127 LOS TOROS DEL PUERTO

151 1724 1375 142 EL NUEVO TANGO AMERICANO

142 2000 592 72 Aunque vendo castañas asaás

100 2061 621 57 aguantando las lluvias y el frío

105 2103 664 76 con mi garbo y mis medias calaás

103 2140 561 79 soy la reina para mi querio.

223 2195 448 79 Calentitas yo las vendo

179 2263 386 54 sin moneda se darán

184 2300 520 81 que á rumbesa no me ganan

182 2342 375 59 las Usias de gaban.

182 2383 346 57 Que á rumbosa sí,

179 2425 310 55 no me ganan no,

184 2466 368 81 las Usias de gaban.

886 2015 620 64 Lo mas malo de todos los malos

848 2063 571 53 es sufrir un desaire á la cara

846 2101 588 56 encontrar á mi paje ¡puñales!

851 2144 539 68 y con otra pelando la pava.

921 2199 634 77 Calentitas que ahora queman, etc.

886 2258 671 86 Lo que hay entre todos los hombros

851 2320 701 70 que entre todos ocultan sus mañas,

853 2370 581 59 quien pudiera cogerlos á ellos

846 2412 603 61 en hornillo como las castañas.

1024 2464 520 79 Calentitas yo las vendo, etc.
