1860 2629
265.0 129.0 53.0 120.0 128

296.0 219.0 1324.0 146.0 103 EL RAMO DE LA MAÑANA DE SAN JUAN.

293.0 368.0 443.0 57.0 La mañana de San Juan

247.0 407.0 516.0 64.0 Cuando á los alegres campos

258.0 449.0 448.0 63.0 A coger verbena y flores

250.0 488.0 397.0 68.0 Salen los enamorados.

252.0 536.0 493.0 73.0 Entonces, cuando el lucero

258.0 578.0 402.0 70.0 Del alba sale brillando

252.0 622.0 333.0 63.0 Delante la deseada

250.0 655.0 427.0 76.0 Aurora mayor del año,

252.0 712.0 590.0 78.0 Toma á bien que en tu ventana

252.0 758.0 480.0 72.0 Te ponga, Belísa, el ramo,

250.0 801.0 465.0 73.0 Ramo que en Val de Otéa

252.0 843.0 412.0 66.0 Mis niñeces cultivaron.

252.0 889.0 480.0 74.0 Tómalo á bien mi señora;

247.0 937.0 443.0 68.0 Recíbelo de buen grado,

247.0 977.0 479.0 70.0 La vista pon en sus hojas,

254.0 1023.0 522.0 78.0 Y á la sombra de él sentaos,

254.0 1066.0 443.0 73.0 Primicia de mis amores,

250.0 1106.0 460.0 79.0 De tu gran belleza lauro,

256.0 1156.0 369.0 68.0 Regocijo de tu calle,

247.0 1200.0 402.0 75.0 De tu mirador ornato.

252.0 1244.0 386.0 74.0 Si te parece vá pobre

252.0 1286.0 476.0 85.0 De flores y hermosos lazos,

1085.0 376.0 492.0 55.0 Arrímale á tu hermosura :

1090.0 418.0 436.0 57.0 Y será el mas adornado.

1087.0 460.0 527.0 67.0 Tome él, como yo lo hiciera,

1085.0 497.0 467.0 72.0 Los claveles de tus labios,

1085.0 552.0 456.0 63.0 La azucena de tu frente,

1085.0 593.0 496.0 59.0 Los jazmines de tus manos.

1087.0 641.0 413.0 62.0 Entre sus hojas reciba

1085.0 683.0 327.0 61.0 El rocio nacarado

1087.0 709.0 531.0 86.0 De tu aliento ; y la fragancia

1083.0 768.0 401.0 71.0 De tu pecho soberano

1085.0 814.0 445.0 62.0 Que yo, Belisa, te juro :

1085.0 863.0 544.0 63.0 Que él será rey de los ramos,

1090.0 909.0 533.0 65.0 A quien salva harán rendidos

1083.0 944.0 412.0 61.0 Ruiseñores y canarios.

1083.0 992.0 546.0 61.0 Los que por mi mal te adoran

1083.0 1036.0 515.0 70.0 Con placer le irán mirando ;

1090.0 1077.0 462.0 70.0 Y las que no te compiten

1085.0 1128.0 441.0 59.0 Lo verán con sobresalto.

1090.0 1172.0 473.0 57.0 Y yo, querida, á su dicha

1087.0 1213.0 437.0 62.0 Esta letra iré cantando ;

1087.0 1266.0 507.0 50.0 Que por si no la escuchabas

1083.0 1301.0 507.0 79.0 Te la puse al pié del ramo ;

859.0 1312.0 215.0 173.0 CANTO.

513.0 1388.0 70.0 57.0 I.

287.0 1397.0 476.0 99.0 Bellas flores, que mecidas

250.0 1459.0 427.0 74.0 Por la perfumada brisa,

247.0 1507.0 448.0 79.0 Hoy gozais de la sonrisa

247.0 1555.0 402.0 70.0 De Belisa, dulce bien ;

296.0 1601.0 500.0 72.0 Y al tocar sus tersos labios,

250.0 1636.0 443.0 77.0 Vuestro cáliz purpurino,

247.0 1684.0 476.0 75.0 Us henchís de olor divino,

245.0 1728.0 461.0 90.0 Cual cogidas de un edén.

532.0 1778.0 31.0 66.0 II.

287.0 1800.0 507.0 86.0 Mezclo, alegre, mis suspiros

250.0 1862.0 502.0 72.0 Al ambar de vuestras hojas,

254.0 1908.0 353.0 70.0 Y decidla los recoja

247.0 1952.0 474.0 70.0 Por ofrenda de mi amor :

291.0 2002.0 450.0 59.0 La direis que su acogida

254.0 2037.0 482.0 74.0 Van buscando mis amores,

245.0 2081.0 498.0 74.0 Cual vosotras, tiernas flores,

258.0 2129.0 362.0 81.0 Al rocío bienhechor.

1346.0 1386.0 64.0 64.0 III.

1123.0 1426.0 478.0 68.0 Sed intérpretes del alma :

1083.0 1478.0 592.0 62.0 Cumplid bien vuestro mensage.

1087.0 1520.0 472.0 74.0 Y en balsámico lenguage,

1083.0 1566.0 406.0 66.0 Retratadla mi pasion :

1125.0 1610.0 408.0 63.0 Su benéfica respuesta

1087.0 1649.0 419.0 75.0 Repetidme dulcemente,

1085.0 1697.0 533.0 95.0 Que con ella suave ambiente

1085.0 1746.0 345.0 68.0 Gozará mi corazon.

1348.0 1789.0 62.0 60.0 IV.

1125.0 1807.0 491.0 90.0 Disfrutad, virgineas flores.

1083.0 1870.0 373.0 71.0 De Belisa la ternura,

1090.0 1916.0 528.0 75.0 Y en union de su hermosura

1085.0 1969.0 439.0 59.0 Sereis reinas del vergel.

1131.0 2006.0 489.0 64.0 Mas pensad con el mensaje

1085.0 2046.0 544.0 68.0 Que os dictó la voz del alma...

1085.0 2098.0 590.0 62.0 Pues depende de él mi calma....

1085.0 2144.0 384.0 66.0 Si lo admite seré fiel.

1289.0 2182.0 301.0 107.0 (ES PROPIEDAD).

355.0 2289.0 1213.0 99.0 Se hallará en casa Antonio Bosch, calle baja de San Pedro, núm. 71.

603.0 2366.0 734.0 107.0 Barcelona. — Imp. de Ignacio Estivill, Asalto, 65. —1858.
