1753 2480
305.0 128.0 228.0 64.0 JARDINERA.

128.0 208.0 479.0 77.0 Jardinera soy, señores,

84.0 268.0 521.0 73.0 de los campos de Alcalá,

86.0 314.0 519.0 68.0 y las flores que yo vendo

84.0 369.0 523.0 65.0 nadie las quiere comprar.

134.0 413.0 446.0 68.0 Doy la rosa nacarada,

86.0 456.0 490.0 71.0 doy el lirio y el azahar.

86.0 510.0 567.0 74.0 mas no aprecian los zagales

90.0 562.0 383.0 82.0 flores de tal caliá.

363.0 653.0 124.0 93.0 CORO.

140.0 731.0 525.0 81.0 A la flor de tu hermosura

93.0 803.0 430.0 69.0 otra alguna igualará,

101.0 847.0 486.0 66.0 y tal vez te se marchite

101.0 899.0 453.0 80.0 de tus ojos al brillar.

322.0 973.0 232.0 91.0 JARDINERA.

138.0 1047.0 637.0 110.0 Flores vendo en que sus perlas

99.0 1138.0 519.0 62.0 viene el alba á derramar,

101.0 1175.0 649.0 79.0 y aunque las ven tan hermosas

99.0 1233.0 539.0 62.0 nadie las quiere comprar.

144.0 1283.0 443.0 60.0 Doy la rosa nacarada,

101.0 1320.0 492.0 72.0 doy el lirio y el azahar,

99.0 1376.0 576.0 70.0 mas no aprecian los zagales

103.0 1417.0 380.0 83.0 flores de tal caliá.

146.0 1494.0 544.0 93.0 Muchachos, si conociérais

103.0 1560.0 395.0 68.0 el mérito singular,

107.0 1614.0 527.0 70.0 y fragancias de mis flores,

111.0 1669.0 422.0 60.0 las sabríais apreciar.

155.0 1709.0 448.0 68.0 Doy la rosa nacarada,

109.0 1756.0 490.0 70.0 doy el lirio y el azahar,

109.0 1795.0 558.0 91.0 mas no aprecian los zagales

111.0 1855.0 385.0 75.0 flores de tal caliá.

159.0 1919.0 516.0 91.0 Mis flores son esquisitas

117.0 2006.0 432.0 60.0 y aromáticas sin par,

117.0 2043.0 569.0 100.0 y sirven por mucho tiempo

777.0 117.0 434.0 66.0 si se las sabe cuidar.

828.0 165.0 451.0 62.0 Doy la rosa nacarada.

781.0 212.0 492.0 73.0 doy el lirio y el azahar,

783.0 272.0 568.0 60.0 mas no aprecian los zagales

783.0 318.0 380.0 74.0 flores de tal caliá.

828.0 386.0 548.0 93.0 Son del vergel de Cupido

789.0 460.0 457.0 69.0 y bien puedo asegurar

787.0 508.0 581.0 62.0 que el que perciba su aroma

785.0 558.0 457.0 68.0 se llegará á electrizar.

839.0 601.0 453.0 72.0 Doy la rosa nacarada,

789.0 651.0 486.0 66.0 doy el lirio y el azahar,

791.0 700.0 581.0 75.0 mas no aprecian los zagales

791.0 744.0 385.0 78.0 flores de tal caliá.

841.0 822.0 515.0 85.0 Entre mis flores hay una

789.0 892.0 492.0 58.0 tan lozana, tan marcial,

793.0 944.0 505.0 60.0 que por su corola y cáliz

791.0 983.0 447.0 66.0 es hermosa sin igual.

843.0 1037.0 449.0 64.0 Doy la rosa nacarada,

808.0 1085.0 467.0 70.0 doy el lirio y el azahar,

802.0 1120.0 558.0 89.0 mas no aprecian los zagales

810.0 1182.0 372.0 84.0 flores de tal caliá.

845.0 1254.0 506.0 89.0 Es por Vénus cultivada,

800.0 1320.0 436.0 72.0 Cupido regó el rosal,

802.0 1374.0 545.0 68.0 y el galan que la compráre

802.0 1426.0 496.0 62.0 será un dichoso mortal.

851.0 1467.0 447.0 70.0 Doy la rosa nacarada,

804.0 1512.0 481.0 69.0 doy el lirio y el azahar,

806.0 1552.0 574.0 78.0 mas no aprecian los zagales

806.0 1614.0 382.0 78.0 flores de tal caliá.

859.0 1688.0 511.0 81.0 El que mi flor predilecta

818.0 1758.0 562.0 62.0 pretenda y quiera alcanzar,

816.0 1808.0 583.0 66.0 por buen comprador que sea

816.0 1851.0 502.0 64.0 cara me la ha de pagar.

864.0 1907.0 436.0 62.0 Doy la rosa nacarada,

818.0 1944.0 471.0 68.0 doy el lirio y el azahar,

824.0 1998.0 563.0 68.0 mas no aprecian los zagales

820.0 2043.0 366.0 102.0 flores de tal caliá.
