1753 2480
473.0 115.0 672.0 102.0 COPLAS DIRIGIDAS AL TIO PININI,

283.0 204.0 1079.0 108.0 PARIENTE DEL TIO CANIYITAS.

188.0 413.0 475.0 76.0 Dicen que el tio Pinini

144.0 465.0 496.0 78.0 primo del tal Caniyitas ,

144.0 518.0 523.0 68.0 es viegísimo, y se muere

148.0 558.0 567.0 86.0 por las muchachas bonitas.

231.0 646.0 502.0 87.0 ESTREVILLO PARA TODAS.

192.0 737.0 488.0 89.0 A la jota del tio Pinini,

144.0 795.0 618.0 83.0 el que se jalea con su tirinini;

146.0 853.0 585.0 66.0 á la jota del viejo pindongo,

146.0 905.0 666.0 91.0 el que se jalea bailando el zorongo

196.0 977.0 583.0 91.0 Dicen que el tal vegestorio

150.0 1049.0 571.0 69.0 cuenta noventa y seis años,

157.0 1101.0 481.0 60.0 y no se le pasa un dia

155.0 1140.0 576.0 77.0 que no vaya á picos pardos.

208.0 1186.0 621.0 74.0 Todas las gembras le gustan.

161.0 1231.0 628.0 83.0 y aunque viejo es tan tronera,

157.0 1291.0 527.0 62.0 que en toda la Andalucía

157.0 1335.0 537.0 68.0 no hay otro mas calavera.

206.0 1384.0 519.0 62.0 Desde sus primeros años

161.0 1428.0 572.0 113.0 buscó siempre los placeres,

841.0 429.0 628.0 62.0 y hoy dia se halla el maldito

841.0 473.0 504.0 64.0 viudo de siete mugeres.

886.0 524.0 503.0 58.0 Sepan ustedes, señores,

841.0 572.0 544.0 66.0 que el tal viejo podrigorio

839.0 609.0 440.0 75.0 las hizo pasar á todas

837.0 657.0 527.0 74.0 las penas del purgatorio.

886.0 717.0 480.0 58.0 Ademas de las esposas

839.0 750.0 515.0 76.0 que tuvo este viejarron ,

841.0 816.0 502.0 64.0 ha tenido mas madamas

841.0 861.0 479.0 60.0 que mugeres Salomon.

893.0 899.0 566.0 74.0 Y aun dicen que tiene una

845.0 956.0 548.0 71.0 que es la maja de Triana,

845.0 998.0 405.0 74.0 y cada dia con ella

845.0 1045.0 529.0 68.0 se va á tomar la mañana.

895.0 1091.0 603.0 72.0 Y aunque este viejo carcoma

849.0 1140.0 486.0 71.0 tiene tantas navidades ,

851.0 1190.0 496.0 68.0 no le gana ningun jóven

841 1248 560 58 á obsequiar á las deidades.

901.0 1291.0 455.0 60.0 Y en fin, el tio Pinini

851.0 1333.0 517.0 70.0 tiene amores á millares,

853.0 1386.0 662.0 87.0 porque siempre le han gustado

851.0 1442.0 469.0 66.0 las niñas con faralares.

599.0 1663.0 509.0 91.0 LA JARDINERA.

665.0 1752.0 376.0 83.0 Cantada en el Teatro.

206.0 1907.0 608.0 89.0 Cantad, cantad, compañeros,

167.0 1961.0 395.0 68.0 que pronto el fusil

169.0 2015.0 356.0 57.0 un lauro glorioso

169.0 2058.0 409.0 62.0 nos va á conseguir.

171.0 2099.0 378.0 68.0 Echemos al diablo

171.0 2147.0 316.0 136.0 pesares sin fin,

855.0 1905.0 505.0 70.0 que siempre el soldado

862.0 1965.0 372.0 64.0 fue alegre y feliz.

864.0 2004.0 399.0 68.0 —Graciosa aldeana,

866.0 2056.0 423.0 66.0 —Mil gracias y mil.

868.0 2095.0 579.0 72.0 —¿Quién eres? ¿quién eres?

864.0 2149.0 357.0 111.0 —Lo voy á decir.
