1908 2664
137 113 409 70 esteril, y no paría.

140 161 606 80 Y un dia que la inclemencia

137 217 533 65 de su inadvertido esposo

137 261 603 88 la ultrajó en grande manera

136 321 538 66 sobre lo dicho aquel dia,

134 368 644 73 en un tierno llanto embuelta,

134 412 662 89 se fue à un Sagrado Convento,

133 467 561 77 que de San Francisco era,

131 518 511 66 donde con divino culto

131 565 518 68 à San Antonio veneran.

128 611 613 77 Entró en su heroyca Capilla

125 664 518 65 inundandole con perlas,

124 711 568 63 y à San Antonio de Padua

124 762 511 68 le dixo de esta manera:

122 809 471 73 Santo de mi corazon,

119 859 553 80 amada, y querida prenda,

118 908 465 71 consuelo del afligido,

118 957 596 83 remedio del que te empeña,

116 1009 532 72 bien sabes amado Santo,

111 1058 661 80 la afliccion que à mi me cerca,

115 1110 531 62 y tambien sabes la causa

111 1160 587 68 por que la paz se atropella;

109 1215 582 65 pidote que pues que tienes

109 1256 591 73 el poder de Cielo, y Tierra

109 1309 560 67 en tu mano, le supliques,

108 1357 583 71 que sucession me conceda,

105 1407 543 67 à ver si mi amado esposo

102 1445 701 92 templa en amor su impaciencia.

99 1502 454 71 Levantóse la señora,

100 1549 589 83 y humilda en su casa entra,

99 1602 500 77 y al cabo de pocos dias

94 1650 464 72 reconoció de que era

93 1703 465 64 su suplica concedida,

94 1752 591 66 y à su esposo le dió cuenta,

93 1799 533 64 el qual con sobrado zelo

88 1844 638 77 la abrazó, y al punto intenta,

94 1898 644 73 que à San Antonio de Padua

88 1949 538 75 se le celebra una Fiesta.

85 1999 532 73 Llegó el dia de su parto,

94 2046 650 79 y en vez de un niño, pariera

84 2098 500 73 al un pedazo de carne,

85 2147 637 111 sin manos, pies, ni cabeza;

870 122 435 73 al incredulo marido

873 173 469 75 le pesó de todas veras

874 223 631 86 las honras que hizo al Santo;

873 279 499 71 pero la señora intenta,

871 333 575 68 que aquel pedazo de carne

871 374 592 78 en un lienzo se embolviera,

873 426 555 63 y sobre el Altar del Santo

870 475 561 74 luego al punto se pusiera,

864 522 548 71 lo qual un pequeño Page

862 571 579 72 al mismo santo lo entrega:

862 624 566 73 Despues mandó la señora,

861 671 517 73 que una Missa se dixera

860 716 640 92 en gloria, y honra del Santo,

862 775 527 68 y al punto se le celebra;

860 819 572 77 y à el levantar de la Hostia

857 874 593 71 oyeron que con voz tierna,

854 925 587 66 entre los ambueltos lienzos

852 967 552 79 un Niño tierno se quexa:

848 1018 456 65 acudió toda la gente,

852 1074 475 65 y desembuelta la tela,

848 1112 573 80 se hallaron con un infante

846 1172 455 69 de peregrina belleza,

843 1219 508 67 todo parecido al Santo,

843 1274 607 74 y à su madre se lo entregan,

842 1315 516 73 la qual recibió tal gozo,

840 1369 583 74 que à compararse no llega,

840 1423 521 57 y al instante de la cama

833 1463 573 76 se levantó sana, y buena;

833 1514 585 72 tambien su querido esposo

833 1561 551 71 su incredulidad destierra,

830 1611 559 73 pidiendo perdon al Santo,

833 1662 548 74 y haciendole ricas fiestas,

828 1712 557 78 siendo tambien su devoto

824 1762 493 70 como su esposa lo era.

823 1804 568 80 Otra vez estando el Santo

824 1861 571 76 en Padua segun se cuenta,

815 1910 531 73 le reveló el mismo Dios,

815 1961 524 74 que su mismo Padre era

815 2018 420 52 acusado falsamente

815 2057 635 81 por una muerte, y que cerca

814 2107 482 73 estaba para la muerte,

792 2146 622 125 y fué de horca la sentencia.

1379 2236 79 63 Pi-
