1956 2622
437 222 570 59 Pidió el Santo al Guardian

432 250 548 77 por solo un rato licencia,

432 295 500 77 y desde Padua à Lisboa

427 343 521 82 fue llevado con presteza

425 394 563 86 por un Angel, y à la casa

422 439 523 88 del que Governador era,

424 493 612 85 fue, y le dixo estas razones:

418 538 619 92 Señor, por las llagas mesmas

413 589 546 85 de Jesu-Christo, te digo,

412 639 582 86 que suspendas la sentencia

411 687 644 90 de este hombre, que inocente

411 742 520 81 está de la muerte hecha.

406 785 496 81 El Governador le dixo,

402 839 624 84 que el consejo assi lo ordena,

405 892 607 86 y no puede en ningun modo

403 943 532 76 contradecir la sentencia.

400 984 416 77 El Santo le suplicó

399 1031 590 96 lo siguiesse hasta la Iglesia,

396 1086 530 79 y llegandose al sepulcro,

394 1140 534 77 mandó, que de el saliera

394 1187 525 73 el difunto, y al instante

393 1232 566 86 salió con gran reverencia:

390 1284 464 77 el Santo le preguntó,

389 1331 510 81 si en algo complice era

390 1388 588 73 en su muerte el desdichado

389 1428 642 91 hombre, que ajusticiar llevan.

383 1484 409 68 El resucitado dixo,

381 1530 671 92 que no, y al punto en la tierra

380 1580 495 80 del Sepulcro se bolvió;

378 1630 613 84 y el Santo, sin que supieran

377 1682 493 70 quien era, desaparece,

377 1726 590 84 y fue à Padua con presteza,

373 1778 597 82 bolviendo à tener de nuevo

370 1833 591 98 como antes con frequencia

1170 240 498 73 à su Predicacion santa,

1167 272 646 100 que fué à la postrer Quaresma

1163 332 616 90 que vivió, y quedó tan debil

1158 377 560 86 de las muchas penitencias,

1158 432 553 80 que le obligó à aparejarse

1157 479 514 81 para gozar de la Esfera,

1152 524 490 77 retirandose à un lugar

1154 573 581 85 con dos que consigo lleva,

1152 621 506 85 yermo ya muy solitario

1148 674 593 90 proprio para lo que intenta,

1145 729 541 75 y en el instantaneamente

1136 772 557 84 le sobrevino (que pena!)

1141 818 489 82 una grave enfermedad,

1141 869 570 83 que le obligó con presteza

1135 926 514 68 recibir los Sacramentos

1135 964 614 89 de nuestra Madre la Iglesia:

1135 1024 573 67 y antes del transito estuvo

1129 1070 608 86 la Imagen de Christo puesta

1132 1117 566 80 a su vista, y conversando

1128 1169 597 92 con su Magestad le entrega

1128 1213 459 79 el Alma à su Criador,

1128 1261 532 87 y al Reyno suyo la lleva,

1128 1316 479 79 para que sea à su vista

1123 1363 558 82 amada, y querida prenda.

1125 1410 596 84 Ya murió aqui San Antonio

1110 1456 627 89 de Padua, luciente Estrella;

1100 1510 644 83 pero aunque murió no olvida

1112 1565 558 70 al que del fino se acuerda.

1109 1608 571 84 Roguemosle muy devotos,

1106 1664 575 75 que con su Niño interceda

1104 1708 572 85 nos dé gracia en esta vida,

1103 1758 554 81 para gozarle en la eterna.

1104 1804 480 83 Y Pedro Portillo dice,

1100 1857 580 102 que abierta la plana queda.

915 1988 331 118 FIN.

443 2179 1249 102 Barcelona: Por los Herederos de JUAN JOLIS Impressor,

746 2235 664 101 en la calle de los Algodoneros.
