<?xml version="1.0" encoding="UTF-8"?>
<alto xmlns:xsi="http://www.w3.org/2001/XMLSchema-instance"
      xmlns="http://www.loc.gov/standards/alto/ns-v4#"
      xsi:schemaLocation="http://www.loc.gov/standards/alto/ns-v4# http://www.loc.gov/standards/alto/v4/alto-4-2.xsd">
  <Description>
    <MeasurementUnit>pixel</MeasurementUnit>
    <sourceImageInformation>
      <fileName>BCN_007_4.jpg</fileName>
      
    </sourceImageInformation>
  </Description>
  
  <Tags>
    <OtherTag ID="BT221" LABEL="CustomZone:impresorNum" DESCRIPTION="block type CustomZone:impresorNum"/><OtherTag ID="BT222" LABEL="CustomZone:numero_pliego" DESCRIPTION="block type CustomZone:numero_pliego"/><OtherTag ID="BT223" LABEL="CustomZone:title" DESCRIPTION="block type CustomZone:title"/><OtherTag ID="BT224" LABEL="GraphicZone:illustration" DESCRIPTION="block type GraphicZone:illustration"/><OtherTag ID="BT225" LABEL="GraphicZone:ornamentation" DESCRIPTION="block type GraphicZone:ornamentation"/><OtherTag ID="BT226" LABEL="MainZone" DESCRIPTION="block type MainZone"/><OtherTag ID="BT227" LABEL="MainZone:columns" DESCRIPTION="block type MainZone:columns"/><OtherTag ID="BT228" LABEL="MarginTextZone:colophon" DESCRIPTION="block type MarginTextZone:colophon"/><OtherTag ID="BT229" LABEL="MarginTextZone:note" DESCRIPTION="block type MarginTextZone:note"/><OtherTag ID="BT230" LABEL="MusicZone" DESCRIPTION="block type MusicZone"/><OtherTag ID="BT231" LABEL="NumberingZone:page" DESCRIPTION="block type NumberingZone:page"/><OtherTag ID="BT232" LABEL="QuireMarksZone:catchwords" DESCRIPTION="block type QuireMarksZone:catchwords"/><OtherTag ID="BT233" LABEL="QuireMarksZone:signature" DESCRIPTION="block type QuireMarksZone:signature"/><OtherTag ID="BT234" LABEL="RunningTitleZone" DESCRIPTION="block type RunningTitleZone"/>
    <OtherTag ID="LT81" LABEL="CustomLine:propriedad" DESCRIPTION="line type CustomLine:propriedad"/><OtherTag ID="LT82" LABEL="CustomLine:trailer" DESCRIPTION="line type CustomLine:trailer"/><OtherTag ID="LT83" LABEL="DefaultLine" DESCRIPTION="line type DefaultLine"/><OtherTag ID="LT84" LABEL="HeadingLine" DESCRIPTION="line type HeadingLine"/>
  </Tags>
  
  <Layout>
    <Page WIDTH="1946"
          HEIGHT="2616"
          PHYSICAL_IMG_NR="27"
          ID="eSc_dummypage_">
      <PrintSpace HPOS="0"
                  VPOS="0"
                  WIDTH="1946"
                  HEIGHT="2616">
        
        <TextBlock HPOS="265"
                   VPOS="100"
                   WIDTH="764"
                   HEIGHT="1707"
                   ID="block_0"
                   TAGREFS="BT227">
          <Shape><Polygon POINTS="963 128 1029 1023 957 1807 265 1807 265 100"/></Shape>
          
          
          <TextLine ID="line_0"
                    TAGREFS="LT83"
                    BASELINE="367 162 922 178" 
                    HPOS="366"
                    VPOS="106"
                    WIDTH="556"
                    HEIGHT="94">
            <Shape><Polygon POINTS="367 162 366 181 919 200 922 178 920 127 775 130 762 123 750 116 749 116 747 116 746 116 744 116 743 116 734 123 725 129 683 129 676 122 664 111 663 111 661 111 621 110 619 110 618 110 616 110 602 120 594 126 571 126 558 119 532 109 530 109 529 109 490 114 471 106 469 106 468 106 466 106 437 117 431 119 421 117 385 109 383 109 382 109 367 113 367 162"/></Shape>
	    <String CONTENT="llamó al referido hombre,"
                    HPOS="366"
                    VPOS="106"
                    WIDTH="556"
                    HEIGHT="94"></String>
          </TextLine>

          
          
          <TextLine ID="line_1"
                    TAGREFS="LT83"
                    BASELINE="366 212 954 232" 
                    HPOS="365"
                    VPOS="178"
                    WIDTH="589"
                    HEIGHT="77">
            <Shape><Polygon POINTS="366 212 365 229 376 236 378 236 379 236 381 236 478 232 491 232 562 233 567 236 577 244 578 244 580 244 737 245 906 245 951 255 954 232 954 199 744 184 743 184 641 187 625 187 618 187 578 178 366 178 366 212"/></Shape>
	    <String CONTENT="que lo havia estado viendo,"
                    HPOS="365"
                    VPOS="178"
                    WIDTH="589"
                    HEIGHT="77"></String>
          </TextLine>

          
          
          <TextLine ID="line_2"
                    TAGREFS="LT83"
                    BASELINE="373 265 861 277" 
                    HPOS="372"
                    VPOS="226"
                    WIDTH="489"
                    HEIGHT="70">
            <Shape><Polygon POINTS="373 265 372 286 858 296 861 277 861 244 788 244 782 241 766 232 765 232 763 232 708 238 677 241 596 239 580 233 555 226 554 226 552 226 373 226 373 265"/></Shape>
	    <String CONTENT="y le pidió que callasse,"
                    HPOS="372"
                    VPOS="226"
                    WIDTH="489"
                    HEIGHT="70"></String>
          </TextLine>

          
          
          <TextLine ID="line_3"
                    TAGREFS="LT83"
                    BASELINE="370 316 696 319 906 328" 
                    HPOS="369"
                    VPOS="276"
                    WIDTH="537"
                    HEIGHT="72">
            <Shape><Polygon POINTS="370 316 369 338 433 329 461 329 471 340 471 341 472 341 474 341 475 341 477 341 513 332 548 342 549 342 551 342 552 342 554 342 570 332 658 344 660 344 661 344 680 335 706 345 708 345 709 345 711 345 733 335 746 347 747 347 749 347 750 347 759 347 818 341 903 348 906 328 906 292 877 283 875 283 874 283 840 290 834 290 728 289 728 287 724 281 722 281 722 280 721 280 719 280 718 280 692 286 686 287 685 286 679 281 679 280 677 280 676 280 674 280 628 284 607 286 603 284 596 277 594 277 593 277 591 277 590 277 568 283 559 284 548 283 514 276 513 276 511 276 498 281 493 283 370 279 370 316"/></Shape>
	    <String CONTENT="y le guardasse el secreto,"
                    HPOS="369"
                    VPOS="276"
                    WIDTH="537"
                    HEIGHT="72"></String>
          </TextLine>

          
          
          <TextLine ID="line_4"
                    TAGREFS="LT83"
                    BASELINE="360 369 568 366 878 374" 
                    HPOS="359"
                    VPOS="322"
                    WIDTH="519"
                    HEIGHT="70">
            <Shape><Polygon POINTS="360 369 359 382 875 392 878 374 878 340 650 335 587 324 586 324 584 324 551 332 523 324 522 324 520 324 475 331 463 322 462 322 461 322 459 322 360 329 360 369"/></Shape>
	    <String CONTENT="y que à nadie se lo diga"
                    HPOS="359"
                    VPOS="322"
                    WIDTH="519"
                    HEIGHT="70"></String>
          </TextLine>

          
          
          <TextLine ID="line_5"
                    TAGREFS="LT83"
                    BASELINE="362 406 955 431" 
                    HPOS="360"
                    VPOS="369"
                    WIDTH="595"
                    HEIGHT="88">
            <Shape><Polygon POINTS="362 406 360 421 578 443 580 443 682 441 804 440 839 451 840 451 842 451 843 451 845 451 846 451 855 446 951 457 955 431 954 388 824 392 815 383 814 383 814 382 813 382 811 382 810 382 802 383 775 389 751 382 743 379 741 379 740 379 738 379 733 380 717 388 693 380 685 377 683 377 682 377 671 379 650 385 642 379 638 376 638 374 637 374 635 374 634 374 632 374 623 377 613 383 607 377 603 374 603 373 602 373 600 373 599 373 571 376 545 380 539 376 535 372 535 370 533 370 532 370 530 370 529 370 527 370 520 374 513 379 504 374 491 369 490 369 488 369 487 369 474 374 468 376 362 372 362 406"/></Shape>
	    <String CONTENT="mientras viviera en el suelo."
                    HPOS="360"
                    VPOS="369"
                    WIDTH="595"
                    HEIGHT="88"></String>
          </TextLine>

          
          
          <TextLine ID="line_6"
                    TAGREFS="LT83"
                    BASELINE="359 457 904 475" 
                    HPOS="357"
                    VPOS="417"
                    WIDTH="547"
                    HEIGHT="80">
            <Shape><Polygon POINTS="359 457 357 473 901 497 904 475 904 444 831 434 830 434 829 434 815 438 814 440 814 438 805 431 805 430 804 430 802 430 801 430 734 436 705 437 695 433 677 425 676 425 674 425 673 425 653 431 635 436 479 422 477 422 475 422 474 422 456 430 445 421 443 418 442 418 440 418 359 417 359 457"/></Shape>
	    <String CONTENT="Una vez estando el Santo"
                    HPOS="357"
                    VPOS="417"
                    WIDTH="547"
                    HEIGHT="80"></String>
          </TextLine>

          
          
          <TextLine ID="line_7"
                    TAGREFS="LT83"
                    BASELINE="356 505 682 521 872 521" 
                    HPOS="354"
                    VPOS="465"
                    WIDTH="518"
                    HEIGHT="81">
            <Shape><Polygon POINTS="356 505 354 521 869 546 872 521 871 483 833 491 781 481 779 481 778 481 759 486 690 478 689 478 687 478 686 478 674 485 612 475 610 475 609 475 594 482 522 481 511 470 510 470 509 470 507 470 506 470 487 478 478 470 478 469 477 469 475 469 474 469 407 475 356 465 356 505"/></Shape>
	    <String CONTENT="en los hereticos Reynos"
                    HPOS="354"
                    VPOS="465"
                    WIDTH="518"
                    HEIGHT="81"></String>
          </TextLine>

          
          
          <TextLine ID="line_8"
                    TAGREFS="LT83"
                    BASELINE="353 559 900 571" 
                    HPOS="351"
                    VPOS="518"
                    WIDTH="549"
                    HEIGHT="76">
            <Shape><Polygon POINTS="353 559 351 576 561 588 562 588 605 585 667 581 722 590 738 591 740 591 751 590 802 584 815 592 817 592 818 592 897 594 900 571 900 536 353 518 353 559"/></Shape>
	    <String CONTENT="predicando à los Hereges"
                    HPOS="351"
                    VPOS="518"
                    WIDTH="549"
                    HEIGHT="76"></String>
          </TextLine>

          
          
          <TextLine ID="line_9"
                    TAGREFS="LT83"
                    BASELINE="351 604 887 624" 
                    HPOS="350"
                    VPOS="563"
                    WIDTH="537"
                    HEIGHT="88">
            <Shape><Polygon POINTS="351 604 350 619 427 635 429 635 603 635 731 635 760 643 767 646 769 646 770 646 779 645 810 639 884 651 887 624 887 591 773 578 539 578 507 578 493 575 391 563 389 563 351 569 351 604"/></Shape>
	    <String CONTENT="el Sacrosanto Evangelio,"
                    HPOS="350"
                    VPOS="563"
                    WIDTH="537"
                    HEIGHT="88"></String>
          </TextLine>

          
          
          <TextLine ID="line_10"
                    TAGREFS="LT83"
                    BASELINE="344 655 856 672" 
                    HPOS="343"
                    VPOS="613"
                    WIDTH="513"
                    HEIGHT="81">
            <Shape><Polygon POINTS="344 655 343 674 853 694 856 672 856 640 804 629 802 629 770 635 765 636 757 635 722 624 721 624 719 624 603 626 509 627 344 613 344 655"/></Shape>
	    <String CONTENT="huvo uno muy rebelde,"
                    HPOS="343"
                    VPOS="613"
                    WIDTH="513"
                    HEIGHT="81"></String>
          </TextLine>

          
          
          <TextLine ID="line_11"
                    TAGREFS="LT83"
                    BASELINE="343 706 868 723" 
                    HPOS="341"
                    VPOS="667"
                    WIDTH="527"
                    HEIGHT="80">
            <Shape><Polygon POINTS="343 706 341 722 357 731 359 731 360 731 362 731 385 723 388 723 517 736 519 736 548 731 559 729 578 732 612 739 613 739 645 736 673 733 701 739 718 742 719 742 721 742 722 742 725 741 731 735 740 741 743 744 744 744 746 744 747 744 762 742 794 738 865 747 868 723 868 691 813 680 811 680 770 687 765 687 762 685 740 677 738 677 737 677 650 681 609 683 591 678 564 671 562 671 561 671 523 675 497 678 488 674 477 668 475 668 474 668 446 672 424 675 411 671 401 667 399 667 398 667 397 667 395 667 391 669 383 674 343 668 343 706"/></Shape>
	    <String CONTENT="que llamaban Bonibello,"
                    HPOS="341"
                    VPOS="667"
                    WIDTH="527"
                    HEIGHT="80"></String>
          </TextLine>

          
          
          <TextLine ID="line_12"
                    TAGREFS="LT83"
                    BASELINE="338 754 843 770" 
                    HPOS="337"
                    VPOS="715"
                    WIDTH="506"
                    HEIGHT="79">
            <Shape><Polygon POINTS="338 754 337 773 840 794 843 770 843 738 783 729 782 729 756 733 744 735 743 732 740 729 738 729 738 728 737 728 735 728 734 728 733 728 718 732 709 733 706 731 702 726 701 726 699 726 698 726 674 729 657 732 654 729 653 726 651 726 651 725 650 725 648 725 647 725 632 728 616 731 612 726 606 722 605 722 603 722 602 722 583 725 561 729 519 722 497 719 495 719 477 720 431 725 424 717 423 717 423 716 421 716 420 716 338 715 338 754"/></Shape>
	    <String CONTENT="el qual creer no queria"
                    HPOS="337"
                    VPOS="715"
                    WIDTH="506"
                    HEIGHT="79"></String>
          </TextLine>

          
          
          <TextLine ID="line_13"
                    TAGREFS="LT83"
                    BASELINE="337 803 878 821" 
                    HPOS="335"
                    VPOS="764"
                    WIDTH="543"
                    HEIGHT="81">
            <Shape><Polygon POINTS="337 803 335 821 458 825 472 835 474 835 475 835 477 835 478 835 500 828 514 837 516 837 517 837 519 837 738 837 788 845 789 845 791 845 792 845 801 838 875 838 878 821 878 787 674 783 664 780 610 771 609 771 577 777 571 778 568 777 554 770 552 770 475 767 474 767 404 773 397 773 395 773 379 764 378 764 376 764 337 770 337 803"/></Shape>
	    <String CONTENT="en el Santo Sacramento:"
                    HPOS="335"
                    VPOS="764"
                    WIDTH="543"
                    HEIGHT="81"></String>
          </TextLine>

          
          
          <TextLine ID="line_14"
                    TAGREFS="LT83"
                    BASELINE="333 857 778 869" 
                    HPOS="331"
                    VPOS="816"
                    WIDTH="447"
                    HEIGHT="66">
            <Shape><Polygon POINTS="333 857 331 866 775 882 778 869 778 838 733 826 731 826 730 826 728 826 715 834 711 828 709 828 709 826 708 826 706 826 705 826 629 832 612 832 456 828 450 825 434 818 433 818 431 818 404 824 385 826 375 822 363 816 362 816 360 816 333 819 333 857"/></Shape>
	    <String CONTENT="y sobre esta rebeldia"
                    HPOS="331"
                    VPOS="816"
                    WIDTH="447"
                    HEIGHT="66"></String>
          </TextLine>

          
          
          <TextLine ID="line_15"
                    TAGREFS="LT83"
                    BASELINE="333 903 897 922" 
                    HPOS="331"
                    VPOS="863"
                    WIDTH="566"
                    HEIGHT="86">
            <Shape><Polygon POINTS="333 903 331 925 395 922 427 931 437 934 439 934 440 934 442 934 450 933 478 925 500 934 504 935 506 935 507 935 509 935 513 934 538 927 699 941 702 941 703 941 737 934 760 944 765 946 766 946 767 946 769 946 775 944 802 937 807 943 808 943 808 944 810 944 811 944 894 949 897 922 897 887 775 873 773 873 696 880 689 880 680 880 597 867 596 867 594 867 593 867 578 876 577 876 510 864 509 864 507 864 493 872 461 863 459 863 458 863 333 867 333 903"/></Shape>
	    <String CONTENT="à argumentar se pusieron,"
                    HPOS="331"
                    VPOS="863"
                    WIDTH="566"
                    HEIGHT="86"></String>
          </TextLine>

          
          
          <TextLine ID="line_16"
                    TAGREFS="LT83"
                    BASELINE="331 953 856 969" 
                    HPOS="330"
                    VPOS="917"
                    WIDTH="526"
                    HEIGHT="72">
            <Shape><Polygon POINTS="331 953 330 969 426 981 427 981 462 975 472 973 482 976 507 982 509 982 510 982 511 982 513 982 519 978 520 976 522 978 529 983 530 983 532 983 533 983 610 981 655 979 853 989 856 969 856 935 331 917 331 953"/></Shape>
	    <String CONTENT="al qual el Santo bendito"
                    HPOS="330"
                    VPOS="917"
                    WIDTH="526"
                    HEIGHT="72"></String>
          </TextLine>

          
          
          <TextLine ID="line_17"
                    TAGREFS="LT83"
                    BASELINE="327 1002 1028 1027" 
                    HPOS="325"
                    VPOS="954"
                    WIDTH="703"
                    HEIGHT="111">
            <Shape><Polygon POINTS="327 1002 325 1018 443 1023 458 1028 481 1034 482 1034 484 1034 551 1034 677 1033 687 1042 687 1043 689 1043 690 1043 692 1043 693 1043 714 1039 722 1046 734 1056 735 1056 737 1056 810 1058 811 1058 813 1058 814 1058 823 1052 826 1050 834 1053 859 1060 861 1060 1023 1065 1028 1027 1028 991 1003 975 1002 975 1000 975 973 973 878 970 877 970 875 970 874 970 874 972 862 983 818 983 807 973 805 973 804 973 802 973 801 973 782 982 781 982 775 981 718 970 717 970 715 970 696 978 685 982 645 982 639 975 631 969 631 967 629 967 628 967 626 967 591 973 567 978 546 972 525 965 523 965 522 965 500 969 478 975 462 967 458 966 456 966 455 966 453 966 452 966 450 967 439 973 367 972 354 963 343 954 341 954 340 954 338 954 337 954 327 959 327 1002"/></Shape>
	    <String CONTENT="lo venció en muy breve tiempo:"
                    HPOS="325"
                    VPOS="954"
                    WIDTH="703"
                    HEIGHT="111"></String>
          </TextLine>

          
          
          <TextLine ID="line_18"
                    TAGREFS="LT83"
                    BASELINE="325 1050 730 1063" 
                    HPOS="324"
                    VPOS="1011"
                    WIDTH="406"
                    HEIGHT="77">
            <Shape><Polygon POINTS="325 1050 324 1068 340 1076 341 1076 343 1076 344 1076 367 1069 369 1069 370 1069 429 1079 430 1079 431 1079 450 1074 456 1072 462 1074 477 1081 478 1081 479 1081 539 1078 589 1076 594 1081 597 1084 597 1085 599 1085 600 1085 602 1085 618 1082 638 1079 727 1088 730 1063 730 1030 639 1018 638 1018 600 1026 594 1026 570 1024 414 1011 413 1011 325 1015 325 1050"/></Shape>
	    <String CONTENT="el Herege le pidió,"
                    HPOS="324"
                    VPOS="1011"
                    WIDTH="406"
                    HEIGHT="77"></String>
          </TextLine>

          
          
          <TextLine ID="line_19"
                    TAGREFS="LT83"
                    BASELINE="319 1103 820 1119" 
                    HPOS="318"
                    VPOS="1058"
                    WIDTH="502"
                    HEIGHT="81">
            <Shape><Polygon POINTS="318 1123 682 1127 817 1139 820 1119 818 1071 673 1078 644 1069 642 1069 641 1069 639 1069 638 1069 625 1078 552 1066 551 1066 475 1072 461 1062 459 1062 458 1062 456 1062 415 1071 386 1059 383 1058 382 1058 381 1058 379 1058 378 1058 376 1059 359 1069 321 1058 319 1103 318 1123"/></Shape>
	    <String CONTENT="todo de sobervia lleno,"
                    HPOS="318"
                    VPOS="1058"
                    WIDTH="502"
                    HEIGHT="81"></String>
          </TextLine>

          
          
          <TextLine ID="line_20"
                    TAGREFS="LT83"
                    BASELINE="319 1153 842 1167 903 1174" 
                    HPOS="318"
                    VPOS="1113"
                    WIDTH="585"
                    HEIGHT="80">
            <Shape><Polygon POINTS="319 1153 318 1168 349 1180 350 1180 351 1180 392 1172 405 1169 431 1174 491 1183 493 1183 494 1183 495 1183 504 1177 507 1175 612 1175 634 1183 641 1184 642 1184 644 1184 653 1183 682 1177 900 1193 903 1174 901 1133 849 1123 847 1123 813 1130 810 1130 805 1130 760 1123 759 1123 709 1127 708 1127 699 1120 698 1120 696 1120 695 1120 570 1123 517 1114 516 1114 469 1121 468 1121 466 1121 439 1113 437 1113 436 1113 319 1117 319 1153"/></Shape>
	    <String CONTENT="que le hiciera alli milagros,"
                    HPOS="318"
                    VPOS="1113"
                    WIDTH="585"
                    HEIGHT="80"></String>
          </TextLine>

          
          
          <TextLine ID="line_21"
                    TAGREFS="LT83"
                    BASELINE="321 1203 890 1219" 
                    HPOS="319"
                    VPOS="1167"
                    WIDTH="571"
                    HEIGHT="74">
            <Shape><Polygon POINTS="321 1203 319 1216 417 1228 418 1228 452 1222 458 1222 463 1223 495 1232 497 1232 498 1232 500 1232 501 1232 511 1225 514 1223 517 1225 533 1233 535 1233 536 1233 564 1228 577 1225 589 1229 599 1232 600 1232 602 1232 603 1232 613 1229 625 1226 631 1230 638 1236 639 1236 641 1236 642 1236 673 1232 696 1229 703 1233 709 1238 711 1238 712 1238 887 1241 890 1219 890 1188 810 1187 807 1184 789 1174 788 1174 786 1174 785 1174 724 1181 711 1183 692 1180 625 1169 623 1169 567 1175 535 1178 510 1174 479 1167 321 1167 321 1203"/></Shape>
	    <String CONTENT="y el Santo, de gozo lleno,"
                    HPOS="319"
                    VPOS="1167"
                    WIDTH="571"
                    HEIGHT="74"></String>
          </TextLine>

          
          
          <TextLine ID="line_22"
                    TAGREFS="LT83"
                    BASELINE="317 1249 856 1265" 
                    HPOS="315"
                    VPOS="1212"
                    WIDTH="541"
                    HEIGHT="75">
            <Shape><Polygon POINTS="317 1249 315 1270 660 1286 661 1286 695 1280 696 1280 706 1287 708 1287 709 1287 711 1287 855 1283 856 1265 856 1239 767 1236 756 1225 756 1223 754 1223 753 1223 751 1223 661 1232 660 1232 658 1232 607 1219 606 1219 583 1219 581 1219 580 1219 578 1219 578 1220 568 1229 462 1214 461 1214 405 1220 350 1212 349 1212 347 1212 317 1220 317 1249"/></Shape>
	    <String CONTENT="hizo uno, que quedaron"
                    HPOS="315"
                    VPOS="1212"
                    WIDTH="541"
                    HEIGHT="75"></String>
          </TextLine>

          
          
          <TextLine ID="line_23"
                    TAGREFS="LT83"
                    BASELINE="312 1300 831 1313" 
                    HPOS="311"
                    VPOS="1265"
                    WIDTH="520"
                    HEIGHT="66">
            <Shape><Polygon POINTS="312 1300 311 1321 829 1331 831 1313 831 1278 312 1265 312 1300"/></Shape>
	    <String CONTENT="absortos todos al verlo;"
                    HPOS="311"
                    VPOS="1265"
                    WIDTH="520"
                    HEIGHT="66"></String>
          </TextLine>

          
          
          <TextLine ID="line_24"
                    TAGREFS="LT83"
                    BASELINE="312 1354 885 1367" 
                    HPOS="311"
                    VPOS="1315"
                    WIDTH="574"
                    HEIGHT="71">
            <Shape><Polygon POINTS="312 1354 311 1374 882 1386 885 1367 885 1329 312 1315 312 1354"/></Shape>
	    <String CONTENT="y fue, que este tal Herege"
                    HPOS="311"
                    VPOS="1315"
                    WIDTH="574"
                    HEIGHT="71"></String>
          </TextLine>

          
          
          <TextLine ID="line_25"
                    TAGREFS="LT83"
                    BASELINE="308 1399 765 1409" 
                    HPOS="306"
                    VPOS="1363"
                    WIDTH="459"
                    HEIGHT="71">
            <Shape><Polygon POINTS="308 1399 306 1414 434 1417 437 1418 453 1430 455 1430 456 1430 458 1430 459 1430 487 1419 490 1419 490 1421 500 1428 500 1430 501 1430 503 1430 568 1434 570 1434 763 1428 765 1409 765 1379 740 1369 738 1369 737 1369 735 1369 719 1377 702 1369 701 1369 699 1369 639 1376 629 1376 491 1374 482 1370 465 1363 463 1363 462 1363 308 1363 308 1399"/></Shape>
	    <String CONTENT="tenia para su empleo"
                    HPOS="306"
                    VPOS="1363"
                    WIDTH="459"
                    HEIGHT="71"></String>
          </TextLine>

          
          
          <TextLine ID="line_26"
                    TAGREFS="LT83"
                    BASELINE="308 1450 897 1469" 
                    HPOS="306"
                    VPOS="1403"
                    WIDTH="591"
                    HEIGHT="92">
            <Shape><Polygon POINTS="443 1403 442 1403 440 1403 407 1411 394 1414 308 1411 308 1450 306 1462 410 1467 411 1469 436 1480 437 1480 439 1480 493 1473 503 1472 516 1475 559 1485 561 1485 606 1479 625 1478 722 1485 724 1485 725 1485 743 1478 779 1488 781 1488 782 1488 783 1488 802 1479 814 1491 815 1492 815 1494 817 1494 818 1494 894 1495 897 1469 897 1418 811 1415 810 1415 808 1415 805 1417 792 1424 778 1417 776 1417 775 1417 773 1417 727 1428 635 1427 621 1417 619 1417 618 1417 616 1417 615 1417 613 1417 603 1424 519 1422 503 1412 495 1408 494 1408 493 1408 491 1408 490 1408 478 1412 461 1419 453 1412 445 1405 445 1403 443 1403"/></Shape>
	    <String CONTENT="una Mula, que en tres dias"
                    HPOS="306"
                    VPOS="1403"
                    WIDTH="591"
                    HEIGHT="92"></String>
          </TextLine>

          
          
          <TextLine ID="line_27"
                    TAGREFS="LT83"
                    BASELINE="302 1496 834 1512" 
                    HPOS="301"
                    VPOS="1460"
                    WIDTH="533"
                    HEIGHT="76">
            <Shape><Polygon POINTS="302 1496 301 1511 423 1515 445 1527 446 1527 689 1534 690 1534 725 1527 795 1536 797 1536 833 1527 834 1512 834 1479 810 1472 808 1472 807 1472 805 1472 785 1478 766 1470 765 1470 763 1470 730 1476 727 1476 717 1469 715 1469 714 1469 712 1469 644 1473 622 1473 302 1460 302 1496"/></Shape>
	    <String CONTENT="no la quiso dar sustento."
                    HPOS="301"
                    VPOS="1460"
                    WIDTH="533"
                    HEIGHT="76"></String>
          </TextLine>

          
          
          <TextLine ID="line_28"
                    TAGREFS="LT83"
                    BASELINE="301 1549 914 1566" 
                    HPOS="299"
                    VPOS="1504"
                    WIDTH="615"
                    HEIGHT="87">
            <Shape><Polygon POINTS="301 1549 299 1565 314 1573 315 1573 317 1573 318 1573 383 1566 385 1566 386 1566 437 1578 439 1578 440 1578 466 1571 503 1582 504 1582 506 1582 558 1573 564 1573 577 1575 638 1582 639 1582 641 1582 642 1582 647 1578 654 1573 701 1573 709 1581 718 1588 719 1588 721 1588 722 1588 760 1584 799 1578 820 1587 833 1591 834 1591 836 1591 913 1589 914 1566 913 1518 718 1526 623 1524 618 1515 616 1515 616 1514 615 1514 613 1514 612 1514 610 1514 581 1521 565 1512 564 1512 562 1512 561 1512 559 1512 558 1512 527 1520 414 1518 405 1511 398 1504 397 1504 395 1504 394 1504 301 1508 301 1549"/></Shape>
	    <String CONTENT="El Santo, despues que huvo"
                    HPOS="299"
                    VPOS="1504"
                    WIDTH="615"
                    HEIGHT="87"></String>
          </TextLine>

          
          
          <TextLine ID="line_29"
                    TAGREFS="LT83"
                    BASELINE="299 1597 839 1614" 
                    HPOS="298"
                    VPOS="1560"
                    WIDTH="541"
                    HEIGHT="79">
            <Shape><Polygon POINTS="299 1597 298 1614 340 1614 344 1616 356 1624 357 1624 359 1624 360 1624 362 1624 382 1617 386 1616 391 1617 407 1626 408 1626 410 1626 411 1626 413 1626 413 1624 420 1619 421 1617 471 1617 472 1620 481 1627 482 1627 484 1627 485 1627 487 1627 504 1621 568 1632 570 1632 571 1632 593 1623 625 1632 626 1632 628 1632 629 1632 650 1624 651 1624 653 1624 705 1636 706 1636 747 1627 808 1639 810 1639 811 1639 837 1629 839 1614 839 1579 660 1566 658 1566 622 1572 615 1572 488 1569 487 1568 478 1560 477 1560 475 1560 474 1560 299 1560 299 1597"/></Shape>
	    <String CONTENT="celebrado aquel Mysterio"
                    HPOS="298"
                    VPOS="1560"
                    WIDTH="541"
                    HEIGHT="79"></String>
          </TextLine>

          
          
          <TextLine ID="line_30"
                    TAGREFS="LT83"
                    BASELINE="296 1648 868 1666" 
                    HPOS="295"
                    VPOS="1605"
                    WIDTH="573"
                    HEIGHT="82">
            <Shape><Polygon POINTS="296 1648 295 1665 865 1687 868 1666 868 1635 791 1630 767 1619 766 1619 728 1617 727 1617 725 1617 709 1626 706 1627 702 1626 679 1616 677 1616 676 1616 629 1621 616 1623 610 1621 599 1616 597 1616 596 1616 594 1616 581 1619 561 1624 495 1621 481 1614 468 1608 466 1608 418 1607 417 1607 415 1607 414 1607 414 1608 411 1611 405 1616 394 1610 388 1605 386 1605 385 1605 383 1605 382 1605 369 1608 351 1613 296 1605 296 1648"/></Shape>
	    <String CONTENT="de la Missa, con la Hostia"
                    HPOS="295"
                    VPOS="1605"
                    WIDTH="573"
                    HEIGHT="82"></String>
          </TextLine>

          
          
          <TextLine ID="line_31"
                    TAGREFS="LT83"
                    BASELINE="293 1696 834 1712" 
                    HPOS="292"
                    VPOS="1653"
                    WIDTH="542"
                    HEIGHT="82">
            <Shape><Polygon POINTS="293 1696 292 1709 341 1720 343 1720 442 1716 474 1716 535 1722 638 1730 639 1730 641 1730 653 1726 669 1722 734 1722 831 1735 834 1712 833 1680 664 1664 663 1664 615 1672 613 1672 599 1672 549 1671 536 1661 535 1661 533 1661 532 1661 468 1668 309 1653 308 1653 306 1653 305 1653 293 1659 293 1696"/></Shape>
	    <String CONTENT="del Sacramentado Verbo,"
                    HPOS="292"
                    VPOS="1653"
                    WIDTH="542"
                    HEIGHT="82"></String>
          </TextLine>

          
          
          <TextLine ID="line_32"
                    TAGREFS="LT83"
                    BASELINE="289 1746 840 1765" 
                    HPOS="286"
                    VPOS="1700"
                    WIDTH="554"
                    HEIGHT="121">
            <Shape><Polygon POINTS="286 1809 357 1812 359 1812 360 1812 362 1812 362 1810 363 1810 372 1802 398 1807 399 1807 401 1807 402 1807 411 1800 431 1807 433 1807 434 1807 479 1797 500 1803 501 1803 503 1803 504 1803 532 1790 605 1806 606 1806 660 1794 677 1803 679 1803 680 1803 682 1803 703 1796 717 1806 718 1806 719 1806 721 1806 722 1806 743 1800 756 1813 763 1819 763 1821 765 1821 766 1821 767 1821 769 1821 785 1813 805 1803 814 1813 817 1816 817 1818 818 1818 820 1818 821 1818 823 1818 837 1813 840 1765 840 1730 798 1722 797 1722 795 1722 778 1726 773 1728 765 1726 725 1714 724 1714 722 1714 721 1714 703 1722 698 1725 692 1722 676 1713 674 1713 673 1713 671 1713 655 1720 648 1723 641 1719 635 1714 634 1714 632 1714 631 1714 575 1716 523 1716 520 1712 517 1709 516 1709 516 1707 514 1707 513 1707 511 1707 510 1707 500 1712 490 1716 484 1710 479 1707 479 1706 478 1706 477 1706 475 1706 431 1707 328 1712 292 1700 289 1746 286 1809"/></Shape>
	    <String CONTENT="fue donde estava la Mula,"
                    HPOS="286"
                    VPOS="1700"
                    WIDTH="554"
                    HEIGHT="121"></String>
          </TextLine>

          
        </TextBlock>
        
        <TextBlock HPOS="1026"
                   VPOS="151"
                   WIDTH="758"
                   HEIGHT="1670"
                   ID="block_1"
                   TAGREFS="BT227">
          <Shape><Polygon POINTS="1784 151 1784 1821 1026 1821 1057 151"/></Shape>
          
          
          <TextLine ID="line_35"
                    TAGREFS="LT83"
                    BASELINE="1102 196 1659 206" 
                    HPOS="1100"
                    VPOS="151"
                    WIDTH="559"
                    HEIGHT="77">
            <Shape><Polygon POINTS="1466 151 1451 151 1436 151 1422 151 1407 151 1393 151 1378 151 1365 151 1356 155 1346 161 1339 155 1333 151 1320 151 1310 151 1294 154 1263 159 1258 152 1255 151 1247 151 1243 151 1242 152 1234 159 1205 159 1195 151 1189 151 1175 151 1160 151 1148 151 1144 155 1140 151 1131 151 1116 151 1102 151 1102 196 1100 216 1415 216 1464 219 1583 228 1585 228 1658 219 1659 206 1658 167 1508 165 1499 161 1476 151 1466 151"/></Shape>
	    <String CONTENT="y llegando al sitio mesmo"
                    HPOS="1100"
                    VPOS="151"
                    WIDTH="559"
                    HEIGHT="77"></String>
          </TextLine>

          
          
          <TextLine ID="line_36"
                    TAGREFS="LT83"
                    BASELINE="1102 242 1690 260" 
                    HPOS="1100"
                    VPOS="200"
                    WIDTH="590"
                    HEIGHT="83">
            <Shape><Polygon POINTS="1102 242 1100 257 1153 268 1154 268 1191 261 1194 261 1195 261 1202 268 1202 270 1204 270 1205 270 1207 270 1239 264 1247 263 1342 264 1349 268 1361 274 1362 274 1364 274 1365 274 1377 270 1383 267 1391 270 1404 276 1406 276 1407 276 1441 273 1471 270 1480 274 1483 277 1484 277 1486 277 1687 283 1690 260 1688 216 1596 223 1580 215 1580 213 1579 213 1578 213 1576 213 1575 213 1572 215 1546 222 1518 213 1516 213 1515 213 1514 213 1508 213 1460 219 1450 213 1447 210 1445 210 1444 210 1442 210 1394 212 1351 213 1345 212 1332 206 1330 206 1329 206 1327 206 1326 206 1319 210 1316 213 1308 210 1290 204 1288 204 1287 204 1285 204 1272 210 1268 212 1157 212 1153 209 1140 200 1138 200 1137 200 1135 200 1102 207 1102 242"/></Shape>
	    <String CONTENT="donde estava aqueste bruto,"
                    HPOS="1100"
                    VPOS="200"
                    WIDTH="590"
                    HEIGHT="83"></String>
          </TextLine>

          
          
          <TextLine ID="line_37"
                    TAGREFS="LT83"
                    BASELINE="1099 293 1572 303" 
                    HPOS="1098"
                    VPOS="254"
                    WIDTH="474"
                    HEIGHT="68">
            <Shape><Polygon POINTS="1099 293 1098 305 1207 316 1208 316 1288 311 1300 311 1303 311 1322 319 1323 319 1324 319 1326 319 1354 312 1358 312 1368 313 1436 322 1438 322 1570 318 1572 303 1570 267 1099 254 1099 293"/></Shape>
	    <String CONTENT="le dixo lo que refiero:"
                    HPOS="1098"
                    VPOS="254"
                    WIDTH="474"
                    HEIGHT="68"></String>
          </TextLine>

          
          
          <TextLine ID="line_38"
                    TAGREFS="LT83"
                    BASELINE="1096 341 1655 356" 
                    HPOS="1095"
                    VPOS="296"
                    WIDTH="560"
                    HEIGHT="77">
            <Shape><Polygon POINTS="1096 341 1095 357 1652 373 1655 356 1653 324 1621 324 1620 322 1601 308 1599 308 1598 308 1596 308 1514 318 1490 319 1473 315 1458 312 1457 312 1455 312 1436 313 1416 316 1404 312 1377 302 1375 302 1374 302 1372 302 1343 311 1324 315 1311 309 1294 300 1292 300 1291 300 1230 305 1166 311 1151 302 1141 296 1140 296 1138 296 1137 296 1096 299 1096 341"/></Shape>
	    <String CONTENT="En nombre de este Señor,"
                    HPOS="1095"
                    VPOS="296"
                    WIDTH="560"
                    HEIGHT="77"></String>
          </TextLine>

          
          
          <TextLine ID="line_39"
                    TAGREFS="LT83"
                    BASELINE="1095 392 1634 406 1771 420" 
                    HPOS="1093"
                    VPOS="354"
                    WIDTH="678"
                    HEIGHT="84">
            <Shape><Polygon POINTS="1095 392 1093 409 1115 420 1116 420 1118 420 1119 420 1143 412 1160 406 1207 406 1211 414 1212 414 1212 415 1214 415 1215 415 1217 415 1223 415 1301 411 1365 421 1406 428 1407 428 1452 425 1516 421 1531 428 1538 433 1540 433 1541 433 1563 430 1628 421 1647 431 1649 431 1768 438 1771 420 1771 377 1681 363 1679 363 1678 363 1650 373 1647 373 1450 369 1442 366 1397 354 1396 354 1394 354 1095 354 1095 392"/></Shape>
	    <String CONTENT="que en mi indigna mano tengo,"
                    HPOS="1093"
                    VPOS="354"
                    WIDTH="678"
                    HEIGHT="84"></String>
          </TextLine>

          
          
          <TextLine ID="line_40"
                    TAGREFS="LT83"
                    BASELINE="1089 440 1752 463" 
                    HPOS="1087"
                    VPOS="398"
                    WIDTH="665"
                    HEIGHT="91">
            <Shape><Polygon POINTS="1087 456 1105 467 1106 467 1108 467 1109 467 1166 457 1170 457 1176 457 1263 473 1394 475 1396 475 1397 475 1399 475 1404 470 1409 467 1416 472 1434 479 1435 479 1436 479 1463 473 1484 469 1493 476 1495 478 1496 478 1498 478 1499 478 1515 476 1578 472 1749 489 1752 463 1752 433 1582 414 1580 414 1540 421 1528 422 1502 420 1457 412 1455 412 1422 415 1377 418 1329 409 1292 404 1172 402 1154 402 1153 402 1151 402 1128 409 1090 398 1089 440 1087 456"/></Shape>
	    <String CONTENT="que vengas pronto, y le hagas"
                    HPOS="1087"
                    VPOS="398"
                    WIDTH="665"
                    HEIGHT="91"></String>
          </TextLine>

          
          
          <TextLine ID="line_41"
                    TAGREFS="LT83"
                    BASELINE="1089 491 1684 508" 
                    HPOS="1087"
                    VPOS="453"
                    WIDTH="597"
                    HEIGHT="80">
            <Shape><Polygon POINTS="1089 491 1087 507 1162 507 1172 513 1186 520 1188 520 1189 520 1191 520 1207 514 1227 507 1316 508 1327 518 1333 524 1335 524 1336 524 1338 524 1339 524 1354 520 1377 513 1394 521 1402 526 1403 526 1404 526 1406 526 1412 523 1428 514 1463 523 1464 523 1466 523 1521 515 1532 524 1532 526 1534 526 1535 526 1537 526 1569 520 1585 530 1586 531 1588 531 1589 531 1681 533 1684 508 1684 473 1662 466 1660 466 1659 466 1607 472 1599 472 1592 470 1556 463 1554 463 1553 463 1538 469 1534 470 1524 469 1490 462 1489 462 1454 466 1436 467 1431 465 1416 459 1415 459 1413 459 1412 459 1396 463 1386 466 1089 453 1089 491"/></Shape>
	    <String CONTENT="reverencia; y à este tiempo"
                    HPOS="1087"
                    VPOS="453"
                    WIDTH="597"
                    HEIGHT="80"></String>
          </TextLine>

          
          
          <TextLine ID="line_42"
                    TAGREFS="LT83"
                    BASELINE="1090 539 1594 553" 
                    HPOS="1089"
                    VPOS="497"
                    WIDTH="505"
                    HEIGHT="75">
            <Shape><Polygon POINTS="1090 539 1089 552 1140 563 1141 563 1185 556 1189 556 1195 556 1240 566 1242 566 1295 560 1306 560 1591 572 1594 553 1594 518 1489 507 1487 507 1451 513 1444 514 1441 513 1429 505 1428 505 1426 505 1425 505 1423 505 1403 511 1402 513 1400 511 1396 505 1394 505 1394 504 1393 504 1391 504 1390 504 1352 510 1343 511 1332 510 1291 501 1290 501 1288 501 1287 501 1278 508 1276 508 1272 508 1237 499 1236 499 1202 505 1191 507 1176 504 1130 497 1128 497 1090 501 1090 539"/></Shape>
	    <String CONTENT="vino corriendo la Mula,"
                    HPOS="1089"
                    VPOS="497"
                    WIDTH="505"
                    HEIGHT="75"></String>
          </TextLine>

          
          
          <TextLine ID="line_43"
                    TAGREFS="LT83"
                    BASELINE="1089 592 1644 604" 
                    HPOS="1087"
                    VPOS="549"
                    WIDTH="557"
                    HEIGHT="81">
            <Shape><Polygon POINTS="1089 592 1087 613 1095 617 1096 617 1098 617 1099 617 1100 617 1112 611 1124 606 1179 606 1227 614 1252 619 1253 619 1285 617 1351 613 1386 620 1393 622 1394 622 1404 622 1495 613 1521 626 1530 629 1531 629 1532 630 1643 630 1644 604 1643 562 1441 565 1431 559 1423 555 1422 555 1420 555 1419 555 1396 559 1378 563 1374 559 1371 555 1370 555 1370 553 1368 553 1367 553 1291 552 1290 552 1288 552 1263 559 1256 560 1250 559 1230 550 1228 550 1227 550 1226 550 1224 550 1214 558 1214 559 1125 559 1124 558 1111 549 1109 549 1108 549 1106 549 1105 549 1089 556 1089 592"/></Shape>
	    <String CONTENT="y se arrodilló en el suelo:"
                    HPOS="1087"
                    VPOS="549"
                    WIDTH="557"
                    HEIGHT="81"></String>
          </TextLine>

          
          
          <TextLine ID="line_44"
                    TAGREFS="LT83"
                    BASELINE="1084 636 1490 648" 
                    HPOS="1083"
                    VPOS="595"
                    WIDTH="407"
                    HEIGHT="79">
            <Shape><Polygon POINTS="1084 636 1083 652 1210 668 1211 668 1212 668 1214 668 1224 661 1233 669 1234 669 1236 669 1237 669 1338 662 1362 672 1364 672 1365 672 1407 665 1429 674 1431 674 1432 674 1489 664 1490 648 1490 611 1364 603 1362 603 1361 603 1343 608 1338 610 1333 608 1320 601 1319 601 1317 601 1316 601 1304 607 1301 608 1199 607 1198 606 1186 597 1185 597 1183 597 1132 595 1131 595 1084 603 1084 636"/></Shape>
	    <String CONTENT="el Herege la ponia"
                    HPOS="1083"
                    VPOS="595"
                    WIDTH="407"
                    HEIGHT="79"></String>
          </TextLine>

          
          
          <TextLine ID="line_45"
                    TAGREFS="LT83"
                    BASELINE="1082 687 1727 710" 
                    HPOS="1080"
                    VPOS="643"
                    WIDTH="649"
                    HEIGHT="98">
            <Shape><Polygon POINTS="1082 687 1080 701 1119 716 1121 716 1122 716 1124 716 1148 707 1243 722 1244 722 1284 715 1301 712 1308 716 1320 723 1322 723 1323 723 1324 723 1326 723 1338 717 1348 713 1356 719 1370 729 1371 729 1372 729 1374 729 1375 729 1377 729 1377 728 1386 720 1390 717 1412 722 1419 723 1420 723 1422 723 1423 723 1444 716 1514 717 1534 729 1534 731 1535 731 1537 731 1538 731 1540 731 1541 731 1554 720 1569 732 1575 736 1576 736 1578 736 1724 741 1727 710 1729 659 1663 658 1662 658 1660 658 1620 674 1601 658 1599 658 1598 658 1596 658 1548 664 1530 656 1528 656 1527 656 1525 656 1524 656 1516 664 1493 654 1486 651 1484 651 1483 651 1482 651 1480 651 1477 654 1458 668 1418 668 1409 656 1407 656 1407 655 1406 655 1404 655 1403 655 1402 655 1384 662 1365 655 1364 655 1362 655 1247 661 1189 648 1188 648 1163 652 1156 646 1153 643 1151 643 1150 643 1148 643 1082 643 1082 687"/></Shape>
	    <String CONTENT="cebada, y paja, entendiendo,"
                    HPOS="1080"
                    VPOS="643"
                    WIDTH="649"
                    HEIGHT="98"></String>
          </TextLine>

          
          
          <TextLine ID="line_46"
                    TAGREFS="LT83"
                    BASELINE="1080 736 1570 751" 
                    HPOS="1079"
                    VPOS="701"
                    WIDTH="491"
                    HEIGHT="67">
            <Shape><Polygon POINTS="1080 736 1079 757 1567 768 1570 751 1570 719 1080 701 1080 736"/></Shape>
	    <String CONTENT="que con esto el animal"
                    HPOS="1079"
                    VPOS="701"
                    WIDTH="491"
                    HEIGHT="67"></String>
          </TextLine>

          
          
          <TextLine ID="line_47"
                    TAGREFS="LT83"
                    BASELINE="1080 784 1703 806" 
                    HPOS="1079"
                    VPOS="744"
                    WIDTH="624"
                    HEIGHT="84">
            <Shape><Polygon POINTS="1080 784 1079 797 1246 813 1247 813 1329 808 1662 828 1663 828 1701 819 1703 806 1703 764 1586 752 1585 752 1583 752 1567 761 1557 767 1499 768 1486 760 1484 760 1483 760 1482 760 1480 760 1479 760 1458 765 1451 760 1445 754 1445 752 1444 752 1442 752 1441 752 1381 755 1375 748 1374 748 1374 747 1372 747 1371 747 1370 747 1314 757 1291 761 1278 757 1271 754 1269 754 1268 754 1240 755 1208 758 1195 755 1156 744 1154 744 1153 744 1151 744 1132 754 1130 755 1080 754 1080 784"/></Shape>
	    <String CONTENT="se iria, y no hiciera aquello."
                    HPOS="1079"
                    VPOS="744"
                    WIDTH="624"
                    HEIGHT="84"></String>
          </TextLine>

          
          
          <TextLine ID="line_48"
                    TAGREFS="LT83"
                    BASELINE="1082 835 1671 853" 
                    HPOS="1080"
                    VPOS="793"
                    WIDTH="591"
                    HEIGHT="84">
            <Shape><Polygon POINTS="1082 835 1080 847 1132 860 1134 860 1176 851 1186 861 1186 863 1188 863 1189 863 1191 863 1192 863 1194 863 1205 853 1246 861 1247 861 1304 856 1326 869 1327 869 1329 869 1330 869 1370 860 1391 870 1393 870 1394 870 1396 870 1420 858 1423 858 1425 858 1454 870 1455 870 1457 870 1458 870 1474 861 1493 872 1495 872 1496 872 1498 872 1515 863 1515 861 1516 863 1537 874 1538 874 1540 874 1541 874 1578 869 1642 877 1643 877 1644 877 1669 867 1671 853 1671 816 1640 809 1639 809 1637 809 1636 809 1624 815 1621 816 1618 815 1602 809 1601 809 1599 809 1556 812 1537 813 1531 812 1516 805 1515 805 1514 805 1489 809 1476 812 1463 809 1447 803 1445 803 1444 803 1410 806 1378 809 1365 805 1355 800 1354 800 1352 800 1351 800 1340 803 1326 808 1300 802 1285 799 1284 799 1268 800 1230 805 1210 797 1204 796 1202 796 1201 796 1189 797 1153 802 1082 793 1082 835"/></Shape>
	    <String CONTENT="Viendo tan grande prodigio"
                    HPOS="1080"
                    VPOS="793"
                    WIDTH="591"
                    HEIGHT="84"></String>
          </TextLine>

          
          
          <TextLine ID="line_49"
                    TAGREFS="LT83"
                    BASELINE="1074 885 1612 898" 
                    HPOS="1073"
                    VPOS="841"
                    WIDTH="539"
                    HEIGHT="76">
            <Shape><Polygon POINTS="1074 885 1073 901 1610 917 1612 898 1612 867 1547 864 1546 863 1522 851 1521 851 1519 851 1461 858 1444 861 1439 858 1428 848 1426 848 1425 848 1423 848 1422 848 1420 848 1410 857 1406 861 1384 861 1378 856 1374 851 1374 850 1372 850 1371 850 1370 850 1368 850 1352 854 1333 858 1322 853 1307 845 1306 845 1304 845 1274 850 1249 854 1244 848 1242 845 1240 845 1240 844 1239 844 1237 844 1236 844 1234 844 1220 847 1196 854 1189 845 1186 844 1186 842 1185 842 1183 842 1182 842 1180 842 1170 845 1138 853 1074 841 1074 885"/></Shape>
	    <String CONTENT="los Catholicos, le dieron"
                    HPOS="1073"
                    VPOS="841"
                    WIDTH="539"
                    HEIGHT="76"></String>
          </TextLine>

          
          
          <TextLine ID="line_50"
                    TAGREFS="LT83"
                    BASELINE="1073 934 1576 947" 
                    HPOS="1071"
                    VPOS="896"
                    WIDTH="505"
                    HEIGHT="74">
            <Shape><Polygon POINTS="1073 934 1071 949 1272 954 1278 959 1294 966 1295 966 1297 966 1372 963 1396 962 1399 963 1404 969 1406 969 1407 969 1573 970 1576 947 1576 914 1532 914 1531 911 1521 902 1521 901 1519 901 1518 901 1516 901 1473 909 1464 911 1381 909 1375 906 1354 896 1352 896 1073 896 1073 934"/></Shape>
	    <String CONTENT="à Dios infinitas gracias,"
                    HPOS="1071"
                    VPOS="896"
                    WIDTH="505"
                    HEIGHT="74"></String>
          </TextLine>

          
          
          <TextLine ID="line_51"
                    TAGREFS="LT83"
                    BASELINE="1071 986 1573 996" 
                    HPOS="1070"
                    VPOS="949"
                    WIDTH="503"
                    HEIGHT="71">
            <Shape><Polygon POINTS="1071 986 1070 1010 1141 1002 1204 1014 1214 1015 1215 1015 1223 1014 1266 1005 1281 1015 1282 1017 1284 1017 1285 1017 1287 1017 1297 1015 1345 1007 1372 1017 1377 1018 1378 1018 1380 1018 1381 1018 1386 1017 1412 1008 1429 1018 1434 1020 1435 1020 1436 1020 1438 1020 1442 1018 1460 1012 1570 1020 1573 996 1573 963 1071 949 1071 986"/></Shape>
	    <String CONTENT="y los Hereges sobervios"
                    HPOS="1070"
                    VPOS="949"
                    WIDTH="503"
                    HEIGHT="71"></String>
          </TextLine>

          
          
          <TextLine ID="line_52"
                    TAGREFS="LT83"
                    BASELINE="1066 1033 1604 1047" 
                    HPOS="1064"
                    VPOS="992"
                    WIDTH="540"
                    HEIGHT="77">
            <Shape><Polygon POINTS="1066 1033 1064 1049 1076 1056 1077 1056 1079 1056 1080 1056 1160 1050 1164 1050 1223 1050 1226 1053 1237 1060 1239 1060 1240 1060 1242 1060 1298 1056 1316 1055 1320 1056 1333 1063 1335 1063 1336 1063 1338 1063 1358 1058 1368 1056 1380 1059 1399 1065 1400 1065 1402 1065 1420 1060 1435 1058 1442 1062 1448 1066 1450 1066 1451 1066 1452 1066 1454 1066 1467 1063 1480 1059 1490 1063 1499 1068 1500 1068 1502 1068 1519 1065 1544 1060 1554 1066 1557 1069 1559 1069 1560 1069 1562 1069 1602 1068 1604 1047 1602 1017 1474 1001 1473 1001 1439 1008 1420 999 1419 999 1418 999 1416 999 1381 1010 1348 999 1346 999 1345 999 1276 1007 1266 996 1266 995 1265 995 1263 995 1262 995 1260 995 1223 1005 1164 992 1163 992 1066 1001 1066 1033"/></Shape>
	    <String CONTENT="quedaron, al vér el caso,"
                    HPOS="1064"
                    VPOS="992"
                    WIDTH="540"
                    HEIGHT="77"></String>
          </TextLine>

          
          
          <TextLine ID="line_55"
                    TAGREFS="LT83"
                    BASELINE="1061 1081 1672 1103" 
                    HPOS="1060"
                    VPOS="1040"
                    WIDTH="612"
                    HEIGHT="93">
            <Shape><Polygon POINTS="1061 1081 1060 1104 1095 1111 1096 1111 1098 1111 1108 1107 1125 1100 1170 1110 1196 1116 1198 1116 1218 1113 1231 1110 1236 1113 1242 1119 1243 1119 1244 1119 1246 1119 1247 1119 1259 1114 1282 1104 1301 1116 1303 1116 1304 1116 1306 1116 1307 1116 1342 1105 1397 1107 1416 1121 1418 1121 1419 1121 1420 1121 1422 1121 1468 1110 1496 1110 1514 1126 1515 1126 1516 1126 1518 1126 1519 1126 1548 1113 1585 1130 1589 1132 1591 1132 1669 1133 1672 1103 1672 1056 1612 1053 1611 1053 1610 1053 1608 1053 1607 1055 1589 1066 1575 1055 1575 1053 1573 1053 1572 1053 1570 1053 1564 1053 1514 1062 1493 1052 1484 1049 1483 1049 1482 1049 1480 1049 1468 1052 1435 1062 1402 1050 1399 1050 1397 1050 1396 1050 1394 1050 1391 1050 1359 1059 1348 1052 1346 1052 1345 1052 1343 1052 1207 1053 1198 1047 1192 1043 1191 1043 1189 1043 1188 1043 1186 1043 1185 1043 1185 1044 1180 1047 1179 1050 1176 1047 1169 1042 1169 1040 1167 1040 1166 1040 1164 1040 1124 1046 1096 1050 1061 1046 1061 1081"/></Shape>
	    <String CONTENT="confusos, y muy suspensos,"
                    HPOS="1060"
                    VPOS="1040"
                    WIDTH="612"
                    HEIGHT="93"></String>
          </TextLine>

          
          
          <TextLine ID="line_56"
                    TAGREFS="LT83"
                    BASELINE="1061 1133 1569 1143" 
                    HPOS="1060"
                    VPOS="1094"
                    WIDTH="509"
                    HEIGHT="65">
            <Shape><Polygon POINTS="1061 1133 1060 1151 1566 1159 1569 1143 1567 1103 1512 1108 1502 1101 1499 1098 1498 1098 1496 1098 1460 1098 1458 1098 1457 1098 1450 1100 1425 1107 1403 1100 1397 1097 1396 1097 1394 1097 1393 1097 1387 1098 1368 1105 1356 1098 1352 1095 1351 1095 1349 1095 1348 1095 1333 1098 1304 1104 1295 1097 1294 1095 1292 1095 1291 1095 1290 1095 1269 1097 1207 1103 1183 1095 1178 1094 1176 1094 1061 1094 1061 1133"/></Shape>
	    <String CONTENT="y el amo de dicha Mula"
                    HPOS="1060"
                    VPOS="1094"
                    WIDTH="509"
                    HEIGHT="65"></String>
          </TextLine>

          
          
          <TextLine ID="line_57"
                    TAGREFS="LT83"
                    BASELINE="1061 1180 1660 1199" 
                    HPOS="1060"
                    VPOS="1137"
                    WIDTH="600"
                    HEIGHT="92">
            <Shape><Polygon POINTS="1061 1180 1060 1194 1095 1194 1099 1199 1108 1206 1108 1207 1109 1207 1111 1207 1135 1209 1137 1209 1138 1209 1163 1201 1178 1199 1186 1203 1201 1213 1202 1213 1204 1213 1205 1213 1243 1207 1266 1214 1268 1214 1269 1214 1300 1210 1335 1204 1396 1214 1397 1214 1399 1214 1419 1204 1508 1206 1564 1225 1575 1228 1576 1228 1658 1229 1660 1199 1660 1164 1617 1151 1615 1151 1614 1151 1576 1156 1572 1151 1570 1151 1570 1149 1569 1149 1567 1149 1566 1149 1564 1149 1541 1155 1514 1148 1512 1148 1511 1148 1509 1148 1508 1148 1498 1155 1439 1146 1438 1146 1436 1146 1435 1146 1423 1155 1413 1146 1412 1146 1410 1146 1409 1146 1407 1146 1406 1146 1396 1155 1393 1156 1381 1153 1346 1145 1345 1145 1343 1145 1310 1151 1294 1153 1287 1151 1272 1142 1271 1142 1269 1142 1268 1142 1255 1149 1247 1152 1195 1151 1188 1146 1172 1137 1170 1137 1169 1137 1167 1137 1143 1145 1130 1148 1118 1143 1106 1139 1105 1139 1103 1139 1061 1140 1061 1180"/></Shape>
	    <String CONTENT="à la Ley de Dios fué buelto."
                    HPOS="1060"
                    VPOS="1137"
                    WIDTH="600"
                    HEIGHT="92"></String>
          </TextLine>

          
          
          <TextLine ID="line_58"
                    TAGREFS="LT83"
                    BASELINE="1057 1230 1566 1244" 
                    HPOS="1055"
                    VPOS="1188"
                    WIDTH="511"
                    HEIGHT="77">
            <Shape><Polygon POINTS="1057 1230 1055 1246 1563 1265 1566 1244 1566 1212 1490 1199 1489 1199 1359 1201 1285 1203 1057 1188 1057 1230"/></Shape>
	    <String CONTENT="Ea, discreto Auditorio,"
                    HPOS="1055"
                    VPOS="1188"
                    WIDTH="511"
                    HEIGHT="77"></String>
          </TextLine>

          
          
          <TextLine ID="line_59"
                    TAGREFS="LT83"
                    BASELINE="1055 1277 1570 1292" 
                    HPOS="1054"
                    VPOS="1236"
                    WIDTH="516"
                    HEIGHT="79">
            <Shape><Polygon POINTS="1055 1277 1054 1292 1106 1303 1108 1303 1249 1300 1281 1308 1282 1308 1284 1308 1285 1308 1313 1300 1480 1312 1482 1312 1483 1312 1502 1306 1515 1315 1516 1315 1518 1315 1519 1315 1569 1306 1570 1292 1569 1261 1519 1249 1364 1245 1362 1245 1319 1248 1271 1252 1260 1245 1256 1242 1255 1242 1253 1242 1252 1242 1250 1242 1242 1245 1220 1251 1108 1249 1055 1236 1055 1277"/></Shape>
	    <String CONTENT="seamos con mucho zelo"
                    HPOS="1054"
                    VPOS="1236"
                    WIDTH="516"
                    HEIGHT="79"></String>
          </TextLine>

          
          
          <TextLine ID="line_60"
                    TAGREFS="LT83"
                    BASELINE="1052 1329 1570 1339" 
                    HPOS="1051"
                    VPOS="1287"
                    WIDTH="519"
                    HEIGHT="74">
            <Shape><Polygon POINTS="1052 1329 1051 1341 1096 1350 1098 1350 1182 1347 1196 1347 1202 1354 1204 1354 1204 1355 1205 1355 1207 1355 1208 1355 1269 1350 1295 1348 1310 1351 1327 1357 1329 1357 1330 1357 1332 1357 1339 1353 1346 1350 1567 1361 1570 1339 1570 1306 1531 1297 1530 1297 1493 1305 1490 1305 1489 1305 1480 1296 1480 1294 1479 1294 1477 1294 1476 1294 1434 1303 1432 1303 1412 1293 1410 1293 1409 1293 1342 1302 1339 1302 1319 1292 1317 1292 1316 1292 1282 1297 1265 1290 1263 1290 1262 1290 1196 1299 1173 1290 1172 1290 1170 1290 1095 1296 1074 1287 1073 1287 1071 1287 1070 1287 1052 1294 1052 1329"/></Shape>
	    <String CONTENT="devotos de San Antonio"
                    HPOS="1051"
                    VPOS="1287"
                    WIDTH="519"
                    HEIGHT="74"></String>
          </TextLine>

          
          
          <TextLine ID="line_61"
                    TAGREFS="LT83"
                    BASELINE="1047 1376 1660 1393" 
                    HPOS="1045"
                    VPOS="1332"
                    WIDTH="615"
                    HEIGHT="87">
            <Shape><Polygon POINTS="1135 1332 1134 1332 1047 1335 1047 1376 1045 1396 1658 1419 1660 1393 1660 1348 1596 1345 1595 1345 1594 1345 1591 1347 1557 1357 1495 1345 1493 1345 1492 1345 1490 1345 1490 1347 1486 1350 1480 1344 1479 1342 1477 1342 1476 1342 1474 1342 1460 1344 1410 1350 1399 1342 1396 1339 1394 1339 1393 1339 1391 1339 1390 1339 1381 1342 1356 1351 1317 1344 1316 1344 1212 1347 1198 1338 1192 1335 1191 1335 1189 1335 1188 1335 1186 1335 1176 1338 1160 1344 1148 1338 1137 1332 1135 1332"/></Shape>
	    <String CONTENT="de Padua, porque gocemos,"
                    HPOS="1045"
                    VPOS="1332"
                    WIDTH="615"
                    HEIGHT="87"></String>
          </TextLine>

          
          
          <TextLine ID="line_62"
                    TAGREFS="LT83"
                    BASELINE="1044 1427 1659 1443" 
                    HPOS="1042"
                    VPOS="1396"
                    WIDTH="617"
                    HEIGHT="70">
            <Shape><Polygon POINTS="1044 1427 1042 1448 1253 1448 1259 1453 1263 1457 1265 1457 1266 1457 1268 1457 1314 1454 1349 1451 1359 1454 1377 1460 1378 1460 1380 1460 1434 1456 1447 1454 1450 1456 1455 1462 1457 1462 1458 1462 1460 1462 1461 1462 1483 1456 1489 1454 1490 1456 1499 1463 1500 1463 1502 1463 1602 1466 1604 1466 1658 1457 1659 1443 1659 1412 1586 1402 1585 1402 1534 1408 1531 1408 1527 1408 1406 1398 1404 1398 1368 1403 1364 1398 1362 1398 1362 1396 1361 1396 1359 1396 1044 1396 1044 1427"/></Shape>
	    <String CONTENT="por su intercession, auxilios"
                    HPOS="1042"
                    VPOS="1396"
                    WIDTH="617"
                    HEIGHT="70"></String>
          </TextLine>

          
          
          <TextLine ID="line_63"
                    TAGREFS="LT83"
                    BASELINE="1041 1476 1717 1494" 
                    HPOS="1039"
                    VPOS="1435"
                    WIDTH="678"
                    HEIGHT="96">
            <Shape><Polygon POINTS="1041 1476 1039 1501 1082 1495 1118 1507 1124 1508 1125 1508 1127 1508 1128 1508 1130 1508 1131 1507 1144 1496 1208 1496 1274 1502 1291 1514 1292 1514 1294 1514 1295 1514 1297 1514 1322 1501 1374 1517 1383 1520 1384 1520 1386 1520 1396 1518 1461 1505 1479 1514 1480 1514 1482 1514 1521 1508 1541 1524 1546 1528 1547 1528 1548 1528 1714 1531 1717 1494 1716 1448 1655 1447 1653 1447 1652 1447 1612 1459 1534 1448 1532 1448 1531 1448 1499 1456 1367 1451 1359 1444 1359 1443 1358 1443 1356 1443 1355 1443 1354 1443 1326 1450 1307 1441 1306 1441 1304 1441 1303 1441 1288 1441 1202 1446 1194 1440 1189 1435 1188 1435 1186 1435 1185 1435 1183 1435 1167 1440 1141 1446 1041 1438 1041 1476"/></Shape>
	    <String CONTENT="de gracia, y despues el premio"
                    HPOS="1039"
                    VPOS="1435"
                    WIDTH="678"
                    HEIGHT="96"></String>
          </TextLine>

          
          
          <TextLine ID="line_64"
                    TAGREFS="LT83"
                    BASELINE="1039 1526 1540 1539" 
                    HPOS="1038"
                    VPOS="1485"
                    WIDTH="502"
                    HEIGHT="74">
            <Shape><Polygon POINTS="1039 1526 1038 1539 1095 1549 1096 1549 1276 1547 1298 1547 1300 1547 1316 1556 1317 1556 1319 1556 1356 1549 1364 1549 1374 1550 1428 1559 1429 1559 1538 1555 1540 1539 1537 1496 1516 1505 1506 1496 1505 1496 1503 1496 1502 1496 1500 1496 1499 1496 1487 1504 1468 1496 1466 1495 1464 1495 1463 1495 1461 1495 1460 1495 1442 1504 1374 1504 1285 1495 1205 1488 1204 1488 1172 1494 1156 1496 1098 1496 1093 1494 1077 1485 1076 1485 1074 1485 1039 1492 1039 1526"/></Shape>
	    <String CONTENT="de la Gloria: y aqui dá"
                    HPOS="1038"
                    VPOS="1485"
                    WIDTH="502"
                    HEIGHT="74"></String>
          </TextLine>

          
          
          <TextLine ID="line_65"
                    TAGREFS="LT83"
                    BASELINE="1036 1575 1560 1587" 
                    HPOS="1035"
                    VPOS="1536"
                    WIDTH="525"
                    HEIGHT="69">
            <Shape><Polygon POINTS="1036 1575 1035 1589 1271 1595 1272 1597 1297 1605 1298 1605 1300 1605 1559 1604 1560 1587 1559 1544 1482 1550 1415 1543 1390 1540 1388 1540 1375 1541 1349 1547 1301 1541 1262 1537 1260 1537 1259 1537 1247 1541 1237 1544 1228 1541 1217 1536 1215 1536 1214 1536 1036 1539 1036 1575"/></Shape>
	    <String CONTENT="fin al Romance Primero"
                    HPOS="1035"
                    VPOS="1536"
                    WIDTH="525"
                    HEIGHT="69"></String>
          </TextLine>

          
          
          <TextLine ID="line_66"
                    TAGREFS="LT83"
                    BASELINE="1034 1626 1605 1637" 
                    HPOS="1032"
                    VPOS="1584"
                    WIDTH="573"
                    HEIGHT="80">
            <Shape><Polygon POINTS="1034 1626 1032 1640 1319 1658 1470 1659 1471 1659 1479 1658 1506 1652 1532 1661 1540 1662 1541 1662 1543 1664 1604 1664 1605 1637 1605 1605 1582 1595 1580 1595 1579 1595 1540 1604 1537 1604 1378 1603 1339 1595 1306 1591 1275 1589 1274 1589 1272 1589 1271 1589 1268 1592 1260 1598 1240 1591 1224 1587 1223 1587 1034 1584 1034 1626"/></Shape>
	    <String CONTENT="Pedro Portilla, y promete"
                    HPOS="1032"
                    VPOS="1584"
                    WIDTH="573"
                    HEIGHT="80"></String>
          </TextLine>

          
          
          <TextLine ID="line_67"
                    TAGREFS="LT83"
                    BASELINE="1029 1674 1556 1688" 
                    HPOS="1028"
                    VPOS="1633"
                    WIDTH="528"
                    HEIGHT="81">
            <Shape><Polygon POINTS="1029 1674 1028 1688 1063 1701 1064 1701 1066 1701 1067 1701 1068 1701 1082 1691 1084 1691 1132 1704 1134 1704 1135 1704 1236 1700 1288 1697 1307 1703 1324 1709 1326 1709 1327 1709 1348 1704 1374 1700 1431 1709 1458 1713 1460 1713 1461 1713 1463 1713 1463 1712 1464 1710 1474 1703 1499 1703 1505 1710 1506 1710 1506 1712 1508 1712 1509 1712 1553 1714 1556 1688 1556 1655 1528 1645 1527 1645 1525 1645 1329 1649 1326 1649 1322 1649 1112 1633 1111 1633 1109 1633 1108 1633 1095 1642 1063 1633 1061 1633 1060 1633 1058 1633 1029 1640 1029 1674"/></Shape>
	    <String CONTENT="el segundo con empeño,"
                    HPOS="1028"
                    VPOS="1633"
                    WIDTH="528"
                    HEIGHT="81"></String>
          </TextLine>

          
          
          <TextLine ID="line_68"
                    TAGREFS="LT83"
                    BASELINE="1028 1728 1535 1735" 
                    HPOS="1026"
                    VPOS="1682"
                    WIDTH="509"
                    HEIGHT="69">
            <Shape><Polygon POINTS="1026 1748 1532 1751 1535 1735 1535 1701 1502 1690 1500 1690 1499 1690 1498 1690 1480 1698 1479 1700 1460 1698 1372 1688 1371 1688 1330 1693 1300 1697 1292 1691 1285 1687 1284 1687 1282 1687 1253 1687 1252 1687 1250 1687 1249 1687 1246 1690 1237 1697 1224 1690 1215 1685 1214 1685 1212 1685 1211 1685 1210 1685 1205 1688 1195 1696 1166 1688 1164 1688 1163 1688 1162 1688 1131 1696 1102 1685 1099 1684 1098 1684 1096 1684 1095 1684 1092 1684 1063 1694 1029 1682 1028 1728 1026 1748"/></Shape>
	    <String CONTENT="y decir de San Antonio"
                    HPOS="1026"
                    VPOS="1682"
                    WIDTH="509"
                    HEIGHT="69"></String>
          </TextLine>

          
          
          <TextLine ID="line_69"
                    TAGREFS="LT83"
                    BASELINE="1026 1773 1583 1787" 
                    HPOS="1025"
                    VPOS="1735"
                    WIDTH="558"
                    HEIGHT="97">
            <Shape><Polygon POINTS="1026 1773 1025 1797 1127 1800 1141 1815 1141 1816 1143 1816 1144 1816 1146 1816 1167 1815 1176 1822 1176 1823 1178 1823 1179 1823 1180 1823 1256 1816 1303 1828 1304 1828 1306 1828 1307 1828 1335 1815 1381 1829 1383 1829 1384 1829 1386 1829 1415 1818 1434 1831 1435 1831 1436 1831 1498 1832 1499 1832 1500 1832 1538 1813 1582 1813 1583 1787 1583 1759 1531 1745 1530 1745 1528 1745 1458 1755 1447 1745 1447 1744 1445 1744 1444 1744 1442 1744 1364 1748 1356 1742 1356 1741 1355 1741 1354 1741 1352 1741 1351 1741 1327 1752 1310 1739 1308 1739 1307 1739 1306 1739 1304 1739 1282 1751 1244 1751 1237 1741 1236 1741 1236 1739 1234 1739 1233 1739 1231 1739 1230 1739 1204 1749 1153 1749 1151 1749 1131 1735 1130 1735 1128 1735 1127 1735 1035 1745 1026 1773"/></Shape>
	    <String CONTENT="su Muerte, si dá silencio."
                    HPOS="1025"
                    VPOS="1735"
                    WIDTH="558"
                    HEIGHT="97"></String>
          </TextLine>

          
        </TextBlock>
        
        <TextBlock HPOS="820"
                   VPOS="1862"
                   WIDTH="358"
                   HEIGHT="136"
                   ID="block_3"
                   TAGREFS="BT226">
          <Shape><Polygon POINTS="1178 1865 1178 1998 829 1991 820 1862"/></Shape>
          
          
          <TextLine ID="line_70"
                    TAGREFS="LT82"
                    BASELINE="850 1954 1173 1960" 
                    HPOS="849"
                    VPOS="1863"
                    WIDTH="324"
                    HEIGHT="151">
            <Shape><Polygon POINTS="954 1863 939 1863 925 1863 910 1863 895 1863 881 1863 866 1863 852 1863 850 1954 849 2009 923 2007 939 2008 980 2014 981 2014 1032 2005 1064 1999 1082 2004 1122 2014 1124 2014 1125 2014 1127 2014 1172 1999 1173 1960 1173 1879 1015 1877 980 1867 964 1863 962 1863"/></Shape>
	    <String CONTENT="F I N."
                    HPOS="849"
                    VPOS="1863"
                    WIDTH="324"
                    HEIGHT="151"></String>
          </TextLine>

          
        </TextBlock>
        
        <TextBlock HPOS="1537"
                   VPOS="2226"
                   WIDTH="116"
                   HEIGHT="102"
                   ID="block_2"
                   TAGREFS="BT233">
          <Shape><Polygon POINTS="1653 2226 1653 2328 1537 2328 1537 2226"/></Shape>
          
          
          <TextLine ID="line_90"
                    TAGREFS="LT83"
                    BASELINE="1550 2286 1642 2283" 
                    HPOS="1547"
                    VPOS="2241"
                    WIDTH="95"
                    HEIGHT="69">
            <Shape><Polygon POINTS="1550 2310 1642 2302 1642 2283 1637 2241 1547 2242 1550 2286"/></Shape>
	    <String CONTENT="SE-"
                    HPOS="1547"
                    VPOS="2241"
                    WIDTH="95"
                    HEIGHT="69"></String>
          </TextLine>

          
        </TextBlock>
        

        
      </PrintSpace>
    </Page>
  </Layout>
</alto>
