1724 2326
867.0 109.0 147.0 49.0 — 4—

324.0 156.0 1212.0 62.0 mas mirado elante de sus hermanos; pues conoció que estos no po-

323.0 202.0 1213.0 65.0 drian menos de envidiarle y mirarle con malos ojos, como efectiva-

321.0 242.0 272.0 65.0 mente sucedia.

379.0 293.0 1152.0 58.0 El deseo de vengarse del inocente José, era el único pensamiento

315.0 341.0 1213.0 57.0 que dominaba en sus hermanos, y lo satisfacieron del modo siguien-

314.0 386.0 1214.0 59.0 te. Un dia en que estaban apacentando los ganados, envió Jacob á

311.0 430.0 1212.0 54.0 su hijo á que viese lo que estaban haciendo sus hermanos. En cuan-

311.0 480.0 1213.0 49.0 to le vieron ellos se reunieron diciéndose el uno al otro: allí viene el

307.0 522.0 1214.0 56.0 soñador ¡qué magnífica ocasion para vengarnos de él! Matémosle,

308.0 565.0 1210.0 59.0 y arrojando el cadáver á una cisterna ya no nos incomodará más, y

304.0 615.0 1211.0 49.0 así no hay cuidado de que pueda nunca descubrirse nuestra accion.

302.0 656.0 1213.0 58.0 Para quitar toda sospecha á nuestro padre despedazaremos su túnica,

299.0 702.0 1220.0 55.0 la que teñida con sangre de un cordero le haremos creer que una

299.0 744.0 1215.0 61.0 fiera le ha devorado, lo cual demostrará la túnica ensangrentada y

297.0 788.0 269.0 59.0 hecha pedazos.

359.0 834.0 1156.0 58.0 Ruben, el mayor de los hermanos, hizo cuanto le fué posible

294.0 881.0 1220.0 58.0 para que abandonasen tan perversa determinacion, diciéndoles que

292.0 926.0 1221.0 54.0 no matasen á José, que se acordaran que eran hermanos suyos, que

289.0 970.0 1221.0 57.0 tenian su misma sangre; que para vengarse de él bastaba con arro-

286.0 1013.0 1224.0 62.0 jarle á una cisterna de las que allí habia, dejando que el hambre y la

289.0 1062.0 1219.0 54.0 sed le dieran la muerte. Esto les decia con el único objeto de salir

285.0 1110.0 1223.0 55.0 del paso, pues él pensaba sacarle despues y conducirlo á su anciano

286.0 1148.0 132.0 61.0 padre.

345.0 1191.0 1160.0 58.0 Conformáronse todos con el parecer de Ruben y así que llegó á

279.0 1239.0 1224.0 58.0 ellos el inocente José, en vez de corresponder á sus caricias, le co-

276.0 1283.0 1227.0 53.0 gieron entre todos y despues de haberle quitado la túnica, le ataron

279.0 1327.0 1221.0 59.0 una cuerda á la cintura y le bajaron á una cisterna, que estaba sin

277.0 1376.0 725.0 57.0 agua, para que en esta acabara sus dias.

337.0 1417.0 1164.0 53.0 Sentáronse luego cerca de la cisterna, y con toda tranquilidad

275.0 1460.0 1222.0 60.0 pusiéronse á comer; pero como no podia menos de suceder, la con-

277.0 1509.0 1220.0 53.0 versacion recayó sobre la accion inícua que habian cometido. Sin

271.0 1548.0 1226.0 56.0 duda, y es muy natural, José desde el fondo de la cisterna clamaría

272.0 1597.0 1224.0 55.0 á sus hermanos demandando compasion; pues estos fueron ablandán-

272.0 1642.0 1221.0 54.0 dose, y conociendo por fin que era una infamia obrar de tal modo

270.0 1683.0 1222.0 62.0 con un inocente, que á más era su propio hermano, mudaron todos

283.0 1728.0 190.0 52.0 de parecer.

332.0 1767.0 1159.0 57.0 Estando en esto vieron pasar por aquel sitio á unos Ismaelitas

266.0 1814.0 1224.0 61.0 que iban á Egipto á vender sus mercancías, y Judá dijo á sus her-

266.0 1858.0 1225.0 62.0 manos, que era de parecer que más valia que matar á José, venderle

266.0 1902.0 1224.0 57.0 á aquellos mercaderes, los que se lo llevarian á lugares donde no

266.0 1943.0 1224.0 58.0 sabrian más de él. Aprobaron todos tal pensamiento, y sacando de la

266.0 1987.0 1224.0 65.0 cisterna al jóven cautivo lo llevaron á los Ismaelitas para ofrecérselo

264.0 2031.0 1227.0 71.0 en venta. Aceptaron estos, y dando por él veinte dineros, siguieron

266.0 2072.0 442.0 71.0 su camino hácia Egipto.
