1734 2362
758.0 86.0 139.0 43.0 — 9—

270.0 131.0 1163.0 64.0 Respondió «José: el sueño del rey una misma cosa es: lo que ha

206.0 183.0 1223.0 51.0 de hacer Dios, lo ha mostrado á Faraon. Las siete vacas hermosas y

206.0 224.0 1224.0 54.0 las espigas llenas, son siete años de abundancia, y comprende una

203.0 267.0 1225.0 58.0 misma significacion del sueño. Asimismo las siete vacas flacas y este-

203.0 313.0 1225.0 58.0 nuadas que subieron en pos de aquellas, y las siete espigas delgadas

204.0 360.0 1222.0 55.0 y picadas del viento abrasador, son siete años del hambre que ha de

204.0 400.0 1218.0 52.0 venir. Los cuales se cumplirán con este órden: Hé aquí que vendrán

200.0 443.0 1222.0 59.0 siete años de grande fertilidad en toda la tierra de Egipto, á los cuáles

199.0 489.0 1223.0 54.0 sucederán otros siete años de una esterilidad tan grande, que será

198.0 534.0 1223.0 51.0 echada en olvido toda la abundancia pasada; porque el hambre ha

198.0 576.0 1220.0 55.0 de consumir toda la tierra, y la grandeza de la carestía ha de acabar

196.0 620.0 1220.0 54.0 con la grandeza de la abundancia. Y en cuanto al segundo sueño

198.0 671.0 1218.0 49.0 que viste y que pertenece á una misma cosa, es un indicio de firmeza

198.0 709.0 1088.0 57.0 por ser palabra de Dios y de que se cumplirá cuanto antes.»

265.0 754.0 1148.0 53.0 Dicho esto aconsejó al rey que buscara un varon sábio é indus-

196.0 796.0 1216.0 62.0 trioso y que le hiciera gobernador de la tierra de Egipto; le aconsejó

195.0 841.0 1216.0 52.0 que hiciera construir grandes graneros y almacenar en ellos todo el

195.0 883.0 1212.0 56.0 trigo que fuera posible para echar mano de él en los años de hambre,

200.0 926.0 1208.0 62.0 y á la par de estos le dió otros muchos consejos que á todos los sábios

192.0 972.0 1215.0 55.0 llenaban de asombro. Admirado Faraon de tanta sabiduría en un

194.0 1016.0 1214.0 53.0 hombre tan jóven y tan oscuro, creyó que nadie mejor que él podia

191.0 1062.0 1214.0 53.0 ejecutar lo que tambien aconsejaba. Admitió José con toda humildad

186.0 1104.0 1218.0 52.0 la honra que su rey le hacia, y ofrecióle cumplir con toda la sabi-

185.0 1149.0 1218.0 52.0 duría que el Señor le concediera. No se contentó Faraon con agregar

182.0 1192.0 1221.0 58.0 á su honorífico cargo ricos presentes de gran valor, sino que hasta

179.0 1237.0 1226.0 51.0 colocó en su mano su mismo real anillo, y le casó con Aseneth, hija

181.0 1280.0 1219.0 51.0 de uno de los principales pontífices de la ciudad de Heliópolis. Hízole

178.0 1324.0 1219.0 57.0 subir en un carro triunfal, en el que habia un pregonero puesto de

175.0 1369.0 1222.0 56.0 rodillas, y mandó que le pasearan por toda la ciudad para que el

177.0 1411.0 1217.0 54.0 Egipto entero se postrara ante él y le reconociese como su Soberano

175.0 1460.0 1217.0 51.0 Superintendente y que nada debia hacerse sin su órden, pues gozaba

174.0 1499.0 1217.0 58.0 de toda su real privanza.—Segun San Gerónimo el nombre que dió

174.0 1540.0 1040.0 60.0 Faraon á José era sinónimo de SALVADOR DEL MUNDO.

238.0 1586.0 1149.0 52.0 Como todo cuanto hacia José lo hacia tan solo por inspiracion

169.0 1629.0 1217.0 58.0 divina, todo cuanto emprendia le salia á medida de su deseo.—Fa-

168.0 1673.0 1218.0 60.0 raon cada vez más complacido del tino y fidelidad de José, no sabia

168.0 1721.0 581.0 49.0 como remunerarle sus servicios.

240.0 1762.0 1142.0 55.0 Vamos á exponer de paso algunas consideraciones para mientras

166.0 1809.0 1216.0 50.0 dejamos á José haciendo el acopio de granos para los años de cares-

164.0 1851.0 1216.0 51.0 tía.—Ante todo es muy de alabar un jóven de su edad, pues solo

161.0 1892.0 1218.0 54.0 contaba 30 años, en medio de una nacion extranjera idólatra, ha-

160.0 1938.0 1219.0 53.0 ber conservado una inviolable devocion toda su vida, en la religion

161.0 1986.0 1221.0 50.0 de sus santos padres, sin alterar el servicio de su Dios con alguna

161.0 2022.0 1219.0 68.0 mancha de supersticion de los Egipcios. Modesto sin afectacion, se

1067.0 2081.0 25.0 76.0 2
