1778 2345
827.0 173.0 167.0 66.0 — 12—

290.0 237.0 1228.0 60.0 me hablásteis? y dijo despues: Dios tenga misericordia de tí hijo mio.»

294.0 284.0 1224.0 61.0 Pero no pudiendo detener las lágrimas que le salian de gozo y de

294.0 330.0 1227.0 54.0 ternura, se retiró á toda prisa de la vista de sus hermanos. Al cabo de

293.0 376.0 1228.0 60.0 un rato volvió con rostro sereno y mandó á su mayordomo previniese

294.0 426.0 1227.0 54.0 una espléndida comida, porque queria obsequiar á aquellos extran-

291.0 463.0 600.0 64.0 jeros, comiendo en su compañía.

756.0 587.0 306.0 66.0 CAPITULO VII.

295.0 737.0 1227.0 65.0 José manda que escondan su copa en el saco de Benjamin, y les achaca este

332.0 785.0 1189.0 59.0 hurto, queriendo que Benjamin quede por su esclavo. Judá se ofrece que-

332.0 827.0 267.0 58.0 dar en su lugar.

357.0 969.0 1160.0 27.0 Refiere la Sagrada Escritura que una vez concluido el banquete,

294.0 987.0 1228.0 57.0 los hijos de Jacob determinaron marchar á su tierra para sacar de

293.0 1029.0 1232.0 61.0 cuidado á su padre, lo que pusieron en obra al amanecer del dia

295.0 1076.0 1227.0 56.0 siguiente.—No quiso el tesorero recibirles el dinero de la otra vez,

294.0 1116.0 1229.0 64.0 diciéndoles, que él lo habia cobrado y que si lo habian hallado en

297.0 1165.0 757.0 59.0 los costales diesen por ello gracias á Dios.

358.0 1205.0 1168.0 57.0 De órden de José volviéronles á llenar de trigo los costales y en

294.0 1253.0 1232.0 60.0 el de Benjamin por su mandato, se escondió la copa en que bebió

291.0 1296.0 1232.0 64.0 durante la comida. Poco trecho habian andado, cuando vieron llegar

295.0 1337.0 1226.0 64.0 á ellos el mayordomo de palacio, quien les reprendió ásperamente,

293.0 1384.0 1228.0 58.0 de que no obstante el buen acogimiento que les habia hecho su amo,

294.0 1425.0 1229.0 65.0 le hubiesen hurtado la copa que él usaba y en la que solia adivinar.

359.0 1469.0 1164.0 66.0 Escusáronse como mejor pudieron diciéndole que no eran ellos

291.0 1516.0 1234.0 61.0 capaces de semejante accion; y consentian en que el delincuente fuese

293.0 1560.0 1233.0 59.0 castigado con todo rigor. Al momento ordenó el mayordomo regis-

291.0 1602.0 1236.0 66.0 trar todos los costales, y habiéndose encontrado la copa en el de Ben-

294.0 1650.0 1232.0 65.0 jamin, le mandó atar como ladron y llevar á José para que su delito

291.0 1696.0 1235.0 58.0 castigara. Llenos de consternacion los demás hermanos no sabian què

293.0 1733.0 1233.0 66.0 hacer ni qué decir: acompañaron á Benjamin á la presencia de José

297.0 1782.0 1230.0 67.0 y postrándose á sus plantas le suplicaron aceptase sus vidas en cambio

293.0 1821.0 1234.0 69.0 de la libertad de su hermano menor. Viendo que no hacia caso de

294.0 1866.0 1233.0 68.0 sus súplicas llegó al extremo su dolor, y adelantándose udá con

291.0 1911.0 1236.0 69.0 extrema humildad, pidió que le escuchase y le dijo:«Mi señor:

293.0 1956.0 1233.0 75.0 preguntaste la primera vez á tus siervos: ¿Teneis padre ó hermano? y

293.0 2002.0 1237.0 72.0 nosotros respondimos á tí mi señor: Tenemos un padre anciano, y un

291.0 2046.0 1239.0 69.0 hermano pequeño que le nacio en su vejez, cuyo hermano uterino ha

293.0 2089.0 1234.0 68.0 muerto, y á este solo tiene su madre, y su padre le ama tiernamente.

294.0 2131.0 1233.0 82.0 Y dijiste á tus siervos: traédmelo acá, y pondré mis ojos sobre él.
