1724 2339
894.0 126.0 133.0 57.0 — 6—

332.0 191.0 1226.0 63.0 entrególe su señor tan del todo el gobierno de la casa, que ya él mis-

332.0 241.0 1226.0 57.0 mo no sabia lo que tenia, contentándose con que lo supiera José: él

332.0 285.0 1220.0 55.0 que mandando en todos los criados, siendo él esclavo como ellos,

334.0 330.0 1223.0 54.0 consiguió ser querido de todos. Los bienes de Putifar en manos de

331.0 372.0 1221.0 55.0 José cada día iban en aumento. El cielo bendecia al hijo de Jacob; y

332.0 417.0 1221.0 53.0 todo cuanto éste emprendia en beneficio de su señor, el mas próspero

331.0 461.0 516.0 50.0 resultado pagaba sus afanes.

399.0 508.0 1157.0 49.0 Mas como en este mundo nada es duradero, cuando menos podia

330.0 548.0 1227.0 58.0 imaginárselo, una desgracia, pues tal puede llamarse, hizo desapare-

331.0 595.0 1225.0 56.0 cer toda la felicidad de que gozaba, poniendo su virtud en el más

332.0 640.0 587.0 57.0 alto grado de esplendor y gloria.

395.0 686.0 1163.0 49.0 La juventud y hermosura de José, fueron cautivando el corazon

328.0 726.0 1233.0 51.0 de su ama, creciendo el amor hasta el extremo de convertirse en fu-

330.0 774.0 1231.0 53.0 riosa pasion. En vez de combatirla daba ella misma pábulo á su

330.0 814.0 1230.0 56.0 adúltero intento y no perdonaba medio para tentar al incauto José.

330.0 858.0 1230.0 58.0 Mas este con una virtud á toda prueba procuraba y apartaba los ojos

328.0 903.0 1232.0 53.0 de su señora cuando esta fijaba lascivamente en él los suyos. Por más

328.0 948.0 1232.0 59.0 que buscaba ella ocasiones, José las huia, hasta que ya un dia no

331.0 996.0 1227.0 53.0 pudiendo contenerse, siendo su pasion mayor que todo su decoro y

328.0 1036.0 1232.0 60.0 dignidad, espuso sin rebozo y con toda claridad su intento al jóven

328.0 1083.0 249.0 56.0 mayordomo.

395.0 1125.0 1162.0 60.0 Resistióse José, afeándole al mismo tiempo su comportamiento;

330.0 1172.0 1231.0 57.0 pero ni el desprecio, ni las razones, ni el deber de esposa encontraron

330.0 1218.0 1230.0 52.0 eco en ella. Vuestro esposo y mi señor, la decia José, que me compró

331.0 1270.0 1229.0 46.0 por muy poco dinero, satisfecho de mi conducta me ha confiado su

330.0 1313.0 1230.0 50.0 casa y sus intereses todos, y yo seria un infame si no me portara

327.0 1356.0 1233.0 47.0 como él se merece. ¿De qué castigo no sería yo digno si mancillando

327.0 1395.0 1231.0 57.0 su honra, pago los beneficios con agravios? Y aun cuando no me obli-

328.0 1441.0 1233.0 54.0 gara lo que á vuestro esposo debo, aun cuando no me obligara mi

327.0 1486.0 1231.0 49.0 honradez para ofender á un hombre, el ser ofensa de Dios fuera freno

327.0 1529.0 1227.0 61.0 que corrigiera mis desmanes; «¿pues cómo puedo hacer maldad y

330.0 1574.0 409.0 58.0 pecar contra mi Dios?»

392.0 1615.0 1168.0 57.0 Insistia su ama en su lascivo intento, y José en disuadirla; pero

327.0 1663.0 1233.0 50.0 ella ciega y desesperada apeló á la fuerza, y hallándose en una oca-

327.0 1707.0 1231.0 53.0 sion á solas con José, quiso conseguir á la violencia lo que con per-

328.0 1752.0 1230.0 52.0 suasiones no habia conseguido. En apuro tal el casto jóven, no vió

330.0 1797.0 1230.0 57.0 otro camino más que la fuga; pero advirtiéndolo su señora, le agarró

328.0 1841.0 1228.0 58.0 de la capa para detenerle, mas en vano: el virtuoso pudo disasirse y

334.0 1885.0 741.0 57.0 el manto quedó en manos de la adúltera.

401.0 1928.0 1159.0 52.0 Viéndose de tal manera burlada, cambió de repente el amor en

332.0 1971.0 1225.0 62.0 ira, y juró vengarse de quien tan mal habia pagado sus lascivos de-

332.0 2016.0 1229.0 60.0 seos. En cuanto llegó su marido se fué á él y presentándole la capa

332.0 2060.0 1229.0 60.0 de José, valiéndose de mil zalamerías, le contó como el jóven la

334.0 2106.0 1226.0 57.0 habia querido seducir; que no habiendo alcanzado nada con ha-
