<?xml version="1.0" encoding="UTF-8"?>
<alto xmlns:xsi="http://www.w3.org/2001/XMLSchema-instance"
      xmlns="http://www.loc.gov/standards/alto/ns-v4#"
      xsi:schemaLocation="http://www.loc.gov/standards/alto/ns-v4# http://www.loc.gov/standards/alto/v4/alto-4-2.xsd">
  <Description>
    <MeasurementUnit>pixel</MeasurementUnit>
    <sourceImageInformation>
      <fileName>Varios_435_11.jpg</fileName>
      
    </sourceImageInformation>
  </Description>
  
  <Tags>
    <OtherTag ID="BT221" LABEL="CustomZone:impresorNum" DESCRIPTION="block type CustomZone:impresorNum"/><OtherTag ID="BT222" LABEL="CustomZone:numero_pliego" DESCRIPTION="block type CustomZone:numero_pliego"/><OtherTag ID="BT223" LABEL="CustomZone:title" DESCRIPTION="block type CustomZone:title"/><OtherTag ID="BT224" LABEL="GraphicZone:illustration" DESCRIPTION="block type GraphicZone:illustration"/><OtherTag ID="BT225" LABEL="GraphicZone:ornamentation" DESCRIPTION="block type GraphicZone:ornamentation"/><OtherTag ID="BT226" LABEL="MainZone" DESCRIPTION="block type MainZone"/><OtherTag ID="BT227" LABEL="MainZone:columns" DESCRIPTION="block type MainZone:columns"/><OtherTag ID="BT228" LABEL="MarginTextZone:colophon" DESCRIPTION="block type MarginTextZone:colophon"/><OtherTag ID="BT229" LABEL="MarginTextZone:note" DESCRIPTION="block type MarginTextZone:note"/><OtherTag ID="BT230" LABEL="MusicZone" DESCRIPTION="block type MusicZone"/><OtherTag ID="BT231" LABEL="NumberingZone:page" DESCRIPTION="block type NumberingZone:page"/><OtherTag ID="BT232" LABEL="QuireMarksZone:catchwords" DESCRIPTION="block type QuireMarksZone:catchwords"/><OtherTag ID="BT233" LABEL="QuireMarksZone:signature" DESCRIPTION="block type QuireMarksZone:signature"/><OtherTag ID="BT234" LABEL="RunningTitleZone" DESCRIPTION="block type RunningTitleZone"/>
    <OtherTag ID="LT81" LABEL="CustomLine:propriedad" DESCRIPTION="line type CustomLine:propriedad"/><OtherTag ID="LT82" LABEL="CustomLine:trailer" DESCRIPTION="line type CustomLine:trailer"/><OtherTag ID="LT83" LABEL="DefaultLine" DESCRIPTION="line type DefaultLine"/><OtherTag ID="LT84" LABEL="HeadingLine" DESCRIPTION="line type HeadingLine"/>
  </Tags>
  
  <Layout>
    <Page WIDTH="1743"
          HEIGHT="2345"
          PHYSICAL_IMG_NR="208"
          ID="eSc_dummypage_">
      <PrintSpace HPOS="0"
                  VPOS="0"
                  WIDTH="1743"
                  HEIGHT="2345">
        
        <TextBlock HPOS="717.0"
                   VPOS="102.0"
                   WIDTH="256.0"
                   HEIGHT="135.0"
                   ID="block_2"
                   TAGREFS="BT231">
          <Shape><Polygon POINTS="717 102 973 102 973 237 717 237 717 102"/></Shape>
          
          
          <TextLine ID="line_0"
                    TAGREFS="LT83"
                    BASELINE="775 209 932 207" 
                    HPOS="774.0"
                    VPOS="177.0"
                    WIDTH="158.0"
                    HEIGHT="48.0">
            <Shape><Polygon POINTS="775 209 775 225 932 222 932 207 928 184 893 187 890 184 881 178 881 177 879 177 878 177 851 177 849 177 774 187 775 209"/></Shape>
	    <String CONTENT="— 11 —"
                    HPOS="774.0"
                    VPOS="177.0"
                    WIDTH="158.0"
                    HEIGHT="48.0"></String>
          </TextLine>

          
        </TextBlock>
        
        <TextBlock HPOS="175.0"
                   VPOS="248.0"
                   WIDTH="1371.0"
                   HEIGHT="1278.0"
                   ID="block_0"
                   TAGREFS="BT226">
          <Shape><Polygon POINTS="175 248 1546 248 1546 1526 175 1526 175 248"/></Shape>
          
          
          <TextLine ID="line_1"
                    TAGREFS="LT83"
                    BASELINE="229 273 1453 270" 
                    HPOS="228.0"
                    VPOS="248.0"
                    WIDTH="1225.0"
                    HEIGHT="42.0">
            <Shape><Polygon POINTS="1440 248 1427 248 1414 248 1401 248 1388 248 1375 248 1362 248 1349 248 1336 248 1323 248 1310 248 1297 248 1284 248 1271 248 1258 248 1245 248 1231 248 1218 248 1205 248 1192 248 1179 248 1166 248 1153 248 1140 248 1127 248 1114 248 1101 248 1088 248 1075 248 1062 248 1049 248 1036 248 1023 248 1010 248 997 248 984 248 971 248 958 248 945 248 932 248 919 248 906 248 893 248 879 248 866 248 853 248 840 248 827 248 814 248 801 248 788 248 775 248 762 248 749 248 736 248 723 248 710 248 697 248 684 248 671 248 658 248 645 248 632 248 619 248 606 248 593 248 580 248 567 248 554 248 541 248 527 248 514 248 501 248 488 248 475 248 462 248 449 248 436 248 423 248 410 248 397 248 384 248 371 248 358 248 345 248 332 248 319 248 306 248 293 248 280 248 267 248 254 248 241 248 228 248 229 273 229 290 1452 290 1453 270 1450 248 1440 248"/></Shape>
	    <String CONTENT="dinero que por él habian dado se les puso secretamente en los costa-"
                    HPOS="228.0"
                    VPOS="248.0"
                    WIDTH="1225.0"
                    HEIGHT="42.0"></String>
          </TextLine>

          
          
          <TextLine ID="line_2"
                    TAGREFS="LT83"
                    BASELINE="229 317 1453 315" 
                    HPOS="228.0"
                    VPOS="277.0"
                    WIDTH="1225.0"
                    HEIGHT="61.0">
            <Shape><Polygon POINTS="229 317 229 333 282 328 293 333 299 337 301 337 302 337 328 333 372 328 434 333 484 338 486 338 487 338 496 333 505 329 595 333 641 336 642 336 644 336 645 336 647 333 658 328 750 333 806 337 808 337 826 333 863 326 997 333 1063 337 1065 337 1066 337 1079 333 1101 328 1127 333 1139 336 1140 336 1452 333 1453 315 1450 286 1301 286 1301 285 1281 277 1280 277 1221 277 1220 277 1218 277 1200 285 1199 286 1083 286 1082 285 1069 277 1067 277 1066 277 1065 277 922 284 842 277 840 277 839 277 814 284 805 286 793 284 763 278 615 278 614 278 612 278 597 284 590 286 584 284 571 278 569 278 568 278 567 278 554 284 546 286 533 284 507 278 505 278 504 278 483 284 470 286 454 284 427 278 426 278 393 284 372 286 228 284 229 317"/></Shape>
	    <String CONTENT="les por órden de José. Cuando ellos lo advirtieron, estaban ya de-"
                    HPOS="228.0"
                    VPOS="277.0"
                    WIDTH="1225.0"
                    HEIGHT="61.0"></String>
          </TextLine>

          
          
          <TextLine ID="line_3"
                    TAGREFS="LT83"
                    BASELINE="228 360 806 359" 
                    HPOS="226.0"
                    VPOS="324.0"
                    WIDTH="580.0"
                    HEIGHT="48.0">
            <Shape><Polygon POINTS="228 360 228 372 805 371 806 359 804 333 762 324 718 324 717 324 715 324 714 324 702 332 619 324 617 324 526 332 341 324 340 324 338 324 320 332 311 324 310 324 308 324 307 324 226 333 228 360"/></Shape>
	    <String CONTENT="masiado lejos para volver atrás."
                    HPOS="226.0"
                    VPOS="324.0"
                    WIDTH="580.0"
                    HEIGHT="48.0"></String>
          </TextLine>

          
          
          <TextLine ID="line_4"
                    TAGREFS="LT83"
                    BASELINE="292 405 1453 402" 
                    HPOS="290.0"
                    VPOS="363.0"
                    WIDTH="1163.0"
                    HEIGHT="59.0">
            <Shape><Polygon POINTS="292 405 292 418 1450 422 1453 402 1450 372 1271 372 1268 371 1242 364 1241 364 1239 364 1238 364 1220 371 1218 371 1217 371 1200 363 1199 363 1198 363 1007 369 955 371 946 369 919 363 917 363 916 363 915 363 906 369 900 372 849 372 795 368 733 364 732 364 709 368 687 372 667 368 650 364 524 364 522 364 504 367 477 372 290 367 292 405"/></Shape>
	    <String CONTENT="Llegado que hubieron á su casa, dieron noticia á su padre de"
                    HPOS="290.0"
                    VPOS="363.0"
                    WIDTH="1163.0"
                    HEIGHT="59.0"></String>
          </TextLine>

          
          
          <TextLine ID="line_5"
                    TAGREFS="LT83"
                    BASELINE="225 446 1453 450" 
                    HPOS="225.0"
                    VPOS="412.0"
                    WIDTH="1228.0"
                    HEIGHT="58.0">
            <Shape><Polygon POINTS="225 446 225 462 701 462 702 462 728 469 730 469 731 469 1248 463 1289 470 1290 470 1452 462 1453 450 1452 416 225 412 225 446"/></Shape>
	    <String CONTENT="todo cuanto les habia pasado en Egipto, y el buen anciano no pudo"
                    HPOS="225.0"
                    VPOS="412.0"
                    WIDTH="1228.0"
                    HEIGHT="58.0"></String>
          </TextLine>

          
          
          <TextLine ID="line_6"
                    TAGREFS="LT83"
                    BASELINE="224 495 1450 495" 
                    HPOS="224.0"
                    VPOS="457.0"
                    WIDTH="1226.0"
                    HEIGHT="58.0">
            <Shape><Polygon POINTS="224 495 224 514 284 508 298 514 299 514 301 515 419 515 419 514 421 514 441 508 483 514 487 514 488 514 494 514 560 508 629 514 638 514 640 514 644 514 679 508 763 514 778 514 779 514 784 514 812 508 840 513 847 514 848 514 868 513 962 508 1002 513 1012 514 1014 514 1050 513 1179 508 1449 511 1450 495 1450 465 938 457 937 457 831 463 821 457 820 457 818 457 817 457 816 457 801 465 724 465 677 457 676 457 675 457 653 463 640 457 638 457 637 457 636 457 634 457 623 465 544 465 456 457 454 457 453 457 432 463 384 457 383 457 336 463 303 457 302 457 224 463 224 495"/></Shape>
	    <String CONTENT="contener las lágrimas al saber que querian quitarle á su hijo Benja-"
                    HPOS="224.0"
                    VPOS="457.0"
                    WIDTH="1226.0"
                    HEIGHT="58.0"></String>
          </TextLine>

          
          
          <TextLine ID="line_7"
                    TAGREFS="LT83"
                    BASELINE="224 536 1450 539" 
                    HPOS="222.0"
                    VPOS="505.0"
                    WIDTH="1228.0"
                    HEIGHT="57.0">
            <Shape><Polygon POINTS="224 536 222 551 254 560 255 560 256 560 299 552 302 552 310 552 395 557 396 557 491 553 593 549 634 554 675 560 676 560 711 556 758 549 787 556 804 560 805 560 876 557 1005 551 1018 558 1022 561 1023 561 1024 561 1025 562 1118 562 1118 561 1152 560 1272 551 1448 561 1450 539 1449 508 224 505 224 536"/></Shape>
	    <String CONTENT="min. Renovó este dolor el de la muerte de José, y todo el dia lo pa-"
                    HPOS="222.0"
                    VPOS="505.0"
                    WIDTH="1228.0"
                    HEIGHT="57.0"></String>
          </TextLine>

          
          
          <TextLine ID="line_8"
                    TAGREFS="LT83"
                    BASELINE="224 583 641 579" 
                    HPOS="222.0"
                    VPOS="544.0"
                    WIDTH="419.0"
                    HEIGHT="51.0">
            <Shape><Polygon POINTS="224 583 224 595 641 592 641 579 638 553 516 544 514 544 513 544 512 544 496 554 444 554 431 545 430 545 428 545 376 545 375 545 374 545 372 545 358 554 242 547 241 547 239 547 222 554 224 583"/></Shape>
	    <String CONTENT="saba sumido en llanto."
                    HPOS="222.0"
                    VPOS="544.0"
                    WIDTH="419.0"
                    HEIGHT="51.0"></String>
          </TextLine>

          
          
          <TextLine ID="line_9"
                    TAGREFS="LT83"
                    BASELINE="294 622 1449 627" 
                    HPOS="293.0"
                    VPOS="586.0"
                    WIDTH="1156.0"
                    HEIGHT="61.0">
            <Shape><Polygon POINTS="294 622 293 635 316 643 318 643 319 643 582 638 595 644 597 644 598 646 757 646 757 644 758 644 779 638 782 638 792 638 911 646 912 646 1025 639 1036 639 1048 639 1175 646 1177 646 1273 640 1280 640 1282 640 1314 647 1315 647 1448 640 1449 627 1449 597 1420 590 1419 590 1418 590 1324 596 1294 597 1288 596 1271 590 1269 590 1268 590 1199 595 1188 595 1160 595 994 588 993 588 947 592 906 596 889 592 872 587 870 587 869 587 868 587 856 591 847 596 584 596 542 588 521 586 389 586 388 586 387 586 385 586 384 587 374 594 294 587 294 622"/></Shape>
	    <String CONTENT="Viendo sus hijos que era matar á su padre el tratar de la partida"
                    HPOS="293.0"
                    VPOS="586.0"
                    WIDTH="1156.0"
                    HEIGHT="61.0"></String>
          </TextLine>

          
          
          <TextLine ID="line_10"
                    TAGREFS="LT83"
                    BASELINE="221 669 1448 672" 
                    HPOS="220.0"
                    VPOS="633.0"
                    WIDTH="1228.0"
                    HEIGHT="56.0">
            <Shape><Polygon POINTS="221 669 220 681 255 689 256 689 1447 686 1448 672 1448 640 1426 633 1424 633 1423 633 1345 639 1342 639 1340 639 1188 633 1076 633 1075 633 1074 633 1062 638 1061 639 1055 638 1025 633 1024 633 999 638 992 639 971 638 903 633 902 633 857 638 838 639 221 635 221 669"/></Shape>
	    <String CONTENT="de Benjamin, dejaron pasar mucho tiempo sin hablarle una palabra"
                    HPOS="220.0"
                    VPOS="633.0"
                    WIDTH="1228.0"
                    HEIGHT="56.0"></String>
          </TextLine>

          
          
          <TextLine ID="line_11"
                    TAGREFS="LT83"
                    BASELINE="221 712 1355 716" 
                    HPOS="220.0"
                    VPOS="678.0"
                    WIDTH="1135.0"
                    HEIGHT="52.0">
            <Shape><Polygon POINTS="221 712 220 728 1353 730 1355 716 1353 680 1083 685 988 678 976 678 221 678 221 712"/></Shape>
	    <String CONTENT="de ello; pero la suerte de Simeon les inquietaba sobre manera."
                    HPOS="220.0"
                    VPOS="678.0"
                    WIDTH="1135.0"
                    HEIGHT="52.0"></String>
          </TextLine>

          
          
          <TextLine ID="line_12"
                    TAGREFS="LT83"
                    BASELINE="286 760 1448 760" 
                    HPOS="286.0"
                    VPOS="723.0"
                    WIDTH="1162.0"
                    HEIGHT="59.0">
            <Shape><Polygon POINTS="286 760 286 775 353 775 354 775 365 781 366 781 367 781 368 782 466 782 466 781 468 781 469 781 478 775 481 775 572 775 574 775 584 781 585 781 586 781 587 781 589 781 604 776 607 775 688 775 690 776 698 781 700 781 701 781 702 781 763 776 786 775 806 776 852 781 853 781 855 781 873 777 883 775 1445 779 1448 760 1445 723 1413 729 975 723 969 723 968 723 967 723 952 730 797 730 769 723 767 723 766 723 688 729 675 723 673 723 672 723 633 729 591 723 590 723 552 729 544 723 543 723 542 723 408 723 406 723 366 729 286 723 286 760"/></Shape>
	    <String CONTENT="Cada dia iba siendo mayor la escasez del trigo, y Jacob propuso á"
                    HPOS="286.0"
                    VPOS="723.0"
                    WIDTH="1162.0"
                    HEIGHT="59.0"></String>
          </TextLine>

          
          
          <TextLine ID="line_13"
                    TAGREFS="LT83"
                    BASELINE="221 801 1447 806" 
                    HPOS="220.0"
                    VPOS="764.0"
                    WIDTH="1227.0"
                    HEIGHT="56.0">
            <Shape><Polygon POINTS="221 801 220 819 1444 820 1447 806 1445 777 1340 777 1338 776 1316 768 1315 768 1314 768 1102 775 1098 775 1097 775 1033 767 1032 767 939 775 932 775 930 775 920 767 919 767 917 767 833 766 831 766 740 773 736 773 732 773 649 767 647 767 646 767 645 767 636 773 634 775 563 775 560 773 550 766 548 766 547 766 492 764 491 764 490 764 461 772 460 772 456 772 319 764 318 764 316 764 292 772 289 772 221 772 221 801"/></Shape>
	    <String CONTENT="sus hijos que hicieran otro viaje á Egipto. Contestáronle estos que"
                    HPOS="220.0"
                    VPOS="764.0"
                    WIDTH="1227.0"
                    HEIGHT="56.0"></String>
          </TextLine>

          
          
          <TextLine ID="line_14"
                    TAGREFS="LT83"
                    BASELINE="221 849 1445 846" 
                    HPOS="220.0"
                    VPOS="809.0"
                    WIDTH="1225.0"
                    HEIGHT="53.0">
            <Shape><Polygon POINTS="221 849 221 862 1444 859 1445 846 1443 818 980 809 979 809 938 816 829 811 827 811 766 818 762 818 750 810 749 810 748 810 706 810 705 810 667 818 666 818 654 810 653 810 651 810 604 810 603 810 533 818 531 818 507 810 505 810 504 810 468 818 443 810 441 810 440 810 439 810 415 818 393 810 392 810 391 810 336 816 276 810 275 810 220 818 221 849"/></Shape>
	    <String CONTENT="era de todo punto inútil, si con ellos no iba Benjamin. Con tal res-"
                    HPOS="220.0"
                    VPOS="809.0"
                    WIDTH="1225.0"
                    HEIGHT="53.0"></String>
          </TextLine>

          
          
          <TextLine ID="line_15"
                    TAGREFS="LT83"
                    BASELINE="221 892 1445 895" 
                    HPOS="221.0"
                    VPOS="854.0"
                    WIDTH="1224.0"
                    HEIGHT="56.0">
            <Shape><Polygon POINTS="221 892 221 910 1444 906 1445 895 1444 865 1164 855 1162 855 1161 855 1143 863 1142 865 1085 865 1078 863 1003 855 1002 855 1001 855 985 863 984 863 980 863 934 855 933 855 932 855 916 863 915 865 838 865 835 863 827 857 826 857 825 857 732 854 675 854 673 854 672 854 655 862 653 862 581 854 498 854 496 854 495 854 494 854 481 862 479 862 221 862 221 892"/></Shape>
	    <String CONTENT="puesta se renovó el dolor del anciano.—Finalmente, á fuerza de rue-"
                    HPOS="221.0"
                    VPOS="854.0"
                    WIDTH="1224.0"
                    HEIGHT="56.0"></String>
          </TextLine>

          
          
          <TextLine ID="line_16"
                    TAGREFS="LT83"
                    BASELINE="222 935 1443 938" 
                    HPOS="222.0"
                    VPOS="900.0"
                    WIDTH="1221.0"
                    HEIGHT="60.0">
            <Shape><Polygon POINTS="222 935 222 956 590 951 702 957 714 957 715 957 726 957 826 951 864 957 874 958 876 960 969 960 969 958 971 958 972 958 973 957 984 952 1440 957 1443 938 1441 909 982 901 981 901 945 908 938 908 926 908 831 900 830 900 829 900 803 906 773 900 771 900 770 900 745 906 692 900 690 900 222 905 222 935"/></Shape>
	    <String CONTENT="gos y despues de haberle jurado Judá que velaria por su hermano,"
                    HPOS="222.0"
                    VPOS="900.0"
                    WIDTH="1221.0"
                    HEIGHT="60.0"></String>
          </TextLine>

          
          
          <TextLine ID="line_17"
                    TAGREFS="LT83"
                    BASELINE="220 979 1447 983" 
                    HPOS="219.0"
                    VPOS="944.0"
                    WIDTH="1228.0"
                    HEIGHT="56.0">
            <Shape><Polygon POINTS="220 979 219 991 280 999 281 999 567 994 673 1000 675 1000 1445 995 1447 983 1445 954 1349 947 1168 947 1166 947 1165 947 1164 947 1155 953 1152 954 1039 954 1035 952 1019 945 1018 945 1016 945 952 952 946 952 942 952 909 945 908 945 830 952 816 952 812 951 796 945 795 945 793 945 728 951 709 952 684 951 589 944 587 944 586 944 565 951 561 952 448 952 444 949 427 944 426 944 424 944 220 948 220 979"/></Shape>
	    <String CONTENT="les permitió que se llevaran á Benjamin.—Les mandó que tomasen"
                    HPOS="219.0"
                    VPOS="944.0"
                    WIDTH="1228.0"
                    HEIGHT="56.0"></String>
          </TextLine>

          
          
          <TextLine ID="line_18"
                    TAGREFS="LT83"
                    BASELINE="220 1026 1444 1026" 
                    HPOS="220.0"
                    VPOS="988.0"
                    WIDTH="1224.0"
                    HEIGHT="58.0">
            <Shape><Polygon POINTS="220 1026 220 1038 263 1046 264 1046 322 1039 323 1039 379 1046 380 1046 466 1039 473 1039 481 1039 603 1046 604 1046 642 1039 646 1039 647 1039 659 1046 660 1046 662 1046 706 1039 713 1039 719 1039 765 1046 766 1046 817 1039 826 1039 830 1039 847 1046 848 1046 849 1046 887 1040 894 1039 896 1040 908 1046 909 1046 911 1046 998 1040 1022 1039 1173 1039 1178 1040 1192 1046 1194 1046 1195 1046 1444 1040 1444 1026 1444 997 1394 988 1294 988 1293 988 1291 988 1272 996 1271 996 1269 996 1218 988 1217 988 1170 996 1165 996 1158 996 1092 988 1033 988 1032 988 1031 988 1016 995 1014 996 1009 995 976 990 975 990 973 990 962 995 959 997 732 997 728 995 719 988 718 988 717 988 715 988 714 988 698 995 693 996 679 995 637 988 636 988 602 994 587 996 561 994 500 988 499 988 468 994 453 996 441 994 422 988 421 988 419 988 375 994 349 996 220 994 220 1026"/></Shape>
	    <String CONTENT="de los mejores frutos del país, para presentar al Gran Señor de Egip-"
                    HPOS="220.0"
                    VPOS="988.0"
                    WIDTH="1224.0"
                    HEIGHT="58.0"></String>
          </TextLine>

          
          
          <TextLine ID="line_19"
                    TAGREFS="LT83"
                    BASELINE="220 1069 1444 1073" 
                    HPOS="219.0"
                    VPOS="1033.0"
                    WIDTH="1225.0"
                    HEIGHT="58.0">
            <Shape><Polygon POINTS="220 1069 219 1080 238 1089 239 1089 241 1089 508 1082 539 1082 552 1082 629 1090 630 1091 724 1091 724 1090 726 1090 736 1085 739 1083 744 1085 770 1090 771 1090 795 1085 804 1083 1441 1090 1444 1073 1440 1035 1414 1042 1341 1035 1340 1035 1338 1035 1315 1043 1114 1043 1063 1035 1062 1035 1061 1035 1037 1042 1028 1034 1027 1034 1025 1034 1024 1034 998 1034 629 1040 593 1033 589 1033 587 1033 584 1033 551 1039 421 1033 411 1033 410 1033 409 1033 391 1040 262 1040 220 1033 220 1069"/></Shape>
	    <String CONTENT="to, y que al mismo tiempo le llevasen doblado dinero, para pagar el"
                    HPOS="219.0"
                    VPOS="1033.0"
                    WIDTH="1225.0"
                    HEIGHT="58.0"></String>
          </TextLine>

          
          
          <TextLine ID="line_20"
                    TAGREFS="LT83"
                    BASELINE="219 1112 1444 1116" 
                    HPOS="217.0"
                    VPOS="1076.0"
                    WIDTH="1227.0"
                    HEIGHT="54.0">
            <Shape><Polygon POINTS="219 1112 217 1125 1441 1130 1444 1116 1443 1087 1391 1078 1389 1078 1351 1086 1350 1086 1318 1078 1316 1078 1315 1078 1314 1078 1293 1086 1293 1087 1233 1087 1230 1086 1196 1078 1092 1078 1091 1078 1059 1086 1054 1086 1050 1086 1010 1077 939 1077 938 1077 937 1077 912 1085 911 1086 834 1086 833 1085 821 1077 820 1077 818 1077 817 1077 767 1085 762 1085 569 1085 569 1083 548 1076 547 1076 546 1076 503 1083 501 1083 500 1083 473 1076 471 1076 470 1076 469 1076 452 1082 368 1076 367 1076 366 1076 346 1083 344 1083 219 1083 219 1112"/></Shape>
	    <String CONTENT="que se habia traido en los costales, temiendo no hubiese sido por"
                    HPOS="217.0"
                    VPOS="1076.0"
                    WIDTH="1227.0"
                    HEIGHT="54.0"></String>
          </TextLine>

          
          
          <TextLine ID="line_21"
                    TAGREFS="LT83"
                    BASELINE="219 1156 1441 1160" 
                    HPOS="217.0"
                    VPOS="1119.0"
                    WIDTH="1224.0"
                    HEIGHT="61.0">
            <Shape><Polygon POINTS="219 1156 217 1169 252 1177 254 1177 453 1172 516 1171 520 1172 526 1177 527 1177 529 1177 629 1179 630 1179 719 1175 771 1172 876 1176 966 1179 967 1179 968 1179 972 1176 981 1172 1042 1177 1080 1180 1082 1180 1106 1177 1145 1173 1190 1179 1207 1180 1208 1180 1251 1179 1402 1173 1439 1180 1441 1160 1440 1132 1384 1132 1384 1130 1362 1121 1361 1121 1359 1121 1308 1130 1306 1130 1303 1130 1278 1121 1277 1121 1160 1121 1158 1121 1125 1129 1117 1130 1102 1129 1033 1120 1032 1120 967 1128 964 1128 963 1128 938 1120 937 1120 936 1120 827 1121 826 1121 825 1121 817 1126 816 1128 810 1126 784 1121 783 1121 782 1121 767 1126 761 1130 664 1130 645 1126 606 1119 604 1119 603 1119 587 1125 586 1125 516 1119 514 1119 513 1119 512 1119 503 1125 496 1128 219 1124 219 1156"/></Shape>
	    <String CONTENT="inadvertencia.—Llegó el momento de la partida, y entre lágrimas y"
                    HPOS="217.0"
                    VPOS="1119.0"
                    WIDTH="1224.0"
                    HEIGHT="61.0"></String>
          </TextLine>

          
          
          <TextLine ID="line_22"
                    TAGREFS="LT83"
                    BASELINE="219 1202 1441 1206" 
                    HPOS="217.0"
                    VPOS="1164.0"
                    WIDTH="1224.0"
                    HEIGHT="59.0">
            <Shape><Polygon POINTS="219 1202 217 1212 258 1220 259 1220 546 1216 627 1215 1439 1223 1441 1206 1440 1176 1245 1167 1243 1167 1242 1167 1241 1167 1229 1175 1228 1176 1152 1176 1149 1175 1138 1167 1136 1167 1135 1167 1134 1167 1132 1167 1131 1167 1121 1175 1118 1176 1036 1176 1033 1175 1023 1165 1022 1165 1020 1165 1019 1165 848 1172 784 1165 783 1165 732 1173 727 1173 722 1173 680 1165 679 1165 634 1173 627 1173 617 1172 548 1164 547 1164 499 1172 498 1172 482 1165 481 1165 479 1165 423 1172 419 1172 406 1165 405 1165 404 1165 329 1172 320 1172 318 1172 293 1164 292 1164 290 1164 219 1171 219 1202"/></Shape>
	    <String CONTENT="sollozos dijo el Patriarca á sus hijos: ld en buena hora, hijos mios."
                    HPOS="217.0"
                    VPOS="1164.0"
                    WIDTH="1224.0"
                    HEIGHT="59.0"></String>
          </TextLine>

          
          
          <TextLine ID="line_23"
                    TAGREFS="LT83"
                    BASELINE="219 1245 1444 1248" 
                    HPOS="217.0"
                    VPOS="1210.0"
                    WIDTH="1227.0"
                    HEIGHT="58.0">
            <Shape><Polygon POINTS="219 1245 217 1257 290 1267 292 1267 333 1259 355 1266 357 1266 358 1266 359 1266 374 1259 461 1259 488 1267 490 1267 491 1267 492 1267 514 1259 539 1267 541 1267 542 1267 685 1259 736 1267 737 1267 876 1262 896 1268 898 1268 899 1268 1022 1261 1411 1268 1413 1268 1414 1268 1443 1259 1444 1248 1443 1222 1324 1222 1319 1220 1284 1212 1282 1212 1281 1212 1256 1219 1250 1220 1242 1219 1208 1212 1207 1212 1158 1218 1138 1222 1028 1222 1020 1216 1014 1214 1012 1214 1011 1214 975 1216 926 1220 915 1216 906 1212 904 1212 903 1212 879 1215 853 1219 829 1215 804 1211 803 1211 786 1215 771 1218 733 1214 700 1211 698 1211 697 1211 687 1214 671 1218 662 1214 657 1211 655 1211 654 1211 653 1211 647 1214 636 1220 505 1220 426 1211 419 1211 418 1211 417 1211 398 1219 350 1211 349 1211 348 1211 346 1211 332 1220 292 1220 219 1210 219 1245"/></Shape>
	    <String CONTENT="Ruego á mi Dios que es todo poderoso, y que nunca me ha desampa-"
                    HPOS="217.0"
                    VPOS="1210.0"
                    WIDTH="1227.0"
                    HEIGHT="58.0"></String>
          </TextLine>

          
          
          <TextLine ID="line_24"
                    TAGREFS="LT83"
                    BASELINE="217 1291 1441 1293" 
                    HPOS="216.0"
                    VPOS="1254.0"
                    WIDTH="1225.0"
                    HEIGHT="59.0">
            <Shape><Polygon POINTS="217 1291 216 1302 319 1304 333 1311 335 1311 336 1311 428 1305 492 1311 494 1311 567 1305 569 1305 574 1305 786 1311 787 1311 839 1306 863 1313 864 1313 865 1313 1440 1307 1441 1293 1439 1257 1393 1264 1380 1257 1379 1257 1377 1257 1376 1257 1298 1264 1215 1257 1213 1257 1212 1257 1211 1257 1199 1264 1157 1258 1156 1258 1155 1258 1139 1266 868 1266 810 1255 809 1255 711 1263 475 1255 474 1255 473 1255 471 1255 457 1264 301 1264 217 1254 217 1291"/></Shape>
	    <String CONTENT="rado, que os ampare á vosotros todos para que cuanto antes podais"
                    HPOS="216.0"
                    VPOS="1254.0"
                    WIDTH="1225.0"
                    HEIGHT="59.0"></String>
          </TextLine>

          
          
          <TextLine ID="line_25"
                    TAGREFS="LT83"
                    BASELINE="220 1334 1443 1337" 
                    HPOS="219.0"
                    VPOS="1298.0"
                    WIDTH="1224.0"
                    HEIGHT="60.0">
            <Shape><Polygon POINTS="220 1334 219 1347 338 1356 340 1356 405 1349 629 1357 630 1357 679 1350 749 1357 750 1358 852 1358 852 1357 853 1357 865 1350 866 1350 873 1350 937 1357 938 1357 1002 1352 1016 1350 1019 1352 1033 1358 1035 1358 1036 1358 1119 1352 1128 1352 1134 1352 1168 1358 1169 1358 1208 1353 1216 1352 1440 1353 1443 1337 1441 1310 1389 1301 1388 1301 1387 1301 1364 1309 1315 1301 1314 1301 1277 1309 1276 1309 1246 1301 1245 1301 1243 1301 949 1307 941 1307 938 1307 869 1301 868 1301 838 1307 835 1307 831 1307 769 1301 767 1301 732 1307 728 1307 726 1307 701 1300 700 1300 698 1300 645 1306 624 1298 623 1298 621 1298 620 1298 593 1306 557 1298 556 1298 555 1298 529 1306 527 1307 432 1307 431 1306 406 1298 405 1298 404 1298 402 1298 384 1306 383 1307 295 1307 293 1306 282 1298 281 1298 280 1298 278 1298 220 1305 220 1334"/></Shape>
	    <String CONTENT="volver junto con el pobre Simeon y mi pequeño Benjamin, á quien"
                    HPOS="219.0"
                    VPOS="1298.0"
                    WIDTH="1224.0"
                    HEIGHT="60.0"></String>
          </TextLine>

          
          
          <TextLine ID="line_26"
                    TAGREFS="LT83"
                    BASELINE="217 1379 1441 1384" 
                    HPOS="216.0"
                    VPOS="1344.0"
                    WIDTH="1225.0"
                    HEIGHT="56.0">
            <Shape><Polygon POINTS="217 1379 216 1396 1439 1400 1441 1384 1439 1347 1385 1354 1337 1347 1336 1347 1144 1347 1143 1347 1142 1347 1140 1347 1127 1353 1055 1347 1027 1345 1025 1345 1024 1345 1019 1348 1007 1353 909 1348 861 1345 860 1345 859 1345 849 1348 834 1353 822 1348 813 1344 812 1344 700 1344 698 1344 697 1344 696 1344 689 1348 683 1352 602 1349 516 1345 514 1345 217 1349 217 1379"/></Shape>
	    <String CONTENT="pongo en vuestras manos bajo la palabra que me habeis dado, de"
                    HPOS="216.0"
                    VPOS="1344.0"
                    WIDTH="1225.0"
                    HEIGHT="56.0"></String>
          </TextLine>

          
          
          <TextLine ID="line_27"
                    TAGREFS="LT83"
                    BASELINE="217 1423 1436 1429" 
                    HPOS="216.0"
                    VPOS="1387.0"
                    WIDTH="1220.0"
                    HEIGHT="62.0">
            <Shape><Polygon POINTS="217 1423 216 1442 410 1446 411 1446 428 1444 473 1438 542 1444 571 1447 572 1447 573 1447 578 1444 590 1439 677 1439 701 1446 707 1447 709 1447 710 1447 711 1447 713 1447 714 1446 726 1439 788 1439 891 1447 917 1448 919 1448 929 1447 969 1440 986 1447 989 1448 990 1448 992 1448 998 1447 1033 1440 1054 1448 1057 1448 1058 1448 1059 1448 1067 1448 1130 1440 1434 1449 1436 1429 1436 1399 1406 1391 1405 1391 1404 1391 1269 1397 1261 1397 1260 1397 1251 1391 1250 1391 1248 1391 1175 1391 1174 1391 1140 1397 1138 1397 1136 1397 1127 1390 1126 1390 1125 1390 1123 1390 1122 1390 1097 1396 1097 1397 883 1397 877 1396 826 1388 825 1388 752 1395 749 1395 748 1395 667 1388 666 1388 584 1395 572 1395 565 1395 513 1387 512 1387 217 1392 217 1423"/></Shape>
	    <String CONTENT="que pongo al cielo por testigo. Ya veis que me quedo sin ningun hijo,"
                    HPOS="216.0"
                    VPOS="1387.0"
                    WIDTH="1220.0"
                    HEIGHT="62.0"></String>
          </TextLine>

          
          
          <TextLine ID="line_28"
                    TAGREFS="LT83"
                    BASELINE="220 1469 1327 1473" 
                    HPOS="220.0"
                    VPOS="1433.0"
                    WIDTH="1107.0"
                    HEIGHT="58.0">
            <Shape><Polygon POINTS="220 1469 220 1489 586 1483 606 1490 611 1491 612 1491 614 1491 638 1490 703 1485 736 1490 747 1491 748 1491 769 1490 831 1485 852 1490 857 1491 859 1491 860 1491 870 1490 903 1485 1324 1490 1327 1473 1325 1443 1084 1435 1083 1435 977 1442 959 1442 947 1440 881 1434 879 1434 709 1440 689 1440 677 1440 587 1433 586 1433 585 1433 564 1439 563 1439 276 1433 275 1433 220 1438 220 1469"/></Shape>
	    <String CONTENT="y como muerto estaré hasta tener dichosas nuevas de vosotros."
                    HPOS="220.0"
                    VPOS="1433.0"
                    WIDTH="1107.0"
                    HEIGHT="58.0"></String>
          </TextLine>

          
        </TextBlock>
        
        <TextBlock HPOS="161.0"
                   VPOS="1527.0"
                   WIDTH="1334.0"
                   HEIGHT="234.0"
                   ID="block_3"
                   TAGREFS="BT223">
          <Shape><Polygon POINTS="161 1527 1495 1527 1495 1761 161 1761 161 1527"/></Shape>
          
          
          <TextLine ID="line_29"
                    TAGREFS="LT84"
                    BASELINE="680 1584 977 1586" 
                    HPOS="679.0"
                    VPOS="1539.0"
                    WIDTH="298.0"
                    HEIGHT="68.0">
            <Shape><Polygon POINTS="679 1599 822 1606 823 1606 855 1605 955 1598 973 1607 977 1586 975 1539 895 1549 816 1541 796 1539 795 1539 793 1539 788 1541 770 1547 680 1543 680 1584"/></Shape>
	    <String CONTENT="CAPITULO VI."
                    HPOS="679.0"
                    VPOS="1539.0"
                    WIDTH="298.0"
                    HEIGHT="68.0"></String>
          </TextLine>

          
          
          <TextLine ID="line_30"
                    TAGREFS="LT84"
                    BASELINE="216 1677 873 1674 1426 1680" 
                    HPOS="215.0"
                    VPOS="1633.0"
                    WIDTH="1211.0"
                    HEIGHT="61.0">
            <Shape><Polygon POINTS="216 1677 215 1688 1423 1694 1426 1680 1424 1634 1280 1634 1278 1634 1277 1634 1276 1634 1263 1644 1205 1636 1204 1636 1155 1645 975 1645 956 1636 954 1636 952 1636 951 1636 950 1636 947 1637 922 1644 886 1637 878 1636 877 1636 865 1637 822 1642 783 1637 758 1634 757 1634 736 1637 701 1644 683 1638 671 1634 670 1634 668 1634 636 1638 590 1644 531 1638 508 1637 507 1637 419 1640 312 1642 307 1640 294 1633 293 1633 292 1633 290 1633 276 1640 273 1641 268 1640 242 1634 241 1634 216 1640 216 1677"/></Shape>
	    <String CONTENT="Los hermanos de José vuelven á Egipto con Benjamin, y con varios regalo"
                    HPOS="215.0"
                    VPOS="1633.0"
                    WIDTH="1211.0"
                    HEIGHT="61.0"></String>
          </TextLine>

          
          
          <TextLine ID="line_31"
                    TAGREFS="LT84"
                    BASELINE="251 1719 1398 1719" 
                    HPOS="251.0"
                    VPOS="1683.0"
                    WIDTH="1147.0"
                    HEIGHT="60.0">
            <Shape><Polygon POINTS="251 1719 251 1741 411 1732 427 1740 428 1740 430 1740 431 1740 457 1732 697 1732 726 1741 727 1741 728 1741 767 1732 782 1741 783 1741 784 1741 786 1743 887 1743 887 1741 936 1732 955 1741 956 1741 958 1741 1031 1733 1106 1741 1108 1741 1109 1741 1138 1732 1164 1739 1165 1739 1166 1739 1168 1739 1192 1732 1220 1741 1221 1741 1222 1741 1224 1741 1245 1733 1277 1741 1278 1741 1280 1743 1398 1743 1398 1719 1397 1689 1261 1691 1255 1689 1237 1683 1235 1683 1234 1683 1198 1689 1186 1691 1173 1689 1126 1683 1125 1683 1082 1689 1071 1691 1067 1689 1053 1683 1052 1683 1050 1683 992 1689 979 1691 975 1689 959 1683 958 1683 863 1683 861 1683 823 1691 818 1691 814 1691 787 1683 786 1683 784 1683 783 1683 782 1683 771 1691 761 1691 659 1691 658 1691 644 1683 642 1683 641 1683 548 1689 490 1683 488 1683 441 1691 440 1691 439 1691 409 1683 408 1683 406 1683 405 1683 387 1691 367 1683 366 1683 365 1683 363 1683 341 1691 341 1692 251 1692 251 1719"/></Shape>
	    <String CONTENT="para José que los recibe con mucha afabilidad y les tiene un banquete."
                    HPOS="251.0"
                    VPOS="1683.0"
                    WIDTH="1147.0"
                    HEIGHT="60.0"></String>
          </TextLine>

          
        </TextBlock>
        
        <TextBlock HPOS="162.0"
                   VPOS="1756.0"
                   WIDTH="1346.0"
                   HEIGHT="518.0"
                   ID="block_1"
                   TAGREFS="BT226">
          <Shape><Polygon POINTS="162 1756 1508 1756 1508 2274 162 2274 162 1756"/></Shape>
          
          
          <TextLine ID="line_32"
                    TAGREFS="LT83"
                    BASELINE="276 1806 1437 1814" 
                    HPOS="276.0"
                    VPOS="1773.0"
                    WIDTH="1161.0"
                    HEIGHT="61.0">
            <Shape><Polygon POINTS="276 1806 276 1825 1016 1825 1059 1831 1071 1833 1072 1833 1101 1831 1203 1826 1246 1833 1255 1834 1256 1834 1263 1833 1293 1827 1435 1834 1437 1814 1436 1782 276 1773 276 1806"/></Shape>
	    <String CONTENT="Ocioso será decir cómo quedaría el buen Patriarca; pero pronto"
                    HPOS="276.0"
                    VPOS="1773.0"
                    WIDTH="1161.0"
                    HEIGHT="61.0"></String>
          </TextLine>

          
          
          <TextLine ID="line_33"
                    TAGREFS="LT83"
                    BASELINE="212 1853 1351 1856" 
                    HPOS="212.0"
                    VPOS="1821.0"
                    WIDTH="1139.0"
                    HEIGHT="48.0">
            <Shape><Polygon POINTS="212 1853 212 1869 1350 1866 1351 1856 1349 1821 212 1822 212 1853"/></Shape>
	    <String CONTENT="su dolor será cambiado en el mayor contento que esperar podia,"
                    HPOS="212.0"
                    VPOS="1821.0"
                    WIDTH="1139.0"
                    HEIGHT="48.0"></String>
          </TextLine>

          
          
          <TextLine ID="line_34"
                    TAGREFS="LT83"
                    BASELINE="276 1896 1436 1900" 
                    HPOS="275.0"
                    VPOS="1861.0"
                    WIDTH="1161.0"
                    HEIGHT="59.0">
            <Shape><Polygon POINTS="276 1896 275 1909 331 1917 332 1917 383 1911 384 1911 438 1917 439 1917 488 1911 492 1911 495 1911 554 1917 555 1917 793 1912 808 1918 809 1918 810 1918 1132 1913 1147 1920 1148 1920 1149 1920 1435 1912 1436 1900 1435 1864 1334 1864 1333 1864 1332 1864 1331 1864 1320 1870 1263 1864 1259 1864 1258 1864 1256 1864 1241 1870 1211 1864 1207 1864 1205 1864 1165 1864 913 1869 879 1865 857 1862 856 1862 769 1865 663 1869 630 1866 586 1861 585 1861 560 1866 551 1868 543 1866 522 1861 521 1861 520 1861 484 1866 471 1868 454 1866 401 1861 400 1861 276 1866 276 1896"/></Shape>
	    <String CONTENT="Llegado que hubieron otra vez á la presencia de José, este los"
                    HPOS="275.0"
                    VPOS="1861.0"
                    WIDTH="1161.0"
                    HEIGHT="59.0"></String>
          </TextLine>

          
          
          <TextLine ID="line_35"
                    TAGREFS="LT83"
                    BASELINE="211 1942 1435 1946" 
                    HPOS="209.0"
                    VPOS="1904.0"
                    WIDTH="1226.0"
                    HEIGHT="56.0">
            <Shape><Polygon POINTS="211 1942 209 1956 1432 1960 1435 1946 1434 1915 1181 1907 1179 1907 1135 1913 1130 1913 1125 1913 1093 1907 1092 1907 1037 1913 1028 1913 1024 1912 1001 1905 999 1905 998 1905 997 1905 980 1912 975 1912 664 1905 663 1905 627 1912 620 1912 614 1911 573 1904 572 1904 211 1909 211 1942"/></Shape>
	    <String CONTENT="recibió con muchísima afabilidad: mandó soltar al instante á su her-"
                    HPOS="209.0"
                    VPOS="1904.0"
                    WIDTH="1226.0"
                    HEIGHT="56.0"></String>
          </TextLine>

          
          
          <TextLine ID="line_36"
                    TAGREFS="LT83"
                    BASELINE="211 1985 1436 1989" 
                    HPOS="209.0"
                    VPOS="1950.0"
                    WIDTH="1227.0"
                    HEIGHT="58.0">
            <Shape><Polygon POINTS="211 1985 209 2001 1434 2008 1436 1989 1435 1961 1388 1954 1387 1954 1247 1959 1208 1960 1203 1959 1191 1954 1190 1954 1188 1954 1187 1954 1170 1959 1162 1960 1142 1958 1100 1954 1098 1954 1069 1958 1045 1960 1039 1958 1028 1952 1027 1952 1025 1952 1024 1952 1009 1956 999 1959 829 1955 698 1952 697 1952 677 1954 620 1959 611 1952 608 1951 607 1951 606 1951 604 1951 526 1952 262 1958 211 1950 211 1985"/></Shape>
	    <String CONTENT="mano Simeon que habia quedado en rehenes, aceptó benignamente los"
                    HPOS="209.0"
                    VPOS="1950.0"
                    WIDTH="1227.0"
                    HEIGHT="58.0"></String>
          </TextLine>

          
          
          <TextLine ID="line_37"
                    TAGREFS="LT83"
                    BASELINE="209 2031 1436 2033" 
                    HPOS="208.0"
                    VPOS="1994.0"
                    WIDTH="1228.0"
                    HEIGHT="57.0">
            <Shape><Polygon POINTS="209 2031 208 2044 251 2051 252 2051 1435 2050 1436 2033 1435 2004 1379 1995 1377 1995 1288 2003 1274 2003 1259 2002 1185 1997 1183 1997 1182 1997 1173 2002 1168 2004 1015 2004 1009 2001 1002 1995 1001 1995 999 1995 952 1995 951 1995 916 1999 886 2003 879 1999 874 1995 873 1995 872 1995 870 1995 840 1999 825 2001 818 1999 806 1994 805 1994 804 1994 783 1998 766 2002 748 1998 728 1994 727 1994 597 1997 380 2002 306 1994 298 1994 297 1994 293 1994 247 2002 209 1994 209 2031"/></Shape>
	    <String CONTENT="regalos, y por medio del intérprete manifestó su gozo de que hubie-"
                    HPOS="208.0"
                    VPOS="1994.0"
                    WIDTH="1228.0"
                    HEIGHT="57.0"></String>
          </TextLine>

          
          
          <TextLine ID="line_38"
                    TAGREFS="LT83"
                    BASELINE="211 2072 1436 2079" 
                    HPOS="209.0"
                    VPOS="2038.0"
                    WIDTH="1227.0"
                    HEIGHT="62.0">
            <Shape><Polygon POINTS="211 2072 209 2089 580 2096 581 2096 633 2090 653 2089 671 2090 723 2097 724 2097 936 2092 943 2092 945 2092 986 2098 988 2100 1057 2100 1057 2098 1058 2098 1059 2098 1070 2092 1071 2092 1080 2092 1224 2098 1225 2098 1435 2092 1436 2079 1435 2051 1394 2042 1393 2042 1392 2042 1371 2050 1367 2050 1280 2044 1278 2044 1277 2044 1254 2050 1250 2050 1243 2049 1188 2041 1187 2041 1113 2047 1055 2041 1054 2041 1053 2041 1036 2047 1033 2049 1023 2047 973 2041 972 2041 801 2046 741 2047 731 2046 700 2038 698 2038 608 2045 597 2045 594 2045 578 2038 577 2038 576 2038 574 2038 551 2044 543 2046 539 2044 527 2038 526 2038 525 2038 211 2041 211 2072"/></Shape>
	    <String CONTENT="sen vuelto con felicidad. Despues preguntó por la salud de su ancia-"
                    HPOS="209.0"
                    VPOS="2038.0"
                    WIDTH="1227.0"
                    HEIGHT="62.0"></String>
          </TextLine>

          
          
          <TextLine ID="line_39"
                    TAGREFS="LT83"
                    BASELINE="209 2119 1439 2124" 
                    HPOS="208.0"
                    VPOS="2083.0"
                    WIDTH="1231.0"
                    HEIGHT="56.0">
            <Shape><Polygon POINTS="209 2119 208 2136 1436 2139 1439 2124 1439 2094 1409 2087 1407 2087 1406 2087 1405 2087 1379 2093 1374 2094 1364 2093 1319 2088 1318 2088 1199 2093 1161 2094 1153 2093 1121 2085 1119 2085 1118 2085 1097 2093 1095 2093 1088 2093 1032 2085 1031 2085 985 2092 979 2093 971 2092 932 2085 930 2085 929 2085 909 2092 906 2094 829 2094 817 2092 763 2084 762 2084 761 2084 743 2092 741 2092 740 2092 709 2084 707 2084 706 2084 705 2084 677 2090 589 2084 587 2084 546 2090 539 2092 537 2090 518 2083 517 2083 516 2083 452 2090 449 2090 447 2090 409 2083 408 2083 209 2089 209 2119"/></Shape>
	    <String CONTENT="no padre, y en fin, disimulando la grande satisfaccion que tenia de"
                    HPOS="208.0"
                    VPOS="2083.0"
                    WIDTH="1231.0"
                    HEIGHT="56.0"></String>
          </TextLine>

          
          
          <TextLine ID="line_40"
                    TAGREFS="LT83"
                    BASELINE="209 2161 1436 2169" 
                    HPOS="209.0"
                    VPOS="2130.0"
                    WIDTH="1227.0"
                    HEIGHT="66.0">
            <Shape><Polygon POINTS="209 2161 209 2179 233 2176 247 2180 276 2187 277 2187 278 2187 331 2180 341 2179 345 2180 368 2188 370 2188 371 2188 408 2180 421 2178 443 2180 482 2186 483 2186 526 2180 554 2178 561 2180 585 2191 586 2191 587 2191 642 2186 675 2192 676 2193 817 2193 817 2192 917 2182 937 2180 954 2182 992 2187 993 2187 1044 2183 1055 2182 1057 2183 1072 2191 1074 2191 1075 2191 1076 2191 1096 2183 1126 2191 1127 2191 1128 2191 1130 2191 1131 2191 1144 2183 1177 2192 1178 2192 1179 2192 1181 2192 1216 2183 1217 2183 1242 2196 1243 2196 1245 2196 1246 2196 1294 2184 1350 2196 1351 2196 1353 2196 1375 2184 1435 2183 1436 2169 1435 2135 209 2130 209 2161"/></Shape>
	    <String CONTENT="ver á Benjamin, le dijo: «¿Es este vuestro hermano pequeña de quien"
                    HPOS="209.0"
                    VPOS="2130.0"
                    WIDTH="1227.0"
                    HEIGHT="66.0"></String>
          </TextLine>

          
        </TextBlock>
        

        
      </PrintSpace>
    </Page>
  </Layout>
</alto>
