1707 2313
799.0 39.0 154.0 70.0 —10—

249.0 127.0 1225.0 46.0 vió encumbrado con tantas honras, vitores y aclamaciones que en al-

248.0 160.0 1225.0 55.0 tas voces le llamaban EL SALVADOR DEL MUNDO, y con todos pro-

246.0 206.0 1225.0 54.0 cedió tan humilde que no salió jamás de su boca una palabra siquiera

249.0 253.0 1220.0 51.0 de vanidad, ni mostró complacencia alguna de las honras y pompas;

246.0 300.0 1227.0 57.0 antes con todos se hizo muy tratable y humano y por esto le querian

246.0 343.0 320.0 52.0 entrañablemente.

308.0 380.0 1165.0 62.0 Si bien sirvió la casa de Putifar, mejor sirvió el reino de Faraon,

246.0 431.0 1225.0 50.0 Con suma prudencia, exquisita solicitud y fidelidad inviolable, fué

249.0 471.0 1224.0 58.0 visitando él por si todas las provincias de Egipto, y recogiendo granos

249.0 521.0 1224.0 57.0 para que su pueblo no pereciese de hambre en los siete años de

249.0 561.0 207.0 57.0 esterilidad.

316.0 609.0 1159.0 54.0 Llegaron estos, y entonces fué cuando el pueblo todo imploró la

249.0 648.0 1221.0 53.0 misericordia de su rey, quien le consolaba diciéndole: Sosegaos, hi-

250.0 693.0 1225.0 61.0 jos; id á José que él os socorrerá. Y efectivamente José á todos

250.0 738.0 1224.0 54.0 consolaba y socorria, volviéndose á sus casas alegres y contentos,

251.0 781.0 1225.0 61.0 aplaudiendo la misericordia de su rey y el buen gobierno de su con-

255.0 827.0 333.0 59.0 sejero y ministro.

317.0 867.0 1159.0 58.0 Jamás conoció el rencor; nada nos dice la Sagrada Escritura de

255.0 916.0 1224.0 56.0 la mujer de Putifar; pero es seguro que José no se volvió á acordar de

255.0 959.0 1221.0 60.0 ella, y lo prueba la bondad con que abrió sus brazos á los mismos

257.0 1002.0 518.0 64.0 que habian querido matarle.

728.0 1087.0 279.0 65.0 CAPITULO V.

260.0 1183.0 1219.0 62.0 Los hermanos de José pasan á Egipto á comprar trigo.—El los conoce y

296.0 1228.0 1184.0 58.0 trata con aparente severidad y dureza.—Por úllimo, dejando á Simeon

298.0 1269.0 1182.0 55.0 en prision, les deja volver á la tierra de Canaan, con la condicion de

298.0 1310.0 534.0 58.0 que le han de traer á Benjamin.

325.0 1391.0 1159.0 59.0 Bien pronto se resintió la tierra de Canaan de esta grande esteri-

266.0 1441.0 1219.0 61.0 lidad, y sabiendo Jacob que en Egipto se vendia trigo, envió á sus

260.0 1485.0 1225.0 58.0 hijos para que compraran el necesario para la familia. José los reco-

263.0 1533.0 1221.0 55.0 noció al momento y tuvo que violentarse para no arrojarse en sus

264.0 1576.0 1223.0 57.0 brazos. Mas fingiendo ceño y aspereza les trató como á espías que

264.0 1621.0 1223.0 54.0 iban con la escusa del trigo, á reconocer las fortificaciones y puntos

264.0 1664.0 1084.0 55.0 más flacos de la ciudad para dar cuenta de ello á los amigos.

327.0 1707.0 1161.0 54.0 Para sincerarse los hermanos de José, le respondieron que esta-

262.0 1751.0 1229.0 55.0 ban muy lejos de ser traidores; que su condicion era apacible, que

263.0 1802.0 1229.0 45.0 eran todos hijos de un mismo padre que se habia quedado en Canaan

263.0 1838.0 1229.0 52.0 con el menor de los hermanos.—José les contestó finalmente que

263.0 1881.0 1229.0 60.0 para estar seguro de la verdad, uno de ellos que se quedara preso en

263.0 1926.0 1231.0 52.0 rehenes, mientras le traian y le presentaban el menor de los herma-

263.0 1969.0 1234.0 57.0 nos.—Tocó la suerte á Simeon, que fué encerrado al momento. Hecho

262.0 2013.0 1236.0 69.0 esto, les dió licencia para marchar con sus cargas de trigo; pero el
