1725 2326
750.0 113.0 134.0 60.0 — 5—

262.0 201.0 1163.0 27.0 Ruben, que poco antes de hablar Juda, se habia separado de sus

195.0 219.0 1230.0 58.0 hermanos para reflexionar á solas cómo sacaria á su hermano José

203.0 263.0 963.0 52.0 del pozo, llegó pocos momentos despues de la venta.

268.0 307.0 1153.0 54.0 «Y vuelto Ruben á la cisterna, no halló al muchacho: y rasgadas

195.0 352.0 1227.0 53.0 sus vestiduras, yendo á sus hermanos les dijo: ¿El muchacho no

196.0 395.0 431.0 59.0 parece? ¿y yo dónde iré?

265.0 435.0 1154.0 54.0 Mas estos por toda contestacion le presentaron la túnica hecha

192.0 480.0 1225.0 57.0 pedazos y ensangrentada, ocultándole de este modo la venta. Ruben

190.0 528.0 1224.0 54.0 inconsolable, no sabia cómo presentarse á su padre; pero sus her-

190.0 572.0 1223.0 48.0 manos, sin escrúpulo de ninguna especie y acallando los remordi-

191.0 615.0 1223.0 51.0 mientos de su corazon, fueron á dar la infausta noticia al triste an-

187.0 656.0 1228.0 57.0 ciano, diciéndole como una fiera voraz habia despedazado al pobre

188.0 700.0 1225.0 59.0 José; y para certificarlo le presentaron la ensangrentada y destro-

190.0 745.0 231.0 56.0 zada túnica.

249.0 783.0 1161.0 62.0 Al verla Jacob, exclamó: «La túnica es de mi hijo; una fiera muy

187.0 832.0 1223.0 54.0 mala se lo comió: una bestia devoró á José.» Y al decir esto dió libre

183.0 878.0 1226.0 48.0 curso al llanto. Y rasgadas sus vestiduras, vistióse de cilicio (1), llo-

184.0 920.0 1229.0 58.0 rando á su hijo mucho tiempo. «Y júntándose todos sus hijos para

183.0 963.0 1225.0 59.0 suavizar el dolor del padre, no quiso admitir consuelo, sino que dijo:

184.0 1006.0 875.0 56.0 descenderé á mi hijo llorando hasta el sepulcro.»

249.0 1054.0 1161.0 53.0 Dejemos al pobre anciano entregado á su dolor y á sus hijos con

181.0 1086.0 1229.0 69.0 el remordimiento de su infame conducta, y sigamos á José en su

186.0 1137.0 269.0 60.0 viaje á Egipto.

246.0 1181.0 1162.0 58.0 Llegado que hubieron allá los mercaderes le pusieron en venta

181.0 1226.0 1227.0 55.0 en el mercado público de esclavos, y prendándose de él Putifar, gran

181.0 1276.0 1220.0 54.0 señor de aquella nacion y confidente intimo del rey, lo compró y

181.0 1310.0 279.0 53.0 llevó á su casa.

243.0 1356.0 1161.0 60.0 La cadena de esclavo pronto debia desaparecer; mas no antici-

181.0 1404.0 600.0 60.0 pemos la relacion de los sucesos.

658.0 1487.0 274.0 74.0 CAPITULO II.

178.0 1576.0 1227.0 68.0 Putifar dá á José la superintendencia de su casa.—Resiste á la violencia de

215.0 1625.0 1190.0 63.0 su señora, la que le calumnia, y es puesto en la cárcel, donde se gana la

212.0 1670.0 362.0 56.0 confianza del alcaide.

236.0 1750.0 1168.0 66.0 Una vez llegado á casa de Putifar, despues de haber presentado

170.0 1797.0 1234.0 62.0 el esclavo á su señora, encargóle algunas faenas que fueron desem-

173.0 1841.0 1231.0 65.0 peñadas por el jóven con gran celo é inteligencia; visto lo cual por

170.0 1885.0 1229.0 67.0 su señor, poco á poco le fué confiando distintos cargos, hasta que,

169.0 1931.0 1235.0 65.0 enteramente satisfecho de su conducta, le nombró su mayordomo, con

170.0 1973.0 1233.0 73.0 omnímodas facultades. Ya entonces el esclavo se convirtió en dueño:

200.0 2070.0 632.0 64.0 (1) Vestido de pelos de cabras de Cilicia.
