1690 2351
884.0 78.0 138.0 44.0 —8—

326.0 146.0 1222.0 44.0 la copa de Faraon, que tenia en sus manos, y se lo habia servido.

330.0 181.0 1218.0 56.0 —Soñó el panadero que llevaba tres cestas de harina en la cabeza y

324.0 223.0 1226.0 56.0 le parecia que en la que estaba encima de todas, habia cosas muy deli-

322.0 266.0 1226.0 61.0 cadas de su oficio, las que iban á arrebatarle las aves que al derredor

321.0 310.0 379.0 53.0 de ella revoloteaban.

385.0 356.0 1159.0 56.0 Encomendóse José de corazon al Dios de sus padres, y despues

316.0 398.0 1227.0 55.0 de reflexionar algunos momentos explicó á cada uno de los dos pre-

316.0 445.0 1224.0 56.0 sos la significacion de sus respectivos sueños. Díjoles, al panadero,

313.0 488.0 1229.0 60.0 que dentro de tres dias sufriria una muerte afrentosa, y al copero

314.0 531.0 880.0 63.0 que en igual tiempo seria repuesto en su destino.

384.0 577.0 1158.0 55.0 Verificáronse ambas predicciones. El panadero fué ejecutado y el

311.0 621.0 1228.0 55.0 copero otra vez colocado en palacio. Antes de salir de la cárcel este

311.0 670.0 1227.0 50.0 último, rogóle José que se acordára de él y que si podia intercediera

309.0 710.0 1228.0 54.0 en su favor. Pero como en la prosperidad nadie se acuerda del que

308.0 756.0 1227.0 53.0 sufre, el servidor de Faraon llegó hasta olvidarse de su compañero

305.0 796.0 824.0 62.0 de infortunio, del feliz intérprete de su sueño.

363.0 841.0 1171.0 60.0 Continuaba entre cerrojos el hijo de Jacob sin esperanza de salir

304.0 886.0 1229.0 55.0 de su encierro, cuando Dios que ya queria librar á su humilde siervo

301.0 932.0 1230.0 56.0 de tantas penalidades, infundió á Faraon unos sueños tan llenos de

301.0 975.0 1228.0 59.0 misterio que ninguno de los adivinos de Egipto pudo darle una ver-

301.0 1023.0 1228.0 53.0 dadera solucion. Recordó entonces el desagradecido copero lo que en

303.0 1067.0 1223.0 54.0 la cárcel le pasara, y habiéndoselo contado á Faraon, este se alegró

300.0 1111.0 1221.0 54.0 mucho de tal noticia y mandando poner en libertad al jóven hebreo,

300.0 1157.0 1224.0 56.0 le hizo comparecer ante su córte, y despues de hacerle mil agasajos

298.0 1200.0 862.0 64.0 narróle los dos sueños causa de sus inquietudes.

760.0 1286.0 292.0 65.0 CAPITULO IV.

292.0 1381.0 1226.0 67.0 José interpreta los sueños de Faraon, que le dá la superintendencia de todo

839.0 1457.0 136.0 25.0 Egipto.

351.0 1492.0 1074.0 64.0 Sentado en su trono Faraon habló á José en estos términos:

351.0 1543.0 1165.0 59.0 «Me parecia estar á la ribera del rio, y que subian del rio siete

287.0 1590.0 1227.0 57.0 vacas, hermosas en extremo, y de gruesas carnes: las cuales despun-

286.0 1635.0 1226.0 57.0 taban la yerba verde en el pasto de la laguna, y hé aquí que á estas

284.0 1679.0 1229.0 56.0 seguian otras siete vacas tan feas y flacas que nunca he visto otras

282.0 1727.0 1230.0 48.0 tales en la tierra de Egipto: las cuales habiendo devorado y consumi-

282.0 1767.0 1227.0 53.0 do á las primeras, ninguna muestra dieron de hartura, sino que esta-

281.0 1811.0 1224.0 54.0 ban entorpecidas con la flaqueza y saña de antes. Despertando, y

279.0 1854.0 1231.0 59.0 oprimido otra vez del sueño, ví este suceso: Siete espigas brotaban

279.0 1903.0 1229.0 56.0 en una sola caña llenas y muy hermosas. Otras siete delgadas y pica-

281.0 1947.0 1227.0 57.0 das de tizon salian tambien de una caña; las cuales se tragaron la

279.0 1990.0 1225.0 57.0 lozanía de las primeras. He contado á los adivinos el sueño y no hay

277.0 2033.0 402.0 68.0 quien me lo declare.»
