1724 2339
739.0 89.0 139.0 46.0 —7—

166.0 140.0 1236.0 58.0 lagos, habia echado mano de la fuerza, y que en la lucha se habia

167.0 191.0 1234.0 54.0 quedado con la capa que le presentaba. Púsose furioso Putifar al oir

167.0 233.0 1234.0 58.0 tal relato, y sin reflexionar ni inquirir la verdad mandó inmediata-

167.0 276.0 1235.0 56.0 mente encerrar á José en la cárcel. Bien hubiera podido este defen-

170.0 324.0 1232.0 50.0 derse y poner en claro su inocencia; pero sin decir una palabra que

167.0 366.0 1235.0 57.0 pudiera ofender en lo más mínimo la reputacion de su señora, obe-

169.0 409.0 1232.0 56.0 deció sumiso, siendo encerrado en uno de los calabozos de la cárcel

169.0 456.0 1232.0 57.0 de Estado. Cargáronle de cadenas y le arrojaron en él como persona

170.0 501.0 1228.0 52.0 que no tenia quien le defendiera ó favoreciese. A cada momento es-

170.0 543.0 1232.0 53.0 taba aguardando el desgraciado jóven una ignominiosa muerte; pero

171.0 589.0 1231.0 54.0 Dios que desde su excelso trono velaba por el hijo de Jacob, permitia

171.0 634.0 1229.0 53.0 que sufriera estos trabajos para poner más en relieve su virtud.

171.0 674.0 1231.0 57.0 Grandes eran los trabajos que padecia en la cárcel; pero la Divina

172.0 722.0 1230.0 56.0 Providencia que no le abandonaba ni un momento, hizo entrar en el

174.0 765.0 1223.0 56.0 corazon del alcaide un cariño tal hácia el jóven encarcelado, que

174.0 817.0 1226.0 51.0 poco á poco le fué tratando con más humanidad y hasta llegó á con-

178.0 860.0 1226.0 50.0 vencerse de su virtud é inocencia. En pocos dias pasó de preso á car-

175.0 900.0 1231.0 57.0 celero, pues el alcaide, teniendo ya en él entera confianza, le dió el

175.0 943.0 1229.0 57.0 cuidado de vigilar á los demás presos que en su compañía estaban,

176.0 986.0 1229.0 58.0 lo que daba ocasion al virtuoso José para endulzar en lo posible los

178.0 1031.0 763.0 60.0 trabajos de sus compañeros de infortunio.

644.0 1114.0 299.0 64.0 CAPITULO III.

182.0 1178.0 1224.0 65.0 Estando en la cárcel dos criados de Faraon, les esplica é interprela José

310.0 1233.0 970.0 50.0 unos sueños que tuvieron, y el suceso verifica la prediccion.

243.0 1299.0 1168.0 51.0 Inescrutable el cielo en sus obras, permitió las desgracias de José

179.0 1341.0 1232.0 57.0 para ensalzarle cada vez con mayor fortuna, y como no le abando-

179.0 1385.0 1231.0 59.0 naba en sus trabajos, una conformidad ciega hacia del desgraciado

179.0 1429.0 1232.0 58.0 un hombre feliz. Vamos á ver por qué raro medio se valió el Señor

180.0 1474.0 1231.0 61.0 para poner en libertad á su elegido, dándole mil veces más de lo que

180.0 1520.0 451.0 58.0 con su prision perdiera.

245.0 1561.0 1168.0 54.0 Dos años eran pasados que estaba José en la cárcel, cuando fue-

180.0 1607.0 1234.0 60.0 ron conducidos á ella dos oficiales de Faraon; el uno su copero mayor

182.0 1656.0 406.0 54.0 y su panadero el otro.

245.0 1693.0 1170.0 56.0 A los pocos dias de estar en compañía de José tuvieron cada uno

182.0 1738.0 1233.0 57.0 de los dos servidores del rey un distinto sueño, que les tenia en

183.0 1781.0 1231.0 62.0 grande perplejidad, no sabiendo á quién consultarlo.—Preguntóles

184.0 1827.0 1230.0 55.0 José qué es lo que tenian para estar tan abatidos, y diciéndole ellos

185.0 1872.0 1233.0 60.0 la causa, les ofreció que con la ayuda de Dios, él les esplicaria á

183.0 1917.0 550.0 56.0 cada uno su respectivo sueño.

253.0 1958.0 1164.0 57.0 El copero habia soñado, que veia una vid con tres sarmientos,

187.0 2006.0 1232.0 56.0 que en un momento se habia cubierto de hojas, pámpanos y racimos

187.0 2047.0 1232.0 67.0 ya maduros; y que habiendo cogido su fruto, lo habia esprimido en
