1669 2367
811.0 194.0 164.0 54.0 — 14 —

270.0 280.0 1224.0 27.0 ahora que soy como el Padre de Faraon superintendente de su casa

274.0 297.0 1220.0 63.0 y príncipe de Egipto. Id, pues, presto y traedme á mi amado padre,

270.0 343.0 1226.0 60.0 dadle las nuevas de mi vida y de mi dignidad. Contadle toda la glo-

272.0 389.0 1227.0 54.0 ria y grandeza de que vosotros mismos sois testigos, y decidleque

273.0 432.0 1226.0 53.0 le aguardo, y que es la voluntad de Dios que venga á descansar á la

272.0 477.0 1226.0 56.0 tierra de Gesen, donde tendrá todo lo que pueda desear para sus

276.0 523.0 453.0 50.0 hiios y para sus ganados.

343.0 562.0 1156.0 54.0 Al oir tales palabras los hermanos de José se le arrojaron todos

277.0 610.0 1222.0 50.0 al cuello y él les fué abrazando uno á uno, vertiendo abundantes

278.0 652.0 1220.0 60.0 lágrimas de regocijo y de ternura. Pidiéronle perdon y el virtuoso

278.0 698.0 679.0 56.0 hebreo los volvió á abrazar de nuevo.

343.0 737.0 1156.0 57.0 Este suceso pronto llegó á oidos de Faraon, quien lo celebró mu-

278.0 785.0 1220.0 55.0 chísimo y al punto envió á llamar á José. Este le contó cuanto le ha-

281.0 828.0 1219.0 56.0 bia pasado y de tal relacion asombrado le mandó que hiciese venir á

281.0 879.0 1217.0 49.0 su padre á Egipto con sus hermanos y le dió muchos carros y cabal-

281.0 919.0 957.0 58.0 gaduras para que trajesen cuanto en su tierra tenian.

347.0 962.0 1154.0 55.0 Llenos de gozo marcharon los hermanos de José, cargados con

284.0 1007.0 1217.0 56.0 los regalos que este les habia hecho, y en cuanto llegaron á su casa

284.0 1046.0 1219.0 59.0 dieron cuenta á su anciano padre de cuanto les habia sucedido. Jacob

285.0 1092.0 1218.0 54.0 les esperaba impaciente con el deseo de volver á ver á su querido

285.0 1134.0 1218.0 61.0 Benjamin y al preso Simeon junto con todos los demás. Dijéronle

285.0 1182.0 1220.0 52.0 como José estaba vivo aun, que le habian visto, hablado y comido

288.0 1228.0 1216.0 56.0 con él, y que era la segunda persona del reino de Egipto, teniendo

289.0 1272.0 504.0 52.0 á su cargo todo el gobierno.

351.0 1312.0 1154.0 59.0 Parecíale un sueño al buen anciano cuanto sus hijos le decian;

286.0 1358.0 1223.0 60.0 hizo que volvieran á referirle con todos los pormenores cuanío habian

291.0 1404.0 1218.0 56.0 visto y cuanto les habia acontecido. La vista de los presentes que le

289.0 1446.0 1219.0 57.0 hacian su hijo y Faraon acabó de certificarle cuanto sus hijos le de-

289.0 1492.0 1222.0 59.0 cian, y lleno de gozo dijo, que ya no le quedaba más que desear, si su

293.0 1541.0 1126.0 47.0 amado hijo José estaba vivo, y que queria verle antes de morir.

355.0 1583.0 1152.0 54.0 Con todo el gozo que puede imaginarse estuvieron haciendo los

293.0 1625.0 1013.0 63.0 preparativos del viaje el que tuvo lugar á los pocos dias.

762.0 1755.0 291.0 64.0 CAPITUIO IX.

297.0 1850.0 1223.0 63.0 Llega Jacob á Egipto y su hijo va á recibirle y le presenta á Faraon; este le

351.0 1896.0 1111.0 60.0 dá para él y sus descendientes la lierra de Gesen. Muerte de Jacob.

362.0 2001.0 1163.0 58.0 A los pocos dias de haber salido de su tierra llegó Jacob á Egipto

298.0 2051.0 1228.0 54.0 con toda su familia, ganados, etc. En cuanto llegó á noticia de José

298.0 2093.0 1228.0 58.0 la llegada de su padre fué corriendo á recibirle, y arroyándose á sus

301.0 2139.0 1228.0 66.0 brazos, no sabian disasirse ni el uno ni el otro, mezclando juntos las
