1695 2355
804.0 31.0 169.0 50.0 — 16—

268.0 77.0 1229.0 68.0 levantóles José con las lágrimas en los ojos, y prometióles que su ca-

267.0 136.0 1230.0 49.0 riño fraternal no cambiaria nunca, añadiendo: no califiqueis, amados

267.0 175.0 1226.0 52.0 hermanos mios, de crímen lo que conmigo hicisteis: Dios lo tenia de-

268.0 222.0 1140.0 55.0 terminado así, y sus altos juicios deben ser siempre respetados.

327.0 270.0 1167.0 46.0 Con toda amistad iban viviendo, sin que nunca José mostrase

264.0 308.0 1230.0 59.0 preferencia por este ó por aquel, y sus hermanos y la familia toda

265.0 354.0 880.0 52.0 le idolatraban por su noble y generosa conducta.

329.0 401.0 1160.0 52.0 Mas como en este mundo todo tiene fin, y como todo lo que nace

263.0 442.0 1222.0 49.0 debe morir, sintiendo el Santo Patriarca que la muerte se acercaba,

263.0 488.0 1227.0 49.0 llamó al derredor de la cama á todos los suyos y les dijo como iba á

260.0 529.0 1228.0 54.0 abandonar este mundo dentro de breves instantes; pero que no te-

260.0 573.0 1228.0 53.0 miesen, que Dios les visitaria y haciéndoles salir á su tiempo de Egip-

260.0 620.0 1228.0 55.0 to para la tierra de Promision que habia prometido á Abraham, Isaac

264.0 663.0 1222.0 56.0 y Jacob, y que en su salida obraria con ellos muchas maravillas. Díjo-

260.0 710.0 1225.0 50.0 les asimismo que cuando para ella saliesen llevasen consigo sus hue-

259.0 753.0 1227.0 52.0 sos, para sepultarlos en el sepulcro de sus padres. Dichas estas pala-

257.0 795.0 1225.0 56.0 bras, murió el Santo Patriarca á la edad de 110 años, habiendo man-

253.0 841.0 1065.0 57.0 dado 80 en Egipto, segun el parecer de algunos escritores.

319.0 885.0 1158.0 59.0 Fué embalsamado su cuerpo, y su muerte llorada por todo Egipto.

252.0 927.0 1225.0 62.0 Hiciéronsele magníficos funerales y el cadáver fué colocado con gran

253.0 976.0 648.0 54.0 pompa cerca de los reales sepulcros.

318.0 1020.0 1155.0 48.0 Algunos autores aseguran que fué José honrado como á un Dios

249.0 1059.0 1226.0 55.0 entre los Egipcios, bajo el nombre de Sérapis, fundándose en las di-

248.0 1104.0 1223.0 57.0 terentes etimologías de este nombre, que segun todos manifiesta el

249.0 1150.0 1219.0 58.0 bien que José habia hecho en Egipto, por la fertilidad que le habia

246.0 1193.0 1136.0 60.0 proporcionado, de la cual era el símbolo el buey llamado Apis.

310.0 1237.0 1157.0 59.0 Las profecías y los deseos de José fueron cumplidos.—Sus huesos

239.0 1286.0 1225.0 56.0 descansaron en el sepulcro de sus padres, y los Ismaelitas habitaron

242.0 1327.0 1162.0 67.0 la tierra que Dios habia prometido á Abraham, á Isaac y á Jacob.

794.0 1668.0 96.0 64.0 FIN.
