1683 2353
740.0 193.0 134.0 40.0 — 13—

181.0 233.0 1226.0 66.0 Insinuamos á mi señor: no puede el muchacho dejar á su padre por-

181.0 284.0 1227.0 61.0 que si le dejare morirá, y dijiste á tus siervos: Si no viniere vuestro

180.0 330.0 1143.0 51.0 hermano el más pequeño con vosotros, no vereis más mi cara.»

251.0 372.0 1154.0 56.0 «Pues luego que subimos á tu siervo nuestro padre, le contamos

176.0 413.0 1229.0 65.0 todo lo que habló mi señor, y dijo nuestro padre: Volved y comprad-

176.0 462.0 1231.0 59.0 nos un poco de trigo, al cual le dijimos: No podemos ir; si nuestro

176.0 508.0 1229.0 51.0 hermano el más pequeño descendiere con nosotros iremos juntos: de

176.0 552.0 1229.0 61.0 otra manera estando él ausente, no nos atrevemos á ver el rostro del

177.0 597.0 185.0 57.0 hombre.»

247.0 634.0 1158.0 61.0 Y así le iba contando Judá á José todo cuanto habia pasado con

175.0 690.0 1224.0 51.0 su padre para que dejara venir con ellos al pequeño Benjamin, y

176.0 729.0 1224.0 55.0 finalmente le dijo que él se quedaría esclavo en vez de su hermano,

175.0 773.0 1228.0 58.0 porque de la vuelta de este dependia la vida de su padre; que si este

177.0 818.0 1227.0 60.0 llegaba á saber que su querido hije quedaba preso por ladron, moria

177.0 864.0 240.0 56.0 sin remedio.

241.0 903.0 1162.0 60.0 No le contestó José ni una sola palabra, y dando órden para que

175.0 950.0 1228.0 59.0 todo el mundo despejara, se quedó solo con sus hermanos, lo que

176.0 994.0 853.0 66.0 estaban aguardando con una horrible ansiedad.

630.0 1151.0 316.0 79.0 CAPITULO VIII.

176.0 1299.0 1223.0 59.0 José se descubre á sus hermanos á quienes abraza con la mayor ternura: en-

211.0 1342.0 1189.0 58.0 terado Faraon da órden para que venga Jacob á Egipto con toda su

210.0 1381.0 1186.0 59.0 familia. José llena de regalos á sus hermanos, y los despide para su padre.

214.0 1423.0 1183.0 62.0 Este admirado de lo que le dicen de su hijo, se dispone para partir á Egipto.

236.0 1555.0 1163.0 60.0 Despejado que hubieron los extraños, levantándose José del trono

173.0 1603.0 1219.0 59.0 y con el rostro anegado en llanto, exclamó: Venid á mis brazos y

170.0 1649.0 971.0 56.0 cesen vuestros temores; yo soy vuestro hermano José.

238.0 1692.0 1159.0 57.0 Atónitos quedaron todos con estas palabras y tan fuera de sí, que

172.0 1737.0 1224.0 55.0 no acertaron á hablar en largo rato. El virtuoso José cuanto más

172.0 1781.0 1225.0 58.0 asombrados los veia, los acariciaba más: y haciéndoles poner á todos

171.0 1820.0 790.0 55.0 á su alrededor, les habló en estos tégminos:

243.0 1870.0 1154.0 58.0 Yo soy, queridos hermanos mios, yo soy José, el mismo que ven-

171.0 1912.0 1226.0 59.0 dísteis á los Ismaelitas para ser traido á Egipto: no os turbeis, ama-

170.0 1958.0 1229.0 57.0 dos mios, no os acongojeis ni temais, que Dios lo permitió todo por

171.0 2005.0 1228.0 56.0 vuestro bien y por el mio. Dos años de hambre han pasado y aun

171.0 2047.0 1226.0 60.0 quedan cinco, y he venido yo enviado del cielo á Egipto para susten-

171.0 2094.0 1226.0 58.0 taros y conservaros en este calamitoso tiempo. No sucedió por vues-

171.0 2134.0 1229.0 71.0 tros consejos mi venta, sino por voluntad de Dios. Y veisme aquí
