1740 2341
705.0 176.0 280.0 65.0 HISTORIA

797.0 284.0 85.0 45.0 DEL

295.0 353.0 1075.0 104.0 PATRIARCA JOSÉ.

620.0 576.0 423.0 61.0 CAPITULO PRIMERO.

222.0 661.0 1225.0 60.0 Envidia de los hijos de Jacob contra José su hermano: ellos le venden á los

330.0 708.0 1005.0 64.0 Madianitas y estos á Putifar en Egigto, á donde le conducen.

282.0 866.0 1161.0 30.0 La vida del Patriarca José es una de las mas maravillosas y ejem-

217.0 888.0 1227.0 60.0 plares que nos refiere el antiguo testamento. En ella hallará el lector

218.0 933.0 1227.0 56.0 mucho que aprender, mucho que meditar, y verá como Dios con su

218.0 978.0 1226.0 58.0 omnipotente poder eleva al más encumbrado puesto al que ayer era

217.0 1023.0 1228.0 61.0 un pobre esclavo sacrificado por la malevolencia de sus propios her-

219.0 1076.0 140.0 48.0 manos.

281.0 1106.0 1163.0 61.0 Solo contaba diez y seis años José, cuando ya estaba apacentando,

217.0 1152.0 1228.0 62.0 junto con sus hermanos, los rebaños de su padre Jacob. Amábale este

217.0 1200.0 1228.0 53.0 con extremado cariño, no solo por sus buenas cualidades, sino porque

216.0 1245.0 1229.0 55.0 le habia tenido en los últimos años de su senectud. Tal preferencia

218.0 1287.0 1226.0 57.0 en cariño fué causa de que sus hermanos le envidiaran y aborrecie-

217.0 1329.0 1222.0 61.0 ran, y aumentó su odio el haber contado á su padre algunos hechos,

217.0 1374.0 1226.0 63.0 no muy decentes, que advirtió en ellos cierto dia. Mas lo que puso

216.0 1418.0 1225.0 64.0 el sello á su rencoroso corazon, y que acabó de llenarlos de envi-

216.0 1468.0 1223.0 52.0 dia, fué un sueño que tuvo José, y que aun cuando misterioso en sí,

214.0 1507.0 1226.0 61.0 él lo contó con toda la sencillez de la edad. Es, pues, el caso, que so-

214.0 1551.0 1227.0 61.0 ñó que se hallaba con sus hermanos en el campo haciendo haces de

214.0 1595.0 1225.0 64.0 espigas; pero su haz era mucho mayor que las otras y parecia que

213.0 1640.0 1227.0 54.0 estas le adoraban. Mal recibieron los hermanos la relacion de este

214.0 1682.0 1225.0 63.0 sueño; pero José continuó diciendo que poco despues habia soñado

214.0 1727.0 1225.0 59.0 que el sol, la luna y once estrellas, le prestaban adoracion. Tal re-

214.0 1770.0 1225.0 63.0 lato llenó de cólera á todos aquellos envidiosos, y Jacob no pudo

214.0 1815.0 1229.0 64.0 menos de reñir á su hijo diciéndole: «¿Qué quiere decir este sueño

216.0 1863.0 1223.0 69.0 que viste? ¿Acaso yo, tu madre y tus hermanos te adoraremos sobre

218.0 1913.0 182.0 62.0 la tierra?»

279.0 1946.0 1156.0 63.0 Empero Jacob, considerando la virtud y sencillez de su hijo,

213.0 1991.0 1225.0 70.0 reconocia la voz de Dios en la de José, que le decia, que aquel niño

216.0 2040.0 1219.0 64.0 estaba destinado para cosas grandes y maravillosas, y meditaba sobre

214.0 2082.0 1221.0 73.0 la inteligencia de sus sueños. Si le riñó fué tan solo para que fuese
