<?xml version="1.0" encoding="UTF-8"?>
<alto xmlns:xsi="http://www.w3.org/2001/XMLSchema-instance"
      xmlns="http://www.loc.gov/standards/alto/ns-v4#"
      xsi:schemaLocation="http://www.loc.gov/standards/alto/ns-v4# http://www.loc.gov/standards/alto/v4/alto-4-2.xsd">
  <Description>
    <MeasurementUnit>pixel</MeasurementUnit>
    <sourceImageInformation>
      <fileName>Varios_435_15.jpg</fileName>
      
    </sourceImageInformation>
  </Description>
  
  <Tags>
    <OtherTag ID="BT221" LABEL="CustomZone:impresorNum" DESCRIPTION="block type CustomZone:impresorNum"/><OtherTag ID="BT222" LABEL="CustomZone:numero_pliego" DESCRIPTION="block type CustomZone:numero_pliego"/><OtherTag ID="BT223" LABEL="CustomZone:title" DESCRIPTION="block type CustomZone:title"/><OtherTag ID="BT224" LABEL="GraphicZone:illustration" DESCRIPTION="block type GraphicZone:illustration"/><OtherTag ID="BT225" LABEL="GraphicZone:ornamentation" DESCRIPTION="block type GraphicZone:ornamentation"/><OtherTag ID="BT226" LABEL="MainZone" DESCRIPTION="block type MainZone"/><OtherTag ID="BT227" LABEL="MainZone:columns" DESCRIPTION="block type MainZone:columns"/><OtherTag ID="BT228" LABEL="MarginTextZone:colophon" DESCRIPTION="block type MarginTextZone:colophon"/><OtherTag ID="BT229" LABEL="MarginTextZone:note" DESCRIPTION="block type MarginTextZone:note"/><OtherTag ID="BT230" LABEL="MusicZone" DESCRIPTION="block type MusicZone"/><OtherTag ID="BT231" LABEL="NumberingZone:page" DESCRIPTION="block type NumberingZone:page"/><OtherTag ID="BT232" LABEL="QuireMarksZone:catchwords" DESCRIPTION="block type QuireMarksZone:catchwords"/><OtherTag ID="BT233" LABEL="QuireMarksZone:signature" DESCRIPTION="block type QuireMarksZone:signature"/><OtherTag ID="BT234" LABEL="RunningTitleZone" DESCRIPTION="block type RunningTitleZone"/>
    <OtherTag ID="LT81" LABEL="CustomLine:propriedad" DESCRIPTION="line type CustomLine:propriedad"/><OtherTag ID="LT82" LABEL="CustomLine:trailer" DESCRIPTION="line type CustomLine:trailer"/><OtherTag ID="LT83" LABEL="DefaultLine" DESCRIPTION="line type DefaultLine"/><OtherTag ID="LT84" LABEL="HeadingLine" DESCRIPTION="line type HeadingLine"/>
  </Tags>
  
  <Layout>
    <Page WIDTH="1679"
          HEIGHT="2307"
          PHYSICAL_IMG_NR="212"
          ID="eSc_dummypage_">
      <PrintSpace HPOS="0"
                  VPOS="0"
                  WIDTH="1679"
                  HEIGHT="2307">
        
        <TextBlock HPOS="723.0"
                   VPOS="29.0"
                   WIDTH="177.0"
                   HEIGHT="88.0"
                   ID="block_2"
                   TAGREFS="BT231">
          <Shape><Polygon POINTS="875 29 900 117 723 114 737 50"/></Shape>
          
          
          <TextLine ID="line_0"
                    TAGREFS="LT83"
                    BASELINE="743 98 844 98" 
                    HPOS="743.0"
                    VPOS="58.0"
                    WIDTH="101.0"
                    HEIGHT="57.0">
            <Shape><Polygon POINTS="743 98 743 115 844 114 844 98 843 58 743 76 743 98"/></Shape>
	    <String CONTENT="— 15—"
                    HPOS="743.0"
                    VPOS="58.0"
                    WIDTH="101.0"
                    HEIGHT="57.0"></String>
          </TextLine>

          
        </TextBlock>
        
        <TextBlock HPOS="174.0"
                   VPOS="110.0"
                   WIDTH="1324.0"
                   HEIGHT="1449.0"
                   ID="block_1"
                   TAGREFS="BT226">
          <Shape><Polygon POINTS="1444 129 1498 1559 174 1559 177 110"/></Shape>
          
          
          <TextLine ID="line_2"
                    TAGREFS="LT83"
                    BASELINE="202 156 1416 160" 
                    HPOS="201.0"
                    VPOS="156.0"
                    WIDTH="1215.0"
                    HEIGHT="25.0">
            <Shape><Polygon POINTS="1406 156 1393 156 1380 156 1367 156 1354 156 1341 156 1329 156 1316 156 1303 156 1290 156 1277 156 1265 156 1252 156 1239 156 1226 156 1213 156 1200 156 1188 156 1175 156 1162 156 1149 156 1136 156 1124 156 1111 156 1098 156 1085 156 1072 156 1059 156 1047 156 1034 156 1021 156 1008 156 995 156 983 156 970 156 957 156 944 156 931 156 918 156 906 156 893 156 880 156 867 156 854 156 842 156 829 156 816 156 803 156 790 156 777 156 765 156 752 156 739 156 726 156 713 156 701 156 688 156 675 156 662 156 649 156 636 156 624 156 611 156 598 156 585 156 572 156 560 156 547 156 534 156 521 156 508 156 496 156 483 156 470 156 457 156 444 156 431 156 419 156 406 156 393 156 380 156 367 156 355 156 342 156 329 156 316 156 303 156 290 156 278 156 265 156 252 156 239 156 226 156 214 156 202 156 201 171 401 178 402 178 403 178 405 178 413 173 416 171 580 171 588 173 620 179 621 179 735 174 808 179 810 179 811 179 824 173 831 173 945 179 947 179 984 173 988 173 993 173 1059 180 1061 180 1188 174 1221 180 1222 181 1390 181 1390 180 1391 180 1414 173 1416 160 1414 156 1406 156"/></Shape>
	    <String CONTENT="lágrimas que tan fausto suceso les hacia verter. Ya puedo morir, hijo"
                    HPOS="201.0"
                    VPOS="156.0"
                    WIDTH="1215.0"
                    HEIGHT="25.0"></String>
          </TextLine>

          
          
          <TextLine ID="line_3"
                    TAGREFS="LT83"
                    BASELINE="202 201 1418 203" 
                    HPOS="201.0"
                    VPOS="166.0"
                    WIDTH="1217.0"
                    HEIGHT="57.0">
            <Shape><Polygon POINTS="202 201 201 215 810 223 811 223 1417 216 1418 203 1416 167 1311 176 992 176 962 169 957 169 956 169 942 169 868 175 849 170 842 167 840 167 839 167 838 167 831 170 816 175 784 170 772 169 771 169 742 170 688 174 681 171 671 166 670 166 669 166 667 166 652 171 645 173 638 171 619 166 617 166 406 166 405 166 403 166 387 173 381 174 376 173 361 166 360 166 358 166 357 166 342 173 338 174 329 173 294 166 293 166 292 166 272 173 267 174 202 174 202 201"/></Shape>
	    <String CONTENT="mio, le decia Jacob á José, ya puedo morir contento, pues que mi"
                    HPOS="201.0"
                    VPOS="166.0"
                    WIDTH="1217.0"
                    HEIGHT="57.0"></String>
          </TextLine>

          
          
          <TextLine ID="line_4"
                    TAGREFS="LT83"
                    BASELINE="205 244 1418 248" 
                    HPOS="205.0"
                    VPOS="207.0"
                    WIDTH="1213.0"
                    HEIGHT="58.0">
            <Shape><Polygon POINTS="205 244 205 265 1417 265 1418 248 1417 217 912 217 862 212 831 210 830 210 829 210 824 212 813 217 657 217 592 210 574 208 572 208 539 210 408 215 317 208 316 208 270 215 205 207 205 244"/></Shape>
	    <String CONTENT="Dios y Señor me ha hecho la merced de que te viera y te dejara vivo"
                    HPOS="205.0"
                    VPOS="207.0"
                    WIDTH="1213.0"
                    HEIGHT="58.0"></String>
          </TextLine>

          
          
          <TextLine ID="line_5"
                    TAGREFS="LT83"
                    BASELINE="205 292 579 289" 
                    HPOS="203.0"
                    VPOS="253.0"
                    WIDTH="376.0"
                    HEIGHT="55.0">
            <Shape><Polygon POINTS="205 292 205 302 278 308 279 308 353 302 360 302 361 302 369 308 370 308 371 308 372 308 374 308 393 302 398 301 405 302 425 307 426 307 428 307 578 301 579 289 578 262 552 253 551 253 549 253 548 253 528 261 515 253 513 253 512 253 511 253 465 260 452 253 451 253 449 253 448 253 431 261 430 261 425 261 378 255 376 255 375 255 357 260 349 262 203 260 205 292"/></Shape>
	    <String CONTENT="despues de mis dias."
                    HPOS="203.0"
                    VPOS="253.0"
                    WIDTH="376.0"
                    HEIGHT="55.0"></String>
          </TextLine>

          
          
          <TextLine ID="line_6"
                    TAGREFS="LT83"
                    BASELINE="270 333 1418 333" 
                    HPOS="270.0"
                    VPOS="296.0"
                    WIDTH="1148.0"
                    HEIGHT="55.0">
            <Shape><Polygon POINTS="270 333 270 348 1417 351 1418 333 1417 298 747 302 743 301 735 296 734 296 733 296 652 296 651 296 649 296 631 301 628 302 617 301 567 296 566 296 435 302 426 302 424 302 396 296 394 296 314 302 297 296 296 296 294 296 293 296 270 302 270 333"/></Shape>
	    <String CONTENT="En cuanto estuvo repuesto algun tanto del viaje, fué acompañado"
                    HPOS="270.0"
                    VPOS="296.0"
                    WIDTH="1148.0"
                    HEIGHT="55.0"></String>
          </TextLine>

          
          
          <TextLine ID="line_7"
                    TAGREFS="LT83"
                    BASELINE="205 379 1416 376" 
                    HPOS="203.0"
                    VPOS="339.0"
                    WIDTH="1213.0"
                    HEIGHT="59.0">
            <Shape><Polygon POINTS="205 379 205 398 256 390 324 397 325 397 384 390 935 396 936 396 938 396 961 389 1413 396 1416 376 1412 344 1195 348 1175 343 1163 340 1162 340 1161 340 1144 343 1117 348 1103 343 1097 340 1095 340 1094 340 1093 340 1091 340 1088 343 1079 349 1036 349 947 343 886 339 885 339 884 339 877 343 867 348 844 343 835 340 834 340 833 340 816 343 766 349 739 342 736 342 735 342 734 342 713 342 563 349 549 342 547 340 545 340 465 340 463 340 462 340 461 340 460 342 448 348 420 342 412 340 411 340 410 340 406 342 384 348 365 342 361 340 360 340 358 340 203 340 205 379"/></Shape>
	    <String CONTENT="de su hijo á ver á Faraon, quien le recibió con todo el agasajo ima-"
                    HPOS="203.0"
                    VPOS="339.0"
                    WIDTH="1213.0"
                    HEIGHT="59.0"></String>
          </TextLine>

          
          
          <TextLine ID="line_8"
                    TAGREFS="LT83"
                    BASELINE="206 422 1417 420" 
                    HPOS="205.0"
                    VPOS="384.0"
                    WIDTH="1212.0"
                    HEIGHT="55.0">
            <Shape><Polygon POINTS="206 422 206 439 1416 439 1417 420 1414 393 1382 385 1381 385 1380 385 1379 385 1368 392 1106 384 1104 384 1103 384 1072 393 975 393 942 384 940 384 939 384 904 392 868 384 867 384 866 384 848 393 638 393 551 385 549 385 324 392 314 385 312 385 311 385 234 385 233 385 231 385 205 394 206 422"/></Shape>
	    <String CONTENT="ginable; hízole diferentes preguntas y le dijo que hacia donacion de"
                    HPOS="205.0"
                    VPOS="384.0"
                    WIDTH="1212.0"
                    HEIGHT="55.0"></String>
          </TextLine>

          
          
          <TextLine ID="line_9"
                    TAGREFS="LT83"
                    BASELINE="206 466 1418 466" 
                    HPOS="206.0"
                    VPOS="433.0"
                    WIDTH="1212.0"
                    HEIGHT="47.0">
            <Shape><Polygon POINTS="206 466 206 480 1418 479 1418 466 1418 438 206 433 206 466"/></Shape>
	    <String CONTENT="la tierra de Gesen para él y para sus hijos y para los descendientes"
                    HPOS="206.0"
                    VPOS="433.0"
                    WIDTH="1212.0"
                    HEIGHT="47.0"></String>
          </TextLine>

          
          
          <TextLine ID="line_10"
                    TAGREFS="LT83"
                    BASELINE="205 510 1416 507" 
                    HPOS="203.0"
                    VPOS="472.0"
                    WIDTH="1213.0"
                    HEIGHT="57.0">
            <Shape><Polygon POINTS="205 510 205 524 1413 529 1416 507 1412 472 1345 480 1299 472 1297 472 1295 472 1293 472 1239 481 913 481 888 474 883 472 881 472 880 472 860 474 777 480 730 474 724 474 722 474 721 474 720 474 694 481 667 474 665 474 663 474 601 474 599 474 598 474 597 474 597 475 585 481 545 475 538 474 537 474 517 475 426 481 403 475 398 474 397 474 396 474 394 474 392 475 379 481 203 476 205 510"/></Shape>
	    <String CONTENT="de estos. Agradecióselo Jacob y le dijo: que eran ya pasados por"
                    HPOS="203.0"
                    VPOS="472.0"
                    WIDTH="1213.0"
                    HEIGHT="57.0"></String>
          </TextLine>

          
          
          <TextLine ID="line_11"
                    TAGREFS="LT83"
                    BASELINE="205 551 1418 553" 
                    HPOS="203.0"
                    VPOS="515.0"
                    WIDTH="1215.0"
                    HEIGHT="60.0">
            <Shape><Polygon POINTS="205 551 203 563 221 572 223 572 224 574 608 574 608 572 610 572 626 566 765 572 766 572 767 572 784 566 851 572 852 572 1243 567 1253 574 1254 574 1256 574 1257 575 1318 575 1318 574 1320 574 1321 574 1331 567 1417 567 1418 553 1416 520 1315 525 1295 519 1294 519 1293 519 1291 519 1290 519 1289 519 1271 525 1230 519 1220 517 1218 517 1203 519 1134 525 1106 519 1102 517 1100 517 1000 517 999 517 998 517 997 517 984 526 909 526 893 517 892 517 890 517 889 517 888 517 877 525 866 517 865 517 863 517 862 517 858 517 742 524 702 516 698 516 697 516 695 516 694 516 679 525 490 525 478 516 476 516 475 516 474 516 389 524 285 516 284 516 283 516 251 524 205 515 205 551"/></Shape>
	    <String CONTENT="él muchos años, y que no llegaria á la edad de sus padres, que su"
                    HPOS="203.0"
                    VPOS="515.0"
                    WIDTH="1215.0"
                    HEIGHT="60.0"></String>
          </TextLine>

          
          
          <TextLine ID="line_12"
                    TAGREFS="LT83"
                    BASELINE="206 598 1418 595" 
                    HPOS="205.0"
                    VPOS="561.0"
                    WIDTH="1213.0"
                    HEIGHT="52.0">
            <Shape><Polygon POINTS="206 598 206 612 1416 613 1418 595 1417 569 1394 561 1393 561 1391 561 1390 561 1367 567 1335 561 1334 561 1332 561 1311 567 1298 561 1297 561 1295 561 1259 567 1194 561 1193 561 1103 567 1049 561 1048 561 976 567 945 561 944 561 903 567 883 561 881 561 880 561 806 569 801 569 770 569 297 562 296 562 294 562 293 562 283 569 283 570 205 570 206 598"/></Shape>
	    <String CONTENT="muerte la consideraba cerca y antes de despedirse de él le daba la"
                    HPOS="205.0"
                    VPOS="561.0"
                    WIDTH="1213.0"
                    HEIGHT="52.0"></String>
          </TextLine>

          
          
          <TextLine ID="line_13"
                    TAGREFS="LT83"
                    BASELINE="207 642 405 642" 
                    HPOS="207.0"
                    VPOS="604.0"
                    WIDTH="198.0"
                    HEIGHT="50.0">
            <Shape><Polygon POINTS="207 642 207 654 405 654 405 642 405 615 289 604 288 604 287 604 285 604 272 613 217 606 216 606 215 606 214 606 207 611 207 642"/></Shape>
	    <String CONTENT="bendicion."
                    HPOS="207.0"
                    VPOS="604.0"
                    WIDTH="198.0"
                    HEIGHT="50.0"></String>
          </TextLine>

          
          
          <TextLine ID="line_14"
                    TAGREFS="LT83"
                    BASELINE="270 685 1418 685" 
                    HPOS="270.0"
                    VPOS="644.0"
                    WIDTH="1148.0"
                    HEIGHT="57.0">
            <Shape><Polygon POINTS="270 685 270 701 1418 699 1418 685 1418 653 1281 644 1280 644 1198 651 1182 652 1166 651 1109 645 1108 645 1065 651 1047 652 1043 651 1034 644 1033 644 1031 644 1030 644 975 649 948 653 877 653 866 649 851 644 849 644 794 644 793 644 792 644 783 648 774 653 715 653 708 648 703 644 702 644 701 644 699 644 666 648 624 652 599 647 583 644 581 644 580 644 570 647 549 652 443 645 402 644 401 644 379 645 307 652 270 645 270 685"/></Shape>
	    <String CONTENT="Repitióle Faraon lo mucho que le apreciaba, y despues de despe-"
                    HPOS="270.0"
                    VPOS="644.0"
                    WIDTH="1148.0"
                    HEIGHT="57.0"></String>
          </TextLine>

          
          
          <TextLine ID="line_15"
                    TAGREFS="LT83"
                    BASELINE="207 730 1420 727" 
                    HPOS="206.0"
                    VPOS="692.0"
                    WIDTH="1214.0"
                    HEIGHT="57.0">
            <Shape><Polygon POINTS="207 730 207 749 392 743 769 748 770 748 826 742 1417 747 1420 727 1417 699 1315 692 1313 692 1312 692 1311 692 1302 698 1299 698 1245 692 1244 692 1174 698 1162 698 1068 697 751 693 749 693 748 693 742 695 734 699 686 695 649 693 648 693 634 695 612 699 206 694 207 730"/></Shape>
	    <String CONTENT="dirse y agradecerie cuanto por él habia hecho, se marchó Jacob con"
                    HPOS="206.0"
                    VPOS="692.0"
                    WIDTH="1214.0"
                    HEIGHT="57.0"></String>
          </TextLine>

          
          
          <TextLine ID="line_16"
                    TAGREFS="LT83"
                    BASELINE="207 774 1421 771" 
                    HPOS="206.0"
                    VPOS="735.0"
                    WIDTH="1215.0"
                    HEIGHT="57.0">
            <Shape><Polygon POINTS="207 774 207 788 1418 792 1421 771 1417 739 1106 742 1099 740 1084 735 1083 735 958 735 957 735 902 742 893 742 889 742 868 735 867 735 866 735 865 735 848 742 847 742 833 742 721 736 720 736 690 743 685 743 684 743 675 736 674 736 672 736 565 736 563 736 498 743 497 743 496 743 470 736 469 736 467 736 434 743 403 736 402 736 329 743 278 736 276 736 206 744 207 774"/></Shape>
	    <String CONTENT="sus hijos á la tierra de Gesen, en donde cargado de años murió en el"
                    HPOS="206.0"
                    VPOS="735.0"
                    WIDTH="1215.0"
                    HEIGHT="57.0"></String>
          </TextLine>

          
          
          <TextLine ID="line_17"
                    TAGREFS="LT83"
                    BASELINE="208 818 1007 816" 
                    HPOS="207.0"
                    VPOS="780.0"
                    WIDTH="800.0"
                    HEIGHT="55.0">
            <Shape><Polygon POINTS="208 818 208 831 1004 835 1007 816 1004 789 965 780 963 780 867 788 854 789 806 789 803 786 793 780 792 780 790 780 789 780 788 780 765 786 758 788 738 786 681 781 680 781 634 785 606 788 597 785 585 781 584 781 583 781 581 781 580 781 580 783 576 785 574 789 563 785 553 781 552 781 501 781 499 781 498 781 497 781 493 784 485 790 463 790 458 784 456 783 456 781 454 781 453 781 452 781 451 781 444 784 433 789 407 784 394 781 393 781 392 781 383 784 360 789 207 783 208 818"/></Shape>
	    <String CONTENT="Señor, rodeado de toda su numerosa familia."
                    HPOS="207.0"
                    VPOS="780.0"
                    WIDTH="800.0"
                    HEIGHT="55.0"></String>
          </TextLine>

          
          
          <TextLine ID="line_18"
                    TAGREFS="LT83"
                    BASELINE="274 862 1420 859" 
                    HPOS="272.0"
                    VPOS="821.0"
                    WIDTH="1148.0"
                    HEIGHT="55.0">
            <Shape><Polygon POINTS="274 862 274 876 1418 872 1420 859 1416 825 1226 829 1216 826 1207 822 1206 822 1204 822 1181 826 1163 829 1150 826 1130 821 1129 821 1011 821 1009 821 1008 821 1007 821 997 827 993 830 883 830 867 827 795 822 794 822 793 822 792 822 783 829 779 831 740 831 738 829 724 822 722 822 721 822 720 822 719 822 707 829 706 830 704 829 689 822 688 822 686 822 624 830 616 830 608 830 520 822 519 822 481 830 472 824 471 824 470 824 469 824 467 824 466 824 456 830 403 824 402 824 401 824 381 830 337 824 335 824 334 824 316 830 302 824 301 824 299 824 298 824 272 831 274 862"/></Shape>
	    <String CONTENT="Antes de morir anunció á sus hijos lo que les habia de acontecer"
                    HPOS="272.0"
                    VPOS="821.0"
                    WIDTH="1148.0"
                    HEIGHT="55.0"></String>
          </TextLine>

          
          
          <TextLine ID="line_19"
                    TAGREFS="LT83"
                    BASELINE="206 907 1422 904" 
                    HPOS="205.0"
                    VPOS="866.0"
                    WIDTH="1217.0"
                    HEIGHT="56.0">
            <Shape><Polygon POINTS="206 907 206 922 1421 917 1422 904 1420 866 1307 866 1306 866 1304 866 1303 866 1281 875 1120 875 1100 867 1099 867 1098 867 1097 867 1095 867 1094 867 1083 875 966 875 943 868 933 866 931 866 930 866 911 868 876 874 810 870 775 867 736 867 735 867 734 867 733 867 730 870 721 875 703 870 694 867 693 867 692 867 690 867 683 870 669 876 579 876 562 871 549 867 548 867 547 867 526 871 504 875 471 871 443 868 442 868 420 871 398 875 380 872 356 867 355 867 205 872 206 907"/></Shape>
	    <String CONTENT="en los tiempos venideros. Bendíjoles asimismo y con especialidad á"
                    HPOS="205.0"
                    VPOS="866.0"
                    WIDTH="1217.0"
                    HEIGHT="56.0"></String>
          </TextLine>

          
          
          <TextLine ID="line_20"
                    TAGREFS="LT83"
                    BASELINE="208 949 1421 947" 
                    HPOS="207.0"
                    VPOS="911.0"
                    WIDTH="1214.0"
                    HEIGHT="59.0">
            <Shape><Polygon POINTS="208 949 210 970 229 963 1418 963 1421 947 1418 918 1366 911 1364 911 1311 917 1308 918 1063 918 1061 917 1047 911 1045 911 1044 911 885 916 808 918 777 916 736 912 735 912 653 916 579 918 556 915 535 912 433 912 431 912 430 912 424 915 413 918 399 915 389 912 388 912 387 912 371 915 347 918 207 915 208 949"/></Shape>
	    <String CONTENT="Judá, profetizándole no faltaria el cetro de su tribu, hasta que viniese"
                    HPOS="207.0"
                    VPOS="911.0"
                    WIDTH="1214.0"
                    HEIGHT="59.0"></String>
          </TextLine>

          
          
          <TextLine ID="line_21"
                    TAGREFS="LT83"
                    BASELINE="207 994 1420 990" 
                    HPOS="206.0"
                    VPOS="956.0"
                    WIDTH="1214.0"
                    HEIGHT="57.0">
            <Shape><Polygon POINTS="207 994 207 1013 243 1007 515 1011 590 1012 592 1012 611 1011 658 1006 851 1008 1013 1011 1015 1011 1418 1003 1420 990 1417 963 1353 956 1352 956 1350 956 1323 962 1286 956 1285 956 1284 956 1282 956 1272 963 1107 963 1013 963 1003 963 625 957 624 957 576 965 575 965 574 965 543 958 542 958 383 965 315 958 314 958 312 958 299 965 221 958 220 958 219 958 206 963 207 994"/></Shape>
	    <String CONTENT="el Redentor del mundo á hacerse hombre, y con su muerte á salvar"
                    HPOS="206.0"
                    VPOS="956.0"
                    WIDTH="1214.0"
                    HEIGHT="57.0"></String>
          </TextLine>

          
          
          <TextLine ID="line_22"
                    TAGREFS="LT83"
                    BASELINE="207 1036 1418 1039" 
                    HPOS="206.0"
                    VPOS="999.0"
                    WIDTH="1212.0"
                    HEIGHT="58.0">
            <Shape><Polygon POINTS="207 1036 206 1052 1416 1057 1418 1039 1417 1000 1258 1000 1257 1000 1252 1000 1203 1009 1116 1009 1106 1002 1104 1002 1103 1002 1102 1002 1100 1002 1099 1002 1088 1009 1024 1009 999 1002 997 1002 995 1002 994 1002 993 1002 992 1002 977 1008 965 1002 961 1000 959 1000 958 1000 944 1003 909 1008 852 1003 810 999 808 999 785 1003 766 1007 756 1003 743 999 742 999 740 999 708 1004 685 1008 599 1008 594 1004 587 999 585 999 584 999 583 999 549 1004 533 1007 485 1004 392 1000 390 1000 389 1000 379 1006 375 1008 303 1008 299 1006 287 1000 285 1000 284 1000 252 1006 247 1007 246 1006 235 999 234 999 233 999 231 999 230 999 207 1006 207 1036"/></Shape>
	    <String CONTENT="el género humano. No menos llenó de bendiciones á su querido José,"
                    HPOS="206.0"
                    VPOS="999.0"
                    WIDTH="1212.0"
                    HEIGHT="58.0"></String>
          </TextLine>

          
          
          <TextLine ID="line_23"
                    TAGREFS="LT83"
                    BASELINE="207 1083 1417 1079" 
                    HPOS="206.0"
                    VPOS="1043.0"
                    WIDTH="1211.0"
                    HEIGHT="57.0">
            <Shape><Polygon POINTS="207 1083 207 1100 1416 1100 1417 1079 1414 1050 1240 1043 1239 1043 1179 1049 1135 1043 1134 1043 1089 1049 1071 1043 1070 1043 1068 1043 1067 1043 1039 1049 781 1044 780 1044 683 1050 626 1044 625 1044 624 1044 597 1052 292 1045 290 1045 206 1053 207 1083"/></Shape>
	    <String CONTENT="quien le presentó para que los bendijera á sus dos hijos Manasés y"
                    HPOS="206.0"
                    VPOS="1043.0"
                    WIDTH="1211.0"
                    HEIGHT="57.0"></String>
          </TextLine>

          
          
          <TextLine ID="line_24"
                    TAGREFS="LT83"
                    BASELINE="208 1126 1420 1124" 
                    HPOS="207.0"
                    VPOS="1086.0"
                    WIDTH="1213.0"
                    HEIGHT="58.0">
            <Shape><Polygon POINTS="208 1126 208 1140 1417 1144 1420 1124 1416 1094 1276 1094 1270 1093 1240 1086 1181 1086 1180 1086 1179 1086 1177 1086 1168 1093 1166 1094 1161 1093 1134 1086 1133 1086 1131 1086 1130 1086 1109 1093 1103 1094 1089 1093 1044 1088 1043 1088 995 1093 977 1094 975 1093 966 1086 965 1086 963 1086 962 1086 863 1093 808 1095 792 1091 770 1088 769 1088 748 1091 733 1097 497 1097 489 1091 484 1088 483 1088 481 1088 419 1088 417 1088 416 1088 407 1091 397 1095 376 1091 358 1088 357 1088 207 1090 208 1126"/></Shape>
	    <String CONTENT="Efrain. Recibióles como suyos el moribundo, y bendiciéndoles profe-"
                    HPOS="207.0"
                    VPOS="1086.0"
                    WIDTH="1213.0"
                    HEIGHT="58.0"></String>
          </TextLine>

          
          
          <TextLine ID="line_25"
                    TAGREFS="LT83"
                    BASELINE="207 1170 1420 1170" 
                    HPOS="207.0"
                    VPOS="1134.0"
                    WIDTH="1213.0"
                    HEIGHT="57.0">
            <Shape><Polygon POINTS="207 1170 207 1182 249 1190 251 1190 380 1184 385 1184 387 1184 406 1190 407 1190 408 1190 410 1190 434 1184 435 1184 467 1190 469 1190 638 1184 658 1184 662 1184 690 1190 692 1191 833 1191 833 1190 834 1190 845 1185 847 1184 852 1185 880 1190 881 1190 915 1185 922 1184 970 1185 1153 1190 1154 1190 1195 1185 1211 1184 1239 1185 1313 1190 1315 1190 1420 1185 1420 1170 1420 1141 1364 1134 1363 1134 1098 1139 1007 1140 990 1138 961 1134 959 1134 958 1134 947 1138 940 1140 906 1138 857 1134 856 1134 854 1134 844 1138 834 1140 804 1138 775 1134 774 1134 753 1136 730 1140 724 1136 720 1134 719 1134 717 1134 716 1134 715 1134 703 1136 686 1140 572 1135 521 1134 520 1134 499 1135 440 1140 421 1135 417 1134 416 1134 415 1134 413 1134 412 1135 399 1141 247 1141 207 1134 207 1170"/></Shape>
	    <String CONTENT="tizó sobre ellos, y despidiéndose de todos les mandó que su cadáver"
                    HPOS="207.0"
                    VPOS="1134.0"
                    WIDTH="1213.0"
                    HEIGHT="57.0"></String>
          </TextLine>

          
          
          <TextLine ID="line_26"
                    TAGREFS="LT83"
                    BASELINE="207 1213 1416 1217" 
                    HPOS="206.0"
                    VPOS="1175.0"
                    WIDTH="1210.0"
                    HEIGHT="59.0">
            <Shape><Polygon POINTS="207 1213 206 1230 1413 1234 1416 1217 1414 1181 1175 1179 1174 1179 1162 1179 1104 1185 1075 1179 1071 1179 1070 1179 1068 1179 1067 1179 1047 1185 1020 1179 1012 1177 1011 1177 999 1179 956 1184 909 1177 902 1177 901 1177 880 1177 747 1184 717 1177 716 1177 715 1177 713 1177 652 1184 642 1177 640 1177 639 1177 638 1177 474 1182 446 1176 444 1176 443 1176 262 1182 207 1175 207 1213"/></Shape>
	    <String CONTENT="fuese conducido al sepulcro de sus padres á la tierra de Canaan; y"
                    HPOS="206.0"
                    VPOS="1175.0"
                    WIDTH="1210.0"
                    HEIGHT="59.0"></String>
          </TextLine>

          
          
          <TextLine ID="line_27"
                    TAGREFS="LT83"
                    BASELINE="207 1254 853 1259" 
                    HPOS="206.0"
                    VPOS="1220.0"
                    WIDTH="647.0"
                    HEIGHT="57.0">
            <Shape><Polygon POINTS="207 1254 206 1270 214 1275 215 1275 216 1275 217 1275 467 1271 530 1277 531 1277 852 1272 853 1259 852 1232 794 1223 793 1223 665 1230 640 1230 634 1229 608 1222 607 1222 606 1222 604 1222 603 1222 603 1223 598 1229 595 1231 572 1231 560 1227 525 1221 524 1221 522 1221 501 1227 493 1230 379 1230 371 1225 363 1220 362 1220 361 1220 360 1220 358 1220 357 1220 349 1225 346 1227 319 1225 278 1220 276 1220 207 1222 207 1254"/></Shape>
	    <String CONTENT="dicho esto entregó su alma al Señor."
                    HPOS="206.0"
                    VPOS="1220.0"
                    WIDTH="647.0"
                    HEIGHT="57.0"></String>
          </TextLine>

          
          
          <TextLine ID="line_28"
                    TAGREFS="LT83"
                    BASELINE="271 1302 1420 1302" 
                    HPOS="271.0"
                    VPOS="1263.0"
                    WIDTH="1149.0"
                    HEIGHT="54.0">
            <Shape><Polygon POINTS="271 1302 271 1317 1420 1314 1420 1302 1420 1272 1371 1263 1370 1263 1293 1271 1289 1272 1083 1272 1080 1271 1057 1263 1056 1263 845 1263 844 1263 803 1270 793 1271 788 1270 770 1263 769 1263 767 1263 739 1270 730 1271 721 1270 692 1263 690 1263 689 1263 674 1270 671 1270 669 1270 649 1263 648 1263 647 1263 645 1263 644 1263 635 1270 631 1271 601 1268 539 1265 538 1265 508 1268 490 1271 481 1268 465 1263 463 1263 462 1263 429 1268 412 1271 399 1268 376 1263 375 1263 352 1268 337 1271 321 1268 296 1263 294 1263 271 1267 271 1302"/></Shape>
	    <String CONTENT="Grande fué el desconsuelo de toda la familia; pero en particular"
                    HPOS="271.0"
                    VPOS="1263.0"
                    WIDTH="1149.0"
                    HEIGHT="54.0"></String>
          </TextLine>

          
          
          <TextLine ID="line_29"
                    TAGREFS="LT83"
                    BASELINE="206 1345 1420 1348" 
                    HPOS="205.0"
                    VPOS="1308.0"
                    WIDTH="1215.0"
                    HEIGHT="56.0">
            <Shape><Polygon POINTS="206 1345 205 1361 483 1363 484 1363 494 1362 531 1357 633 1363 652 1363 653 1363 654 1363 657 1363 678 1357 733 1363 739 1363 740 1363 744 1363 781 1357 1075 1364 1116 1364 1117 1364 1133 1364 1249 1358 1279 1364 1280 1364 1281 1364 1284 1364 1323 1358 1417 1364 1420 1348 1418 1317 1382 1309 1284 1309 1282 1309 1281 1309 1268 1316 1235 1309 1234 1309 1232 1309 1215 1316 1213 1316 1211 1316 1162 1309 1161 1309 1159 1309 1136 1316 1134 1316 1107 1316 899 1309 898 1309 861 1314 851 1316 845 1314 827 1309 826 1309 825 1309 824 1309 822 1309 815 1314 812 1316 808 1314 792 1308 790 1308 689 1308 688 1308 686 1308 675 1314 672 1316 561 1316 558 1313 549 1308 548 1308 547 1308 545 1308 517 1313 511 1314 483 1313 378 1308 376 1308 375 1308 361 1313 356 1314 348 1313 325 1308 324 1308 206 1312 206 1345"/></Shape>
	    <String CONTENT="el de José, quien despues de haber cubierto de besos el cadáver,"
                    HPOS="205.0"
                    VPOS="1308.0"
                    WIDTH="1215.0"
                    HEIGHT="56.0"></String>
          </TextLine>

          
          
          <TextLine ID="line_30"
                    TAGREFS="LT83"
                    BASELINE="206 1386 1421 1389" 
                    HPOS="206.0"
                    VPOS="1352.0"
                    WIDTH="1215.0"
                    HEIGHT="53.0">
            <Shape><Polygon POINTS="206 1386 206 1405 1420 1405 1421 1389 1420 1361 1190 1353 1189 1353 1112 1359 1106 1359 1104 1359 1090 1353 1089 1353 1088 1353 1086 1353 1074 1359 1072 1361 827 1361 825 1359 815 1352 813 1352 812 1352 811 1352 206 1357 206 1386"/></Shape>
	    <String CONTENT="mandó á sus médicos que le embalsamasen su cuerpo con ungüentos"
                    HPOS="206.0"
                    VPOS="1352.0"
                    WIDTH="1215.0"
                    HEIGHT="53.0"></String>
          </TextLine>

          
          
          <TextLine ID="line_31"
                    TAGREFS="LT83"
                    BASELINE="205 1435 1420 1431" 
                    HPOS="203.0"
                    VPOS="1395.0"
                    WIDTH="1217.0"
                    HEIGHT="54.0">
            <Shape><Polygon POINTS="205 1435 205 1448 1417 1449 1420 1431 1416 1403 1162 1403 1158 1403 1097 1395 1095 1395 1094 1395 1071 1403 1013 1395 1012 1395 963 1404 957 1404 921 1404 621 1397 620 1397 619 1397 598 1405 595 1405 588 1405 537 1398 535 1398 461 1405 454 1405 443 1398 442 1398 440 1398 297 1398 296 1398 203 1405 205 1435"/></Shape>
	    <String CONTENT="aromáticos, y así arreglado lo tuvo expuesto al público por espacio"
                    HPOS="203.0"
                    VPOS="1395.0"
                    WIDTH="1217.0"
                    HEIGHT="54.0"></String>
          </TextLine>

          
          
          <TextLine ID="line_32"
                    TAGREFS="LT83"
                    BASELINE="205 1475 1420 1479" 
                    HPOS="203.0"
                    VPOS="1439.0"
                    WIDTH="1217.0"
                    HEIGHT="60.0">
            <Shape><Polygon POINTS="205 1475 203 1488 610 1498 611 1498 672 1491 706 1498 707 1498 708 1498 735 1491 799 1498 801 1498 915 1491 921 1491 927 1491 1026 1499 1027 1499 1029 1499 1056 1493 1081 1499 1083 1499 1084 1499 1418 1493 1420 1479 1417 1443 611 1447 540 1440 539 1440 261 1445 205 1439 205 1475"/></Shape>
	    <String CONTENT="de cuarenta dias, pasados los cuales lo condujo á Canaan con todo"
                    HPOS="203.0"
                    VPOS="1439.0"
                    WIDTH="1217.0"
                    HEIGHT="60.0"></String>
          </TextLine>

          
          
          <TextLine ID="line_33"
                    TAGREFS="LT83"
                    BASELINE="206 1520 731 1522" 
                    HPOS="205.0"
                    VPOS="1484.0"
                    WIDTH="526.0"
                    HEIGHT="66.0">
            <Shape><Polygon POINTS="206 1520 205 1535 269 1536 299 1548 301 1548 302 1549 451 1549 451 1548 452 1548 453 1548 466 1538 471 1539 521 1549 522 1550 589 1550 589 1549 590 1549 610 1540 612 1539 616 1540 649 1549 651 1549 652 1549 653 1549 678 1540 683 1539 729 1540 731 1522 730 1494 644 1485 643 1485 642 1485 621 1493 620 1493 619 1493 588 1485 587 1485 585 1485 584 1485 583 1485 575 1493 574 1494 519 1494 517 1493 508 1485 507 1485 506 1485 504 1485 474 1493 469 1493 465 1493 428 1484 426 1484 425 1484 399 1491 398 1493 328 1493 326 1491 306 1484 305 1484 303 1484 206 1490 206 1520"/></Shape>
	    <String CONTENT="el lujo y pompa imaginables."
                    HPOS="205.0"
                    VPOS="1484.0"
                    WIDTH="526.0"
                    HEIGHT="66.0"></String>
          </TextLine>

          
        </TextBlock>
        
        <TextBlock HPOS="140.0"
                   VPOS="1580.0"
                   WIDTH="1353.0"
                   HEIGHT="271.0"
                   ID="block_3"
                   TAGREFS="BT223">
          <Shape><Polygon POINTS="1493 1580 1493 1851 140 1851 140 1580"/></Shape>
          
          
          <TextLine ID="line_34"
                    TAGREFS="LT84"
                    BASELINE="675 1648 956 1650" 
                    HPOS="674.0"
                    VPOS="1595.0"
                    WIDTH="282.0"
                    HEIGHT="80.0">
            <Shape><Polygon POINTS="675 1648 674 1659 736 1670 738 1670 765 1664 780 1662 786 1666 795 1672 797 1672 798 1672 799 1672 831 1668 865 1663 876 1670 880 1673 881 1673 883 1673 884 1675 954 1675 956 1650 952 1605 944 1609 934 1605 921 1599 920 1599 918 1599 917 1599 907 1604 890 1612 843 1612 820 1600 816 1599 815 1599 813 1599 806 1600 749 1609 720 1596 719 1596 675 1595 675 1648"/></Shape>
	    <String CONTENT="CAPITULO X."
                    HPOS="674.0"
                    VPOS="1595.0"
                    WIDTH="282.0"
                    HEIGHT="80.0"></String>
          </TextLine>

          
          
          <TextLine ID="line_35"
                    TAGREFS="LT84"
                    BASELINE="207 1737 1425 1737" 
                    HPOS="207.0"
                    VPOS="1695.0"
                    WIDTH="1218.0"
                    HEIGHT="59.0">
            <Shape><Polygon POINTS="207 1737 207 1754 1425 1752 1425 1737 1425 1695 1381 1695 1380 1695 1379 1695 1348 1707 1272 1698 1271 1698 1226 1708 1109 1708 1079 1696 1075 1695 1074 1695 1072 1695 1054 1696 966 1705 926 1698 915 1695 913 1695 912 1695 907 1698 889 1708 785 1708 758 1698 749 1695 748 1695 636 1695 635 1695 634 1695 622 1699 615 1702 610 1699 604 1695 603 1695 602 1695 528 1695 526 1695 504 1699 467 1707 430 1700 410 1696 408 1696 407 1696 396 1700 374 1707 349 1700 348 1700 347 1700 346 1700 344 1700 343 1700 321 1707 207 1702 207 1737"/></Shape>
	    <String CONTENT="Muerte de José.—Profetiza á los suyos la salida de Egipto para la tierra de"
                    HPOS="207.0"
                    VPOS="1695.0"
                    WIDTH="1218.0"
                    HEIGHT="59.0"></String>
          </TextLine>

          
          
          <TextLine ID="line_36"
                    TAGREFS="LT84"
                    BASELINE="240 1778 1425 1778" 
                    HPOS="240.0"
                    VPOS="1745.0"
                    WIDTH="1185.0"
                    HEIGHT="58.0">
            <Shape><Polygon POINTS="240 1778 240 1802 321 1794 413 1794 425 1800 426 1800 428 1800 429 1800 433 1800 594 1794 615 1799 624 1802 625 1802 626 1802 654 1799 694 1795 721 1799 744 1802 745 1802 747 1802 757 1798 771 1794 785 1798 798 1802 799 1802 801 1803 921 1803 921 1802 922 1802 931 1796 935 1795 951 1796 990 1802 992 1802 1017 1796 1030 1794 1045 1796 1081 1802 1083 1802 1158 1795 1179 1794 1195 1795 1263 1802 1265 1802 1425 1793 1425 1778 1423 1750 1298 1753 1286 1750 1270 1745 1268 1745 1267 1745 1266 1745 1265 1745 1257 1750 1250 1754 1056 1754 1050 1750 1036 1745 1035 1745 1034 1745 1033 1745 1018 1752 1016 1752 1011 1752 980 1745 979 1745 921 1752 904 1753 895 1752 866 1745 865 1745 774 1752 754 1753 742 1752 681 1745 680 1745 621 1753 613 1753 611 1753 589 1745 588 1745 469 1745 467 1745 466 1745 465 1745 453 1753 452 1754 390 1754 388 1753 339 1745 338 1745 337 1745 308 1753 280 1745 279 1745 278 1745 240 1753 240 1778"/></Shape>
	    <String CONTENT="promision.—Mándales que lleven consigo sus huesos, y los sepulten en el"
                    HPOS="240.0"
                    VPOS="1745.0"
                    WIDTH="1185.0"
                    HEIGHT="58.0"></String>
          </TextLine>

          
          
          <TextLine ID="line_37"
                    TAGREFS="LT84"
                    BASELINE="242 1819 619 1817" 
                    HPOS="240.0"
                    VPOS="1784.0"
                    WIDTH="379.0"
                    HEIGHT="53.0">
            <Shape><Polygon POINTS="242 1819 242 1832 604 1837 606 1837 607 1837 608 1837 619 1831 619 1817 616 1793 562 1793 545 1784 544 1784 543 1784 542 1784 540 1784 528 1793 480 1793 463 1784 462 1784 461 1784 426 1791 402 1785 401 1785 399 1785 398 1785 397 1785 397 1786 389 1793 311 1785 310 1785 308 1785 290 1793 276 1786 275 1786 274 1786 272 1786 240 1794 242 1819"/></Shape>
	    <String CONTENT="sepulcro de sus padres."
                    HPOS="240.0"
                    VPOS="1784.0"
                    WIDTH="379.0"
                    HEIGHT="53.0"></String>
          </TextLine>

          
        </TextBlock>
        
        <TextBlock HPOS="176.0"
                   VPOS="1847.0"
                   WIDTH="1296.0"
                   HEIGHT="291.0"
                   ID="block_0"
                   TAGREFS="BT226">
          <Shape><Polygon POINTS="1472 1847 1472 2138 176 2138 176 1847"/></Shape>
          
          
          <TextLine ID="line_38"
                    TAGREFS="LT83"
                    BASELINE="265 1909 1425 1907" 
                    HPOS="264.0"
                    VPOS="1867.0"
                    WIDTH="1161.0"
                    HEIGHT="61.0">
            <Shape><Polygon POINTS="265 1909 265 1928 813 1928 813 1927 817 1927 857 1921 1422 1926 1425 1907 1422 1867 1330 1867 1329 1867 1327 1867 1309 1875 1288 1867 1286 1867 1285 1867 1284 1867 1279 1867 1232 1876 1029 1876 1013 1869 1008 1867 1007 1867 1006 1867 1004 1867 999 1869 985 1875 963 1869 951 1867 949 1867 913 1869 838 1877 783 1877 771 1871 765 1868 763 1868 762 1868 733 1871 683 1876 670 1871 661 1868 660 1868 658 1868 628 1872 588 1877 421 1877 406 1873 380 1868 379 1868 378 1868 356 1873 346 1876 335 1873 315 1868 314 1868 312 1868 264 1873 265 1909"/></Shape>
	    <String CONTENT="Sin duda creyendo los hermanos de José que este no se habia"
                    HPOS="264.0"
                    VPOS="1867.0"
                    WIDTH="1161.0"
                    HEIGHT="61.0"></String>
          </TextLine>

          
          
          <TextLine ID="line_39"
                    TAGREFS="LT83"
                    BASELINE="205 1953 1425 1950" 
                    HPOS="203.0"
                    VPOS="1918.0"
                    WIDTH="1222.0"
                    HEIGHT="49.0">
            <Shape><Polygon POINTS="205 1953 205 1967 1423 1964 1425 1950 1421 1918 203 1922 205 1953"/></Shape>
	    <String CONTENT="vengado de ellos por respeto á su padre, con la muerte de este volvió"
                    HPOS="203.0"
                    VPOS="1918.0"
                    WIDTH="1222.0"
                    HEIGHT="49.0"></String>
          </TextLine>

          
          
          <TextLine ID="line_40"
                    TAGREFS="LT83"
                    BASELINE="201 1998 1425 1995" 
                    HPOS="199.0"
                    VPOS="1959.0"
                    WIDTH="1226.0"
                    HEIGHT="57.0">
            <Shape><Polygon POINTS="201 1998 201 2016 1423 2009 1425 1995 1421 1959 1389 1966 1322 1959 1317 1959 1316 1959 1311 1959 1262 1967 1080 1967 1057 1960 1048 1959 877 1959 876 1959 875 1959 874 1959 871 1962 863 1966 785 1962 745 1960 744 1960 743 1960 736 1962 720 1968 519 1968 511 1963 507 1960 506 1960 504 1960 503 1960 466 1963 428 1968 357 1968 351 1964 343 1960 342 1960 340 1960 199 1964 201 1998"/></Shape>
	    <String CONTENT="el miedo que tenian, y presentándose á sus hermanos se arrojaron á"
                    HPOS="199.0"
                    VPOS="1959.0"
                    WIDTH="1226.0"
                    HEIGHT="57.0"></String>
          </TextLine>

          
          
          <TextLine ID="line_41"
                    TAGREFS="LT83"
                    BASELINE="202 2041 1422 2041" 
                    HPOS="202.0"
                    VPOS="2007.0"
                    WIDTH="1220.0"
                    HEIGHT="66.0">
            <Shape><Polygon POINTS="202 2041 202 2063 240 2059 271 2064 292 2067 293 2067 294 2067 306 2064 328 2059 356 2064 397 2072 398 2072 502 2066 593 2059 630 2066 663 2072 665 2072 666 2072 667 2072 676 2066 688 2059 758 2067 767 2067 769 2067 774 2067 818 2059 843 2067 858 2072 860 2072 861 2073 1027 2073 1027 2072 1048 2068 1090 2059 1103 2067 1104 2067 1106 2067 1120 2068 1182 2072 1184 2072 1185 2072 1191 2068 1209 2059 1317 2066 1318 2066 1363 2059 1421 2069 1422 2041 1422 2007 202 2007 202 2041"/></Shape>
	    <String CONTENT="sus plantas pidiéndole perdon de lo pasado y que lo echase en olvido:"
                    HPOS="202.0"
                    VPOS="2007.0"
                    WIDTH="1220.0"
                    HEIGHT="66.0"></String>
          </TextLine>

          
        </TextBlock>
        

        
      </PrintSpace>
    </Page>
  </Layout>
</alto>
