1753 2480
179.0 74.0 554.0 54.0 que si ayudarme no quieres

177.0 115.0 592.0 73.0 contigo he de hacer lo mismo;

181.0 175.0 453.0 60.0 el mozo la vió aterrada

183.0 227.0 395.0 70.0 y con ánimo la dijo:

179.0 283.0 511.0 58.0 habrá mas que ejecutarlo?

179.0 336.0 424.0 60.0 ea, vamos al proviso.

223.0 380.0 589.0 72.0 Fué donde estaban sus padres

179.0 448.0 457.0 58.0 con un ánimo atrevido,

179.0 493.0 474.0 62.0 le dió cuatro puñaladas,

177.0 543.0 550.0 72.0 que el corazón le ha partido

177.0 607.0 563.0 62.0 al padre; y luego á la madre

179.0 657.0 457.0 60.0 hizo con ella lo mismo.

179.0 706.0 511.0 69.0 porque con dos puñaladas

177.0 760.0 420.0 62.0 se la dejó sin sentido

175.0 818.0 500.0 62.0 habló sólo estas palabras,

179.0 865.0 399.0 71.0 y palpitando la dijo:

177.0 923.0 391.0 64.0 Hija de mi corazón,

175.0 973.0 523.0 72.0 en qué te hemos ofendido?

221.0 1027.0 457.0 60.0 La dice: señora madre,

173.0 1072.0 515.0 70.0 este es vengar mi castigo:

175.0 1134.0 395.0 68.0 y con una puñalada

171.0 1182.0 519.0 74.0 concluyó á su vida el hilo,

173.0 1248.0 430.0 56.0 les sacó los corazones

173.0 1299.0 459.0 67.0 y en aceite los ha frito:

175.0 1349.0 395.0 68.0 y de tanta crueldad

171.0 1399.0 504.0 66.0 cayó el mozo amortecido;

173.0 1463.0 451.0 51.0 le dice muere también,

173.0 1502.0 577.0 74.0 pues que tú la causa has sido

171.0 1560.0 492.0 68.0 le ha dado de puñaladas,

175.0 1618.0 420.0 58.0 y con ánimo atrevido

171.0 1661.0 480.0 75.0 le quitó todas las armas,

175.0 1731.0 410.0 60.0 y se puso su vestido,

171.0 1773.0 507.0 62.0 y en un caballo del padre

169.0 1822.0 544.0 81.0 montó y se puso en camino.

221.0 1886.0 457.0 60.0 Y luego por la mañana

167.0 1934.0 508.0 64.0 sus hermanos han venido

169.0 1986.0 463.0 70.0 á la casa de sus padres,

171.0 2050.0 521.0 62.0 y hallan dolor tan crecido.

210.0 2091.0 447.0 68.0 Justicia piden al cielo,

169.0 2155.0 438.0 62.0 acudieron los vecinos,

173.0 2209.0 515.0 85.0 y los llantos fueron tantos,

986.0 74.0 454.0 58.0 los clamores y gemidos

983.0 130.0 470.0 56.0 que bastaban á ablandar

981.0 179.0 474.0 66.0 á las montañas y riscos.

1027.0 237.0 469.0 62.0 No condenaron á nadie,

986.0 289.0 541.0 62.0 porque saben quien ha sido,

981.0 338.0 449.0 65.0 y con solemne aparato

979.0 382.0 523.0 72.0 de todo el pueblo asistidos,

979.0 448.0 492.0 60.0 dispusieron los entierros,

981.0 489.0 546.0 77.0 Dios les haya dado auxilios.

1025.0 547.0 467.0 66.0 Despachan requisitorias

983.0 605.0 505.0 72.0 para saber si la han visto,

981.0 663.0 606.0 58.0 y á do quieran que la prendan,

979.0 721.0 492.0 54.0 que se ejecute el castigo.

1019.0 772.0 525.0 62.0 Salieron los dos hermanos,

981.0 824.0 534.0 66.0 por montes, valles y riscos;

979.0 880.0 494.0 52.0 ella estaba en una cueva,

981.0 934.0 466.0 58.0 y con ella dos bandidos,

975.0 975.0 608.0 79.0 que también huyendo andaban

979.0 1039.0 470.0 56.0 por otros graves delitos.

1027.0 1080.0 548.0 77.0 Vió pasar sus dos hermanos,

981.0 1138.0 494.0 71.0 y ella les salió al camino,

977.0 1188.0 408.0 70.0 y de dos carabinazos

977.0 1250.0 490.0 64.0 los mató luego al proviso

973.0 1295.0 484.0 71.0 con un cuchillo les corta

973.0 1351.0 449.0 68.0 las cabezas y se ha ido

975.0 1409.0 563.0 66.0 donde están sus compañeros,

975.0 1454.0 432.0 75.0 y se las lleva consigo.

1017.0 1508.0 492.0 70.0 Los compañeros la riñen,

975.0 1566.0 428.0 66.0 y con ánimo atrevido,

975.0 1628.0 395.0 56.0 cruel y desesperada,

971.0 1680.0 471.0 53.0 con ellos hizo lo mismo.

1021.0 1731.0 475.0 56.0 Llevó las cuatro cabezas

973.0 1779.0 527.0 74.0 y se fué á Ciudad Rodrigo,

973.0 1835.0 569.0 66.0 y en una esquina en la plaza

971.0 1886.0 457.0 62.0 las puso con un escrito,

971.0 1938.0 486.0 70.0 que de esta suerte decía:

973.0 2004.0 558.0 52.0 « A estos dos hermanos míos

971.0 2056.0 525.0 60.0 dí la muerte por vengarme

971.0 2093.0 500.0 74.0 de haberme dado castigo,

973.0 2153.0 440.0 70.0 y á los otros dos maté,

973.0 2205.0 565.0 101.0 por saber que eran bandidos:
