1462 2093
61 6 499 74 Atencion, noble auditorio,

64 52 482 71 que ya voy á declararla.

55 99 456 77 De Nápoles para Roma

59 148 469 82 salió una nave mercante

55 207 423 61 con una noble señora

52 245 406 81 de sangre calificada:

45 299 457 77 lleva tres hijos consigo,

48 355 506 68 angeles en forma humana:

48 399 478 75 el uno es de cinco años,

50 448 536 83 y el otro á tres no llegaba;

47 507 523 72 el otro es de cuatro meses,

47 549 546 80 que á sus pechos lo criaba;

33 608 492 70 y en medio de la marina

40 654 527 69 los Turcos los cautivaron.

38 699 501 78 Desembárcanlos en tierra,

34 751 555 79 y á los tres niños compraba

38 809 509 64 con la madre un renegado

43 856 485 71 para el servicio de casa;

31 908 542 72 y al fin le sirvió seis meses,

29 959 544 71 con paciencia muy sobrada.

26 1002 558 79 Pero al cabo de este tiempo,

26 1055 483 75 un dia el perro la llama,

24 1104 509 69 diciendo: doña Francisca,

22 1152 581 82 sabrás que tu amor me mata,

24 1203 556 82 y he de gozar tu hermosura;

26 1261 523 69 que me respondes? acaba;

22 1301 489 82 Reniega de Dios, reniega,

27 1356 428 70 y serás muy estimada,

19 1400 431 77 la señora mas querida

22 1456 541 77 que en toda esa tierra haya.

20 1501 485 79 Doña Francisca responde,

17 1555 462 72 resuelta y determinada:

19 1602 534 82 Tu esclava soy, gran señor,

12 1651 452 77 la tu voluntad se haga,

12 1704 528 76 renegar de Dios, no quiero,

22 1754 525 75 que Mahoma es un canalla,

13 1810 531 70 que metido en los infiernos

12 1857 473 66 tiene millones de almas;

8 1909 470 67 y yo creo en Jesucristo,

8 1963 490 75 y en su Madre Soberana,

790 47 455 52 y en el Divino Misterio

790 68 445 81 de la Trinidad Sagrada

790 129 558 75 un Dios solo y tres Personas,

790 177 528 70 que asi la Iglesia lo canta:

785 224 518 81 no mas de una vida tengo,

786 270 480 84 y la doy de buena gana,

781 324 455 75 solo por no quebrantar

781 371 539 84 lo que la Iglesia me manda.

788 423 441 75 Y el renegado sobervio

774 479 475 77 á sus criados les manda,

778 524 608 93 que á una mazmorra la lleven,

772 573 506 75 y que alli la aprisionáran.

774 626 431 76 Obedecen al mandato,

776 676 551 80 y á doña Francisca agarran,

767 723 440 81 dándole crueles golpes

767 783 544 71 en la mazmorra la entraban

767 824 503 79 con el niño mas pequeño,

772 877 567 75 que á diez meses no llegaba:

767 922 452 80 le echaron á su cintura

774 978 373 63 una cadena pesada,

769 1022 460 78 y á cada pié su grillete,

758 1074 559 98 y una argolla á la garganta;

760 1123 415 68 dábanle por alimento

755 1172 508 83 seis onzas de pan tasadas,

750 1227 399 67 y cuando le parecia

760 1273 401 80 el infame perro baja,

751 1330 466 68 y con un grueso cordel

755 1376 454 73 cruelmente la azotaba;

760 1423 408 71 y despues el angelito

751 1482 452 68 sus ropas le desnudaba,

744 1529 438 59 y con unas disciplinas

751 1573 445 73 sobervio le descargaba,

748 1622 494 78 hasta que la sangre brota

758 1674 466 66 por sus venas delicadas.

750 1731 486 58 Aqui fueron los lamentos

743 1772 549 80 del niño y su madre amada;

741 1826 497 69 del gran dolor que recibe

743 1873 514 78 cayó en tierra desmayada;

758 1923 524 82 y despues que volvió en sí,

739 1977 483 86 en tierno llanto anegada,

1334 2058 54 33 se
