1908 2668
322 217 434 74 Obedecen al mandato

322 275 534 74 aunque de muy mala gana,

324 329 578 64 que ya algunos de los turcos

322 377 440 67 solo de oirla lloraban.

315 424 534 76 En fin trajeron dos potros,

326 482 503 64 y por las calles la sacan;

318 520 391 69 los animales feroces

311 571 487 78 humildes se arrodillaban,

315 629 554 66 y entre tan grande tumulto

315 682 458 71 todos á tirarle amagan;

311 729 514 78 mas cuando á tirarle iban,

306 780 463 73 inmóviles se quedaban,

315 838 476 64 y entre tanta confusion,

313 889 458 60 volvieron á la Cristiana

309 929 402 71 á casa del renegado,

306 982 454 74 diciéndole lo que pasa.

304 1029 452 78 El renegado se admira,

306 1087 523 73 un golpe al corazon daba,

306 1147 490 62 y conociendo sus yerros

304 1191 392 60 arrepentido lloraba,

302 1233 491 76 diciendo: Divina Aurora,

300 1287 549 71 del Carmen Virgen sagrada,

297 1345 516 66 si de aqui salgo con bien,

306 1391 507 69 yo te empeño mi palabra

300 1438 476 62 de hacer vida penitente

302 1489 476 65 en una áspera montaña.

309 1540 462 67 Y una noche de secreto

304 1587 514 69 en una nave se embarcan

302 1640 567 103 los dos, con cuarenta turcos

1065 231 529 86 que á voces piden el agua

1051 289 585 82 del bautismo, porque quieren

1051 344 527 71 morir en la ley de gracia;

1056 393 560 71 y ochenta y ocho Cristianos

1054 444 464 69 trajeron de retaguardia.

1047 486 538 80 Les fué el tiempo tan feliz,

1060 542 574 80 que en breve tiempo llegaron

1049 598 514 71 á la gran ciudad de Roma,

1049 646 543 74 á que los absuelva el Papa.

1047 693 489 67 Los turcos se bautizaron

1045 744 591 76 rindiéndole á Dios las gracias.

1045 791 482 67 Don Juan Alonso se fué

1047 842 442 65 á cumplirle la palabra

1045 891 633 73 que dió á la Virgen del Carmen

1042 949 536 71 nuestra Madre y Abogada;

1049 996 512 71 y despues doña Francisca

1042 1051 574 67 se fué á casa de su hermana,

1047 1096 560 73 y en ella halló los tres hijos,

1058 1156 514 64 prendas queridas del alma.

1047 1202 498 65 Ya dieron fin los pesares,

1047 1253 514 65 ya las tristezas se acaban,

1045 1302 418 67 ya todos se regocijan

1051 1354 472 60 por maravillas tan altas.

1042 1398 490 69 A la Virgen del Carmelo

1038 1449 494 62 démosle infinitas gracias.

1042 1494 516 73 Y ahora Pedro de Fuentes,

1042 1547 581 73 que es el autor de esta plana,

1036 1603 398 64 al Auditorio suplica

1038 1643 558 124 perdonen sus muchas faltas.

951 1745 149 64 FIN.

300 2176 1430 114 Barcelona: Imprenta de los Herederos de la Viuda Pla, calle Cotoners.
