1936 2679
145 238 524 76 Previniendo ya el martirio,

145 299 402 64 el vil renegado baja,

151 348 405 71 y como la vido sola,

147 383 554 76 con descompuestas palabras

149 439 583 74 dice: adonde están tus hijos?

151 493 545 71 Donde se han ido malvada?

154 551 520 65 Infame, no me respondes?

156 589 455 69 Pero la noble Cristiana

156 638 458 74 le dió relacion de todo,

158 694 449 65 diciéndole lo que pasa.

154 743 569 69 Señor, la Virgen del Carmen

156 790 560 78 se los llevó en su compaña,

165 841 509 81 y al niño que usted mató

160 899 523 63 de nuevo vida le ha dado.

163 948 399 70 Al oir estas razones,

165 991 583 69 se enciende en cólera y saña,

176 1051 484 67 y alzando cruel la mano,

167 1096 413 67 le pegó tal bofetada,

176 1145 509 80 que la derribó en el suelo

171 1194 494 74 sin sentido y desmayada;

178 1236 547 87 y despues que volvió en sí,

174 1297 364 69 afligida se levanta,

174 1343 460 72 diciéndole: gran señor,

176 1393 551 69 dime, porque me maltratas?

176 1448 538 63 No preguntas por mis hijos,

192 1489 524 75 y te he dicho lo que pasa?

176 1547 440 64 Segunda vez lo repite,

176 1596 484 73 diciendo: calla malvada,

192 1649 551 70 que pues no has hecho caso,

183 1701 422 58 de mi serás castigada.

183 1739 473 76 De la mazmorra se sale,

189 1799 498 65 y á recias voces gritaba:

185 1841 415 72 Acudid, criados mios,

194 1875 574 91 pues ya teneis puerta franca,

187 1951 447 56 esto no tiene remedio;

189 1995 440 67 sacadla ya de mi casa,

200 2031 565 89 porque es cosa que me irrita

194 2094 473 64 muger tan desesperada;

203 2134 600 109 pues que no teme á la muerte,

194 2192 446 87 ea, al castigo llevadla.

875 223 402 69 Al oir estas razones,

877 272 458 69 á la mazmorra bajaban

879 330 483 58 como unos leones fieros,

879 377 514 67 sus ropas le desnudaban;

886 426 460 78 y dándole recios golpes

886 471 489 78 á la verguenza la sacan;

897 520 480 82 pero ella mas encendida,

886 582 453 65 la santa Ley predicaba

888 622 456 70 de mi Señor Jesucristo

888 671 550 81 Redentor de nuestras almas.

886 730 476 75 Llegaron al sitio, donde

888 779 494 78 el incendio le aguardaba,

897 837 427 71 y crueles le arrojaron

895 875 484 71 entre las voraces llamas.

895 924 382 73 Apenas huvo caido,

895 980 484 69 el fuego altivo se apaga,

908 1031 516 78 perdió sus flamantes luces

899 1078 581 71 sin que al pelo le agraviáran.

899 1134 563 73 Mas viendo que queda viva,

906 1185 415 67 aquel alevoso manda,

911 1227 493 72 que de la trenza del pelo

906 1285 489 67 de una reja la colgáran;

906 1335 438 67 al instante lo ejecutan

908 1386 451 62 llenos de furor y saña.

906 1431 482 60 De una reja la colgáron,

913 1477 458 79 y en ella se la dejaban,

908 1531 469 65 adonde estuvo tres dias

919 1573 503 81 publicando en voces altas

908 1636 565 67 de Dios sus sacros misteros,

922 1676 457 76 y de la Iglesia Romana.

913 1734 513 65 Mas viendo que no moria,

913 1777 473 67 anda ideando mil trazas,

933 1832 442 72 por donde poder quitar

913 1881 542 70 la vida á aquesta Cristiana.

913 1933 536 69 Mandó trajesen dos potros,

922 1982 531 69 y á sus colas la amarráran,

931 2027 500 78 y por las calles la saquen

915 2082 556 67 hasta que pedazos la hagan,

911 2136 498 67 y por si acaso no muere

911 2178 520 105 que la maten á pedradas.
