<?xml version="1.0" encoding="UTF-8"?>
<alto xmlns:xsi="http://www.w3.org/2001/XMLSchema-instance"
      xmlns="http://www.loc.gov/standards/alto/ns-v4#"
      xsi:schemaLocation="http://www.loc.gov/standards/alto/ns-v4# http://www.loc.gov/standards/alto/v4/alto-4-2.xsd">
  <Description>
    <MeasurementUnit>pixel</MeasurementUnit>
    <sourceImageInformation>
      <fileName>BCN_063_4.jpg</fileName>
      
    </sourceImageInformation>
  </Description>
  
  <Tags>
    <OtherTag ID="BT221" LABEL="CustomZone:impresorNum" DESCRIPTION="block type CustomZone:impresorNum"/><OtherTag ID="BT222" LABEL="CustomZone:numero_pliego" DESCRIPTION="block type CustomZone:numero_pliego"/><OtherTag ID="BT223" LABEL="CustomZone:title" DESCRIPTION="block type CustomZone:title"/><OtherTag ID="BT224" LABEL="GraphicZone:illustration" DESCRIPTION="block type GraphicZone:illustration"/><OtherTag ID="BT225" LABEL="GraphicZone:ornamentation" DESCRIPTION="block type GraphicZone:ornamentation"/><OtherTag ID="BT226" LABEL="MainZone" DESCRIPTION="block type MainZone"/><OtherTag ID="BT227" LABEL="MainZone:columns" DESCRIPTION="block type MainZone:columns"/><OtherTag ID="BT228" LABEL="MarginTextZone:colophon" DESCRIPTION="block type MarginTextZone:colophon"/><OtherTag ID="BT229" LABEL="MarginTextZone:note" DESCRIPTION="block type MarginTextZone:note"/><OtherTag ID="BT230" LABEL="MusicZone" DESCRIPTION="block type MusicZone"/><OtherTag ID="BT231" LABEL="NumberingZone:page" DESCRIPTION="block type NumberingZone:page"/><OtherTag ID="BT232" LABEL="QuireMarksZone:catchwords" DESCRIPTION="block type QuireMarksZone:catchwords"/><OtherTag ID="BT233" LABEL="QuireMarksZone:signature" DESCRIPTION="block type QuireMarksZone:signature"/><OtherTag ID="BT234" LABEL="RunningTitleZone" DESCRIPTION="block type RunningTitleZone"/>
    <OtherTag ID="LT81" LABEL="CustomLine:propriedad" DESCRIPTION="line type CustomLine:propriedad"/><OtherTag ID="LT82" LABEL="CustomLine:trailer" DESCRIPTION="line type CustomLine:trailer"/><OtherTag ID="LT83" LABEL="DefaultLine" DESCRIPTION="line type DefaultLine"/><OtherTag ID="LT84" LABEL="HeadingLine" DESCRIPTION="line type HeadingLine"/>
  </Tags>
  
  <Layout>
    <Page WIDTH="1991"
          HEIGHT="2684"
          PHYSICAL_IMG_NR="311"
          ID="eSc_dummypage_">
      <PrintSpace HPOS="0"
                  VPOS="0"
                  WIDTH="1991"
                  HEIGHT="2684">
        
        <TextBlock HPOS="344"
                   VPOS="188"
                   WIDTH="610"
                   HEIGHT="1239"
                   ID="block_0"
                   TAGREFS="BT227">
          <Shape><Polygon POINTS="954 188 954 1427 344 1427 344 188"/></Shape>
          
          
          <TextLine ID="eSc_line_7074bb13"
                    TAGREFS="LT83"
                    BASELINE="391 254 859 261" 
                    HPOS="389"
                    VPOS="199"
                    WIDTH="470"
                    HEIGHT="80">
            <Shape><Polygon POINTS="503 201 480 203 458 205 436 205 413 208 391 210 391 254 389 266 854 279 859 261 856 208 503 199 503 201"/></Shape>
	    <String CONTENT="que mis hermanos y yo"
                    HPOS="389"
                    VPOS="199"
                    WIDTH="470"
                    HEIGHT="80"></String>
          </TextLine>

          
          
          <TextLine ID="eSc_line_5ee40558"
                    TAGREFS="LT83"
                    BASELINE="384 301 903 310" 
                    HPOS="382"
                    VPOS="257"
                    WIDTH="521"
                    HEIGHT="76">
            <Shape><Polygon POINTS="384 301 382 324 899 333 903 310 903 270 384 257 384 301"/></Shape>
	    <String CONTENT="moriremos de buena gana,"
                    HPOS="382"
                    VPOS="257"
                    WIDTH="521"
                    HEIGHT="76"></String>
          </TextLine>

          
          
          <TextLine ID="eSc_line_53e17fbb"
                    TAGREFS="LT83"
                    BASELINE="384 351 897 362" 
                    HPOS="382"
                    VPOS="308"
                    WIDTH="515"
                    HEIGHT="74">
            <Shape><Polygon POINTS="384 351 382 366 892 382 897 362 894 319 384 308 384 351"/></Shape>
	    <String CONTENT="solo porque nos defiendas"
                    HPOS="382"
                    VPOS="308"
                    WIDTH="515"
                    HEIGHT="74"></String>
          </TextLine>

          
          
          <TextLine ID="eSc_line_d6626599"
                    TAGREFS="LT83"
                    BASELINE="382 402 914 413" 
                    HPOS="380"
                    VPOS="357"
                    WIDTH="534"
                    HEIGHT="72">
            <Shape><Polygon POINTS="382 402 380 413 910 429 914 413 914 371 382 357 382 402"/></Shape>
	    <String CONTENT="con la vida y con el alma."
                    HPOS="380"
                    VPOS="357"
                    WIDTH="534"
                    HEIGHT="72"></String>
          </TextLine>

          
          
          <TextLine ID="eSc_line_07b9c7f2"
                    TAGREFS="LT83"
                    BASELINE="382 451 879 467" 
                    HPOS="380"
                    VPOS="404"
                    WIDTH="499"
                    HEIGHT="81">
            <Shape><Polygon POINTS="382 451 380 465 874 485 879 467 879 424 382 404 382 451"/></Shape>
	    <String CONTENT="Absorta quedó la madre,"
                    HPOS="380"
                    VPOS="404"
                    WIDTH="499"
                    HEIGHT="81"></String>
          </TextLine>

          
          
          <TextLine ID="eSc_line_528fe056"
                    TAGREFS="LT83"
                    BASELINE="382 507 816 514" 
                    HPOS="380"
                    VPOS="454"
                    WIDTH="436"
                    HEIGHT="80">
            <Shape><Polygon POINTS="382 507 380 527 812 534 816 514 814 471 382 454 382 507"/></Shape>
	    <String CONTENT="y de rodillas postrada,"
                    HPOS="380"
                    VPOS="454"
                    WIDTH="436"
                    HEIGHT="80"></String>
          </TextLine>

          
          
          <TextLine ID="eSc_line_d1454c92"
                    TAGREFS="LT83"
                    BASELINE="389 556 803 561" 
                    HPOS="387"
                    VPOS="514"
                    WIDTH="416"
                    HEIGHT="67">
            <Shape><Polygon POINTS="389 556 387 577 798 581 803 561 800 521 389 514 389 556"/></Shape>
	    <String CONTENT="pidiendo misericordia,"
                    HPOS="387"
                    VPOS="514"
                    WIDTH="416"
                    HEIGHT="67"></String>
          </TextLine>

          
          
          <TextLine ID="eSc_line_064b28cd"
                    TAGREFS="LT83"
                    BASELINE="378 606 796 610" 
                    HPOS="375"
                    VPOS="565"
                    WIDTH="421"
                    HEIGHT="61">
            <Shape><Polygon POINTS="378 606 375 617 791 626 796 610 796 570 378 565 378 606"/></Shape>
	    <String CONTENT="al Cielo los ojos alza."
                    HPOS="375"
                    VPOS="565"
                    WIDTH="421"
                    HEIGHT="61"></String>
          </TextLine>

          
          
          <TextLine ID="eSc_line_2c11ddc4"
                    TAGREFS="LT83"
                    BASELINE="378 657 861 664" 
                    HPOS="375"
                    VPOS="608"
                    WIDTH="486"
                    HEIGHT="78">
            <Shape><Polygon POINTS="512 608 489 608 467 608 445 608 422 608 400 608 378 608 378 657 375 671 856 686 861 664 861 619 514 608 512 608"/></Shape>
	    <String CONTENT="El renegado que ha oido"
                    HPOS="375"
                    VPOS="608"
                    WIDTH="486"
                    HEIGHT="78"></String>
          </TextLine>

          
          
          <TextLine ID="eSc_line_c61009d2"
                    TAGREFS="LT83"
                    BASELINE="375 709 885 722" 
                    HPOS="373"
                    VPOS="662"
                    WIDTH="512"
                    HEIGHT="80">
            <Shape><Polygon POINTS="375 709 373 720 881 742 885 722 883 673 375 662 375 709"/></Shape>
	    <String CONTENT="al niño aquestas palabras,"
                    HPOS="373"
                    VPOS="662"
                    WIDTH="512"
                    HEIGHT="80"></String>
          </TextLine>

          
          
          <TextLine ID="eSc_line_42769ecd"
                    TAGREFS="LT83"
                    BASELINE="373 758 856 764" 
                    HPOS="371"
                    VPOS="713"
                    WIDTH="485"
                    HEIGHT="67">
            <Shape><Polygon POINTS="373 758 371 771 852 780 856 764 854 726 373 713 373 758"/></Shape>
	    <String CONTENT="en vez de compadecerse"
                    HPOS="371"
                    VPOS="713"
                    WIDTH="485"
                    HEIGHT="67"></String>
          </TextLine>

          
          
          <TextLine ID="eSc_line_68ad525d"
                    TAGREFS="LT83"
                    BASELINE="373 809 867 818" 
                    HPOS="371"
                    VPOS="760"
                    WIDTH="496"
                    HEIGHT="78">
            <Shape><Polygon POINTS="440 760 418 760 395 760 373 760 373 809 371 829 863 838 867 818 867 773 442 760 440 760"/></Shape>
	    <String CONTENT="mas el perro se encizaña,"
                    HPOS="371"
                    VPOS="760"
                    WIDTH="496"
                    HEIGHT="78"></String>
          </TextLine>

          
          
          <TextLine ID="eSc_line_f13cb994"
                    TAGREFS="LT83"
                    BASELINE="375 867 832 863" 
                    HPOS="373"
                    VPOS="818"
                    WIDTH="459"
                    HEIGHT="69">
            <Shape><Polygon POINTS="375 867 375 887 829 883 832 863 827 823 373 818 375 867"/></Shape>
	    <String CONTENT="y cogiendo el inocente,"
                    HPOS="373"
                    VPOS="818"
                    WIDTH="459"
                    HEIGHT="69"></String>
          </TextLine>

          
          
          <TextLine ID="eSc_line_22d3852c"
                    TAGREFS="LT83"
                    BASELINE="375 908 885 921" 
                    HPOS="373"
                    VPOS="867"
                    WIDTH="512"
                    HEIGHT="74">
            <Shape><Polygon POINTS="442 867 420 867 398 867 375 867 375 908 373 919 881 941 885 921 885 879 460 867 442 867"/></Shape>
	    <String CONTENT="contra una pared lo daba,"
                    HPOS="373"
                    VPOS="867"
                    WIDTH="512"
                    HEIGHT="74"></String>
          </TextLine>

          
          
          <TextLine ID="eSc_line_891449bb"
                    TAGREFS="LT83"
                    BASELINE="373 959 838 966" 
                    HPOS="371"
                    VPOS="910"
                    WIDTH="467"
                    HEIGHT="78">
            <Shape><Polygon POINTS="373 959 371 972 834 988 838 966 836 925 373 910 373 959"/></Shape>
	    <String CONTENT="hasta que de su cabeza"
                    HPOS="371"
                    VPOS="910"
                    WIDTH="467"
                    HEIGHT="78"></String>
          </TextLine>

          
          
          <TextLine ID="eSc_line_f30894dc"
                    TAGREFS="LT83"
                    BASELINE="371 1013 838 1017" 
                    HPOS="369"
                    VPOS="961"
                    WIDTH="469"
                    HEIGHT="67">
            <Shape><Polygon POINTS="371 1013 369 1024 834 1028 838 1017 836 975 371 961 371 1013"/></Shape>
	    <String CONTENT="los sesos se le saltaban."
                    HPOS="369"
                    VPOS="961"
                    WIDTH="469"
                    HEIGHT="67"></String>
          </TextLine>

          
          
          <TextLine ID="eSc_line_19368612"
                    TAGREFS="LT83"
                    BASELINE="366 1062 832 1071" 
                    HPOS="364"
                    VPOS="1013"
                    WIDTH="468"
                    HEIGHT="76">
            <Shape><Polygon POINTS="411 1015 389 1015 387 1013 366 1013 366 1062 364 1080 827 1089 832 1071 832 1028 431 1015 411 1015"/></Shape>
	    <String CONTENT="Murió el inocente niño,"
                    HPOS="364"
                    VPOS="1013"
                    WIDTH="468"
                    HEIGHT="76"></String>
          </TextLine>

          
          
          <TextLine ID="eSc_line_11e4ffcd"
                    TAGREFS="LT83"
                    BASELINE="369 1118 885 1127" 
                    HPOS="366"
                    VPOS="1071"
                    WIDTH="519"
                    HEIGHT="71">
            <Shape><Polygon POINTS="369 1118 366 1133 881 1142 885 1127 883 1078 369 1071 369 1118"/></Shape>
	    <String CONTENT="y volviendo á la Cristiana,"
                    HPOS="366"
                    VPOS="1071"
                    WIDTH="519"
                    HEIGHT="71"></String>
          </TextLine>

          
          
          <TextLine ID="eSc_line_b526100d"
                    TAGREFS="LT83"
                    BASELINE="369 1160 825 1167" 
                    HPOS="366"
                    VPOS="1125"
                    WIDTH="459"
                    HEIGHT="55">
            <Shape><Polygon POINTS="816 1127 794 1127 771 1127 767 1125 369 1125 369 1160 366 1174 821 1180 825 1167 823 1127 816 1127"/></Shape>
	    <String CONTENT="con una gruesa cadena"
                    HPOS="366"
                    VPOS="1125"
                    WIDTH="459"
                    HEIGHT="55"></String>
          </TextLine>

          
          
          <TextLine ID="eSc_line_06da3a35"
                    TAGREFS="LT83"
                    BASELINE="369 1214 870 1223" 
                    HPOS="366"
                    VPOS="1167"
                    WIDTH="504"
                    HEIGHT="72">
            <Shape><Polygon POINTS="369 1214 366 1227 865 1239 870 1223 870 1178 369 1167 369 1214"/></Shape>
	    <String CONTENT="tan recios golpes le daba,"
                    HPOS="366"
                    VPOS="1167"
                    WIDTH="504"
                    HEIGHT="72"></String>
          </TextLine>

          
          
          <TextLine ID="eSc_line_aab0d0ba"
                    TAGREFS="LT83"
                    BASELINE="375 1265 879 1270" 
                    HPOS="373"
                    VPOS="1218"
                    WIDTH="506"
                    HEIGHT="72">
            <Shape><Polygon POINTS="375 1265 373 1279 874 1290 879 1270 876 1227 375 1218 375 1265"/></Shape>
	    <String CONTENT="que ya por los ojos brota"
                    HPOS="373"
                    VPOS="1218"
                    WIDTH="506"
                    HEIGHT="72"></String>
          </TextLine>

          
          
          <TextLine ID="eSc_line_f189288e"
                    TAGREFS="LT83"
                    BASELINE="369 1317 917 1326" 
                    HPOS="366"
                    VPOS="1263"
                    WIDTH="551"
                    HEIGHT="96">
            <Shape><Polygon POINTS="503 1268 480 1268 458 1268 436 1268 413 1268 391 1268 389 1263 369 1263 369 1317 366 1330 418 1344 420 1344 458 1335 472 1333 476 1337 487 1346 487 1348 489 1348 492 1348 494 1348 532 1339 581 1328 637 1328 657 1344 657 1346 659 1346 662 1346 664 1346 666 1346 668 1346 680 1335 713 1344 715 1344 718 1344 720 1344 722 1344 722 1342 735 1330 816 1353 832 1357 834 1357 836 1359 914 1359 917 1326 917 1281 505 1268 503 1268"/></Shape>
	    <String CONTENT="la púrpura en vez de agua;"
                    HPOS="366"
                    VPOS="1263"
                    WIDTH="551"
                    HEIGHT="96"></String>
          </TextLine>

          
          
          <TextLine ID="eSc_line_bed26908"
                    TAGREFS="LT83"
                    BASELINE="364 1377 838 1377" 
                    HPOS="364"
                    VPOS="1317"
                    WIDTH="474"
                    HEIGHT="121">
            <Shape><Polygon POINTS="543 1321 521 1321 510 1319 458 1319 454 1319 431 1319 409 1319 387 1319 384 1317 364 1317 364 1377 364 1426 570 1418 586 1431 586 1433 588 1433 590 1433 836 1438 838 1377 838 1328 552 1321 543 1321"/></Shape>
	    <String CONTENT="y con sobervia le dice:"
                    HPOS="364"
                    VPOS="1317"
                    WIDTH="474"
                    HEIGHT="121"></String>
          </TextLine>

          
        </TextBlock>
        
        <TextBlock HPOS="1071"
                   VPOS="215"
                   WIDTH="675"
                   HEIGHT="1205"
                   ID="block_1"
                   TAGREFS="BT227">
          <Shape><Polygon POINTS="1746 215 1746 1420 1071 1420 1071 215"/></Shape>
          
          
          <TextLine ID="eSc_line_38db91f6"
                    TAGREFS="LT83"
                    BASELINE="1125 268 1659 281" 
                    HPOS="1123"
                    VPOS="212"
                    WIDTH="536"
                    HEIGHT="89">
            <Shape><Polygon POINTS="1125 268 1123 290 1655 301 1659 281 1659 234 1125 212 1125 268"/></Shape>
	    <String CONTENT="Dime, que tienes Cristiana?"
                    HPOS="1123"
                    VPOS="212"
                    WIDTH="536"
                    HEIGHT="89"></String>
          </TextLine>

          
          
          <TextLine ID="eSc_line_9cbebf3f"
                    TAGREFS="LT83"
                    BASELINE="1127 322 1646 335" 
                    HPOS="1125"
                    VPOS="272"
                    WIDTH="521"
                    HEIGHT="81">
            <Shape><Polygon POINTS="1127 322 1125 335 1642 353 1646 335 1644 288 1127 272 1127 322"/></Shape>
	    <String CONTENT="Vés aqui á tu hijo muerto,"
                    HPOS="1125"
                    VPOS="272"
                    WIDTH="521"
                    HEIGHT="81"></String>
          </TextLine>

          
          
          <TextLine ID="eSc_line_cce072c1"
                    TAGREFS="LT83"
                    BASELINE="1120 371 1572 380" 
                    HPOS="1118"
                    VPOS="328"
                    WIDTH="454"
                    HEIGHT="70">
            <Shape><Polygon POINTS="1568 335 1565 333 1120 328 1120 371 1118 391 1568 398 1572 380 1570 335 1568 335"/></Shape>
	    <String CONTENT="es ese lo que te falta?"
                    HPOS="1118"
                    VPOS="328"
                    WIDTH="454"
                    HEIGHT="70"></String>
          </TextLine>

          
          
          <TextLine ID="eSc_line_ce5b8d3d"
                    TAGREFS="LT83"
                    BASELINE="1127 420 1601 433" 
                    HPOS="1125"
                    VPOS="373"
                    WIDTH="476"
                    HEIGHT="83">
            <Shape><Polygon POINTS="1127 420 1125 433 1597 456 1601 433 1601 389 1127 373 1127 420"/></Shape>
	    <String CONTENT="Yo os lo freiré en aceite,"
                    HPOS="1125"
                    VPOS="373"
                    WIDTH="476"
                    HEIGHT="83"></String>
          </TextLine>

          
          
          <TextLine ID="eSc_line_7e3e3666"
                    TAGREFS="LT83"
                    BASELINE="1125 474 1626 483" 
                    HPOS="1123"
                    VPOS="433"
                    WIDTH="503"
                    HEIGHT="70">
            <Shape><Polygon POINTS="1125 474 1123 485 1621 503 1626 483 1626 440 1125 433 1125 474"/></Shape>
	    <String CONTENT="y os lo comeréis mañana."
                    HPOS="1123"
                    VPOS="433"
                    WIDTH="503"
                    HEIGHT="70"></String>
          </TextLine>

          
          
          <TextLine ID="eSc_line_b4d40f54"
                    TAGREFS="LT83"
                    BASELINE="1118 523 1588 534" 
                    HPOS="1116"
                    VPOS="469"
                    WIDTH="472"
                    HEIGHT="83">
            <Shape><Polygon POINTS="1297 478 1275 478 1252 478 1230 476 1208 476 1185 476 1163 476 1140 476 1138 469 1118 469 1118 523 1116 541 1583 552 1588 534 1586 492 1304 478 1297 478"/></Shape>
	    <String CONTENT="De la mazmorra se sale,"
                    HPOS="1116"
                    VPOS="469"
                    WIDTH="472"
                    HEIGHT="83"></String>
          </TextLine>

          
          
          <TextLine ID="eSc_line_347dcb0f"
                    TAGREFS="LT83"
                    BASELINE="1114 572 1603 581" 
                    HPOS="1111"
                    VPOS="532"
                    WIDTH="492"
                    HEIGHT="69">
            <Shape><Polygon POINTS="1114 572 1111 592 1599 601 1603 581 1603 541 1114 532 1114 572"/></Shape>
	    <String CONTENT="á sus mayordomos llama"
                    HPOS="1111"
                    VPOS="532"
                    WIDTH="492"
                    HEIGHT="69"></String>
          </TextLine>

          
          
          <TextLine ID="eSc_line_1c5fac04"
                    TAGREFS="LT83"
                    BASELINE="1109 624 1653 632" 
                    HPOS="1107"
                    VPOS="581"
                    WIDTH="546"
                    HEIGHT="74">
            <Shape><Polygon POINTS="1109 624 1107 639 1648 655 1653 632 1650 581 1109 581 1109 624"/></Shape>
	    <String CONTENT="diciéndoles: Que os parece,"
                    HPOS="1107"
                    VPOS="581"
                    WIDTH="546"
                    HEIGHT="74"></String>
          </TextLine>

          
          
          <TextLine ID="eSc_line_8405d591"
                    TAGREFS="LT83"
                    BASELINE="1118 675 1680 684" 
                    HPOS="1116"
                    VPOS="628"
                    WIDTH="564"
                    HEIGHT="74">
            <Shape><Polygon POINTS="1633 632 1610 632 1588 632 1565 632 1543 632 1521 632 1505 630 1398 630 1386 630 1384 628 1118 628 1118 675 1116 688 1675 702 1680 684 1677 632 1633 630 1633 632"/></Shape>
	    <String CONTENT="que se haga en la Cristiana?"
                    HPOS="1116"
                    VPOS="628"
                    WIDTH="564"
                    HEIGHT="74"></String>
          </TextLine>

          
          
          <TextLine ID="eSc_line_67d86239"
                    TAGREFS="LT83"
                    BASELINE="1109 724 1693 733" 
                    HPOS="1107"
                    VPOS="675"
                    WIDTH="586"
                    HEIGHT="78">
            <Shape><Polygon POINTS="1288 679 1266 679 1255 677 1205 677 1199 677 1176 677 1154 677 1131 677 1129 675 1109 675 1109 724 1107 742 1688 753 1693 733 1691 688 1400 682 1301 679 1288 679"/></Shape>
	    <String CONTENT="Mi intento es darle la muerte"
                    HPOS="1107"
                    VPOS="675"
                    WIDTH="586"
                    HEIGHT="78"></String>
          </TextLine>

          
          
          <TextLine ID="eSc_line_bb3ef48a"
                    TAGREFS="LT83"
                    BASELINE="1114 773 1637 787" 
                    HPOS="1111"
                    VPOS="726"
                    WIDTH="526"
                    HEIGHT="74">
            <Shape><Polygon POINTS="1114 726 1114 773 1111 791 1633 800 1637 787 1635 749 1290 742 1255 731 1250 729 1248 729 1246 729 1239 729 1201 738 1127 726 1114 726"/></Shape>
	    <String CONTENT="antes hoy que no mañana."
                    HPOS="1111"
                    VPOS="726"
                    WIDTH="526"
                    HEIGHT="74"></String>
          </TextLine>

          
          
          <TextLine ID="eSc_line_52a3ab40"
                    TAGREFS="LT83"
                    BASELINE="1118 823 1624 838" 
                    HPOS="1116"
                    VPOS="776"
                    WIDTH="508"
                    HEIGHT="78">
            <Shape><Polygon POINTS="1118 823 1116 834 1619 854 1624 838 1624 789 1118 776 1118 823"/></Shape>
	    <String CONTENT="Todos á una voz dijeron:"
                    HPOS="1116"
                    VPOS="776"
                    WIDTH="508"
                    HEIGHT="78"></String>
          </TextLine>

          
          
          <TextLine ID="eSc_line_db5970fc"
                    TAGREFS="LT83"
                    BASELINE="1114 874 1595 885" 
                    HPOS="1111"
                    VPOS="823"
                    WIDTH="484"
                    HEIGHT="76">
            <Shape><Polygon POINTS="1270 829 1266 827 1219 827 1203 827 1190 825 1165 825 1158 825 1136 825 1134 823 1114 823 1114 874 1111 890 1590 899 1595 885 1595 843 1272 829 1270 829"/></Shape>
	    <String CONTENT="Es justo de que se haga."
                    HPOS="1111"
                    VPOS="823"
                    WIDTH="484"
                    HEIGHT="76"></String>
          </TextLine>

          
          
          <TextLine ID="eSc_line_3c3be7bc"
                    TAGREFS="LT83"
                    BASELINE="1109 925 1630 934" 
                    HPOS="1107"
                    VPOS="879"
                    WIDTH="523"
                    HEIGHT="78">
            <Shape><Polygon POINTS="1579 885 1557 885 1534 885 1512 885 1494 883 1456 883 1445 883 1422 883 1416 881 1109 879 1109 925 1107 937 1147 950 1149 950 1626 957 1630 934 1630 885 1579 883 1579 885"/></Shape>
	    <String CONTENT="Dijo el renegado entonces:"
                    HPOS="1107"
                    VPOS="879"
                    WIDTH="523"
                    HEIGHT="78"></String>
          </TextLine>

          
          
          <TextLine ID="eSc_line_2c23b76a"
                    TAGREFS="LT83"
                    BASELINE="1111 975 1570 984" 
                    HPOS="1109"
                    VPOS="928"
                    WIDTH="461"
                    HEIGHT="76">
            <Shape><Polygon POINTS="1156 928 1134 928 1111 928 1111 975 1109 993 1565 1004 1570 984 1568 941 1176 928 1156 928"/></Shape>
	    <String CONTENT="Pues idear nueva traza;"
                    HPOS="1109"
                    VPOS="928"
                    WIDTH="461"
                    HEIGHT="76"></String>
          </TextLine>

          
          
          <TextLine ID="eSc_line_c287875c"
                    TAGREFS="LT83"
                    BASELINE="1118 1028 1595 1033" 
                    HPOS="1116"
                    VPOS="984"
                    WIDTH="479"
                    HEIGHT="69">
            <Shape><Polygon POINTS="1543 984 1521 984 1498 984 1476 984 1118 984 1118 1028 1116 1051 1590 1053 1595 1033 1592 984 1565 984 1543 984"/></Shape>
	    <String CONTENT="que castigo se ha de dar"
                    HPOS="1116"
                    VPOS="984"
                    WIDTH="479"
                    HEIGHT="69"></String>
          </TextLine>

          
          
          <TextLine ID="eSc_line_93468e07"
                    TAGREFS="LT83"
                    BASELINE="1107 1078 1628 1084" 
                    HPOS="1105"
                    VPOS="1035"
                    WIDTH="523"
                    HEIGHT="67">
            <Shape><Polygon POINTS="1107 1078 1105 1091 1624 1102 1628 1084 1628 1037 1107 1035 1107 1078"/></Shape>
	    <String CONTENT="á esta homicida Cristiana?"
                    HPOS="1105"
                    VPOS="1035"
                    WIDTH="523"
                    HEIGHT="67"></String>
          </TextLine>

          
          
          <TextLine ID="eSc_line_cf90b373"
                    TAGREFS="LT83"
                    BASELINE="1102 1127 1561 1136" 
                    HPOS="1100"
                    VPOS="1078"
                    WIDTH="461"
                    HEIGHT="71">
            <Shape><Polygon POINTS="1541 1084 1539 1084 1536 1084 1463 1093 1456 1093 1152 1080 1147 1080 1125 1080 1123 1078 1102 1078 1102 1127 1100 1140 1557 1149 1561 1136 1561 1095 1543 1084 1541 1084"/></Shape>
	    <String CONTENT="Dejemos en este estado"
                    HPOS="1100"
                    VPOS="1078"
                    WIDTH="461"
                    HEIGHT="71"></String>
          </TextLine>

          
          
          <TextLine ID="eSc_line_c965d9b2"
                    TAGREFS="LT83"
                    BASELINE="1102 1178 1545 1187" 
                    HPOS="1100"
                    VPOS="1131"
                    WIDTH="445"
                    HEIGHT="74">
            <Shape><Polygon POINTS="1102 1178 1100 1194 1541 1205 1545 1187 1543 1142 1102 1131 1102 1178"/></Shape>
	    <String CONTENT="aquesta primera plana,"
                    HPOS="1100"
                    VPOS="1131"
                    WIDTH="445"
                    HEIGHT="74"></String>
          </TextLine>

          
          
          <TextLine ID="eSc_line_53b84dc3"
                    TAGREFS="LT83"
                    BASELINE="1100 1236 1590 1236" 
                    HPOS="1100"
                    VPOS="1189"
                    WIDTH="490"
                    HEIGHT="68">
            <Shape><Polygon POINTS="1100 1236 1100 1257 1590 1257 1590 1236 1590 1192 1100 1189 1100 1236"/></Shape>
	    <String CONTENT="y Pedro de Fuentes pide"
                    HPOS="1100"
                    VPOS="1189"
                    WIDTH="490"
                    HEIGHT="68"></String>
          </TextLine>

          
          
          <TextLine ID="eSc_line_2c9fc630"
                    TAGREFS="LT83"
                    BASELINE="1109 1281 1664 1292" 
                    HPOS="1107"
                    VPOS="1239"
                    WIDTH="557"
                    HEIGHT="73">
            <Shape><Polygon POINTS="1199 1239 1176 1239 1154 1239 1131 1239 1109 1239 1109 1281 1107 1301 1659 1312 1664 1292 1664 1248 1219 1239 1199 1239"/></Shape>
	    <String CONTENT="perdon de sus muchas faltas,"
                    HPOS="1107"
                    VPOS="1239"
                    WIDTH="557"
                    HEIGHT="73"></String>
          </TextLine>

          
          
          <TextLine ID="eSc_line_3a5ac72e"
                    TAGREFS="LT83"
                    BASELINE="1102 1328 1630 1337" 
                    HPOS="1100"
                    VPOS="1286"
                    WIDTH="530"
                    HEIGHT="73">
            <Shape><Polygon POINTS="1102 1328 1100 1346 1109 1353 1111 1353 1114 1353 1116 1353 1201 1344 1626 1359 1630 1337 1630 1295 1102 1286 1102 1328"/></Shape>
	    <String CONTENT="que en otra segunda parte"
                    HPOS="1100"
                    VPOS="1286"
                    WIDTH="530"
                    HEIGHT="73"></String>
          </TextLine>

          
          
          <TextLine ID="eSc_line_4a21ff5b"
                    TAGREFS="LT83"
                    BASELINE="1096 1384 1608 1391" 
                    HPOS="1093"
                    VPOS="1328"
                    WIDTH="515"
                    HEIGHT="132">
            <Shape><Polygon POINTS="1543 1337 1521 1337 1498 1337 1476 1335 1469 1335 1380 1339 1304 1342 1281 1335 1275 1333 1252 1333 1230 1330 1205 1333 1123 1339 1098 1328 1096 1384 1093 1426 1250 1429 1263 1438 1301 1458 1304 1458 1306 1460 1386 1460 1386 1458 1389 1458 1391 1458 1391 1456 1402 1447 1411 1456 1411 1458 1413 1458 1416 1458 1418 1458 1606 1456 1608 1391 1608 1348 1543 1337 1543 1337"/></Shape>
	    <String CONTENT="les dirá lo que aqui falta."
                    HPOS="1093"
                    VPOS="1328"
                    WIDTH="515"
                    HEIGHT="132"></String>
          </TextLine>

          
        </TextBlock>
        
        <TextBlock HPOS="1612"
                   VPOS="2229"
                   WIDTH="136"
                   HEIGHT="116"
                   ID="block_2"
                   TAGREFS="BT233">
          <Shape><Polygon POINTS="1612 2229 1748 2229 1748 2345 1615 2345 1615 2229"/></Shape>
          
          
          <TextLine ID="eSc_line_9ecc683e"
                    TAGREFS="LT83"
                    BASELINE="1646 2299 1739 2296" 
                    HPOS="1642"
                    VPOS="2250"
                    WIDTH="96"
                    HEIGHT="71">
            <Shape><Polygon POINTS="1644 2297 1644 2319 1735 2321 1738 2294 1733 2252 1642 2250 1644 2297"/></Shape>
	    <String CONTENT="SE-"
                    HPOS="1642"
                    VPOS="2250"
                    WIDTH="96"
                    HEIGHT="71"></String>
          </TextLine>

          
        </TextBlock>
        

        
      </PrintSpace>
    </Page>
  </Layout>
</alto>
