1559 2327
837 102 129 58 — 26 —

324 162 1141 69 prendiese que aquel sujeto era un espía que acababa de dar-

324 214 1143 67 le noticias de la existencia de los bandidos en la sierra. Vol-

326 265 1138 56 vióse el delator á los breñales por el lado que marchaba el

324 315 1141 62 teniente, y apenas se aventuró por un estrecho sendero, una

326 367 1141 58 mano de hierro le cogió por la garganta, y medio asfixiado

327 409 1140 68 abrió las manos, de las que se desprendió la escopeta que lle-

329 465 348 54 vaba en el seguro.

384 505 1085 62 Mientras esto sucedía, los frailes y provinciales tomaban

329 555 1139 65 posesión de la posada del próximo pueblo, donde debían

329 617 602 52 pasar tranquilamente la noche.

384 651 1085 67 Antes de que el confidente pudiera darse cuenta de lo que

331 700 1138 67 le sucedía, se sintió amarrar fuertemente los brazos con

332 752 1139 65 uno de esos cordeles de cáñamo que llevan siempre á pre-

332 800 1140 67 vención los bandidos; el que le había cogido por el cuello

332 850 850 62 afilojó un tanto, diciéndole al mismo tiempo:

370 897 1106 66 —En cuantito abras la boca te doy un achuchón que te de-

335 948 1139 66 jo seco el paladar; conque así tú verás lo que jaces y lo que

337 1013 236 44 te conviene.

376 1043 1101 70 —¿Pero yo qué he jecho pa que me traten de esta manera?

338 1096 1136 64 —dijo con acento ronco, á causa de la caricia que le había

340 1151 597 59 hecho el teniente en el gaznate.

394 1194 1082 59 La contestación no se hizo esperar: apenas concluída la

340 1242 1137 63 última palabra, sintió entre oreja y oreja tan terrible cogota-

341 1294 1136 64 zo, que el pobre hombre dió algunos traspiés y estuvo á pun-

342 1343 518 62 to de rodar por el sendero.

397 1383 1081 71 Llegaron á una pequeña choza, y uno de los muchachos

344 1434 1136 63 llamó con la culata de la escopeta; aquélla se abrió inmediata-

346 1486 1132 67 mente, apareciendo un jastialote, con un candil en la mano,

346 1537 1135 67 de aspecto entre gañán y bandido. Entraron el teniente y su

349 1584 1132 65 prisionero, y detrás los muchachos, que llevaban la cuerda

346 1635 1134 63 con que iba atado; sentóse Cartucho delante de la chimenea,

349 1681 1131 62 donde ardía un buen fuego, y dió orden á los bandidos para

353 1732 1127 66 que le presentasen aquel aguilucho recortao por si le había

359 1789 408 54 visto en alguna parte.

389 1826 1094 65 —Vamos, tunante, desembucha por el aire cuanto has di-

355 1878 1128 59 cho al oficial de provinciales; y ten cudiao con lo que dices,

360 1928 1125 64 porque si te cojo en un renuncio, estoy jaciendo judiás con-

362 1976 539 75 tigo mientras te dure la vida.
