1679 2290
748 199 130 63 — 30 —

231 269 1142 60 con tal denuedo y bravura que los hizo huir á la desbanda-

230 318 1143 59 da: aquella fué la señal de sálvese el que pueda, y los que

231 368 1142 62 aún peleaban imitaron el ejemplo de su jefe, perdiéndose

231 416 943 59 enseguida entre las accidentaciones del terreno.

286 468 1088 57 Tampoco los frailes se aguardaron á razones: remanga-

231 515 1143 60 dos los hábitos, emprendieron por la montaña tan vertigi-

234 564 1140 65 nosa carrera, que parecían conejos huyendo de una traílla

232 611 264 60 de podencos.

287 661 1087 57 Las pérdidas sufridas por parte de Melchor habían si-

234 713 1143 56 do sensibles: el teniente Cartucho y cuatro muchachos de

234 759 1140 60 los más osados murieron en la acción batiéndose como

235 809 132 65 fieras.

287 854 1090 67 Las cuatro cajas conteniendo los ochenta mil duros del

235 907 1141 56 donativo fueron trasladadas al cortijo, donde se hizo el re-

236 956 1141 56 parto, concediendo Melchor á sus bandidos quince días de

235 1003 1142 59 libertad para que se divirtiesen y llevasen dinero á sus fami-

236 1053 1141 55 lias. Antes de partir nombró su teniente á uno de los mu-

234 1103 1143 57 chachos apodado Poca pena; y aunque este nombramiento

238 1158 1139 53 no fué del agrado de los bandidos, ninguno se atrevió á re-

239 1208 183 46 chazarlo.

295 1249 1078 57 Poca pena había ingresado en la partida un año antes; y,

241 1302 1132 55 según confesión propia, había cometido varios crímenes y

241 1349 375 56 no pocas fechorías.

297 1398 1082 56 Pero el relato de sus hazañas era ni más ni menos que

241 1443 1138 59 un tejido de imposturas; todas sus guapezas se reducían á

244 1492 1135 57 haber cometido dos asesinatos cobardes y con el ensaña-

244 1543 1135 57 miento de un miserable que carece por completo de todo

245 1586 535 62 sentimiento de humanidad.

294 1638 1085 57 Hacía tres años que contrajera matrimonio con una joven

244 1686 1137 59 de la vecindad, tan honrada como hermosa y tan limpia como

245 1739 1136 56 económica, y mujer capaz de volver su casa lo de arriba aba-

246 1787 1132 60 jo en menos tiempo que nosotros empleamos en decirlo.

302 1834 1079 59 Antes de casarse María con Poca pena, mote con que era

246 1882 1136 58 conocido en el pueblo, había tenido relaciones unos dos me-

250 1931 1131 58 ses con el hijo del alcalde, relaciones que terminaron por la

248 1980 1134 61 oposición de los padres del mozo á causa de la pobreza de

249 2027 261 55 la muchacha.

306 2077 1077 66 Sin embargo de la ruptura, no por eso dejaron de apre-
