1649 2324
817 98 130 58 — 31 —

306 158 1135 58 ciarse dentro de los límites de la más pura y santa amistad.

358 211 1084 60 Aunque María, obrando lealmente, había puesto en cono-

306 260 1135 57 cimiento de su marido antes de casarse estas relaciones y la

304 308 1137 59 causa de su rompimiento, Poca pena manifestaba serle indi-

306 358 1025 57 ferente, siempre que ella le quisiese con toda su alma.

361 407 1080 59 Pero todas estas promesas cayeron por tierra ocho días

307 458 519 57 después de su casamiento.

360 503 1082 53 Por si María miró ó no miró al hijo del alcalde, por si le

308 551 1133 55 saludó con la sonrisa en los labios, ó por si se le encontraba

306 601 1136 56 á menudo, era suficiente motivo para propinarla tan tremen-

306 653 982 51 da paliza, hasta dejarla completamente desfallecida.

361 701 1078 58 Las amenazas de muerte, las injurias, los puntapiés y las

306 750 789 53 bofetadas eran prodigados á todas horas.

357 795 1085 62 Una tarde en que María fué saludada por el hijo del alcal-

306 846 1136 62 de cuando iba al campo, lo vió su marido; y cogiéndola bru-

306 898 1132 60 talmente por un brazo y metiéndola á empujones en su casa,

307 948 778 57 la dijo con acento amenazador y terrible:

343 999 1099 58 —¡Ha llegado la hora, infame y mala mujer, en que yo te

304 1044 429 59 cumpla lo prometido!

364 1093 1078 52 Y poniéndose la chaqueta y el sombrero, salió de su casa

306 1141 364 58 como una tromba.

360 1186 1083 63 Cerca del anochecer se apareció al hijo del alcalde, que es-

309 1239 849 61 taba arando las tierras de su padre, y le dijo:

343 1291 1100 55 —Francisco, ¿quieres darme tabaco para echar un ciga-

308 1338 1135 60 rro? porque he concluido con el mío y tengo hambre de

308 1386 143 62 fumar.

343 1433 1100 60 —¡Sí, hombre! Allí tienes la chaqueta, saca la petaca y to-

306 1482 1138 64 ma el que quieras, que yo tengo en casa lo que no puedo fu-

308 1537 456 54 marme en una semana.

342 1580 1100 61 —No, ven conmigo y dámelo, porque á mí no me gusta

307 1634 612 56 meter la mano en bolsillo ajeno.

339 1675 1103 57 —Como quieras; pero ese escrúpulo me parece tonto, sien-

306 1731 489 58 do así que yo te autorizo.

362 1775 1080 63 Y los dos juntos se dirigieron á un repecho, donde Fran-

308 1828 719 54 cisco tenía la chaqueta y el sombrero.

361 1874 1080 54 Apenas el hijo del alcalde se inclinó para tomar la pren-

308 1923 1133 61 da, Poca pena, con la rapidez del relámpago, hundió por dos

311 1975 1130 63 veces en la espalda un ancho cuchillo que llevaba preveni-
