1654 2325
883 164 153 64 — 28 —

386 231 1132 59 encaminó al cortijo, donde le esperaba el famoso Melchor.

439 282 1080 59 Puso en su conocimiento cuantas observaciones había

387 334 1132 54 hecho desde que los conductores del dinero penetraron en

387 381 1133 59 la carretera de Córdoba, sin omitir lo que le declarara el es-

387 435 880 54 pía, al que había hecho pagar cara su traición.

422 480 1100 57 —El aviso de ese tunante—dijo el capitán—nos ha perjudi-

386 527 1133 56 cado en gran manera, porque los provinciales marcharán

390 581 1043 53 siempre prevenidos, y se hace imposible una sorpresa.

423 631 1096 49 —Pues por lo mismo mandé que le fusilaran apenas me

387 674 588 58 largó cuanto tenía en el buche.

422 724 1097 57 —Está bien, pero eso no evita lo otro, y tendremos que

386 771 1134 55 apretar bien las clavijas si nos hemos de quedar con la con-

387 822 334 58 ducta del dinero.

422 865 1098 63 —por eso no hay que apurarse, mi capitán; ya sabe usté

387 917 1133 58 mejor que naide que los muchachos son duros como demo-

390 967 1128 61 nios, y prefieren morir antes que golver la cara al enemigo.

426 1015 1094 62 —No se compone todo por la fuerza, y la victoria depende

388 1066 1131 56 muchas veces de una tontería; lo que sí es necesario sacar

390 1116 1130 55 ventaja desde el principio, que es lo que da siempre superio-

388 1163 1003 57 ridad entre dos enemigos que se baten en buena ley.

422 1210 1097 61 —Aunque me lo explique cien veces, de esas cosas no en-

388 1258 1130 58 tiendo yo una palabra; yo soy muy güeno pa cumplir con lo

390 1312 871 55 que se me ordena y batirme como el primero.

425 1353 1094 61 —No hablemos de eso, que yo sé demasiado lo que vale

387 1404 1132 63 cada uno, y si Pelote no trae alguna noticia que haga variar

392 1457 1127 60 mi plan, pasado mañana, á la hora conveniente, esperare-

390 1503 1070 58 mos á los provinciales en el barranquillo de las tórtolas.

426 1555 1088 59 —Güeno, mi capitán, y yo le aseguro que, como siempre,

390 1604 1129 50 daremos leña á los provinciales, y ni éstos ni los cuadrille-

392 1654 747 57 ros pisarán en mucho tiempo la sierra.

425 1699 1094 56 —Ocúpate de todos los preparativos—dijo Melchor refle-

392 1750 1127 53 xionando,—sin decirle á la gente el asunto que tenemos en-

395 1803 216 51 tre manos.

429 1840 1086 67 —Descudie usté, mi capitán; y esa advertencia no reza

394 1898 188 57 conmigo.

445 1941 1072 59 Dos días después, á las once de la mañana, Melchor de la

396 1994 1122 58 Cruz tomaba posesión del barranquillo de las Tórtolas, dis-

399 2048 1118 56 tribuyendo su gente y haciéndola ocupar los puestos estra-
