1664 2349
599 125 148 42 — 25 —

97 167 1138 61 cido valor y práctico en la persecución de malhechores.

154 219 1083 60 El muchacho, que ya había terminado su cometido, de un

99 272 1136 55 repelón se metió en la sierra; y sin desviarse un punto del

93 318 1142 65 itinerario marcado por el teniente, regresó al cortijo, donde

95 368 584 58 era esperado con impaciencia.

147 416 1086 59 El capitán y el teniente oyeron detalle por detalle cuanto

91 467 1139 58 había pasado en Granada, y la salida de los frailes, custodia-

88 512 1141 59 dos por soldados de la provincia, manifestándole el capitán

87 563 1141 62 que si era verídico su relato, desde luego quedaba admitido

84 612 264 54 en la partida.

142 660 1083 60 Aquella misma noche dispuso Melchor que su teniente

83 709 1139 57 saliese al encuentro de los franciscanos, en unión de dos

83 767 1139 49 muchachos, y no los perdiesen de vista desde que penetra-

79 803 1141 62 sen en la sierra de Córdoba, pero que debían hacerlo de ma-

79 857 1138 57 nera que ni frailes ni soldados adivinasen su presencia; los

78 905 1131 63 sometía á este espionaje por si alguien trataba de venderlos,

74 955 946 58 excitado por la codicia de una buena recompensa.

602 1107 80 67 VII

120 1243 1083 64 El teniente salió aquella misma noche del cortijo, según

62 1294 1141 61 le había ordenado el capitán, en demanda de los límites de

62 1342 1142 63 la provincia de Córdoba, donde debía esperar á los encarga-

58 1389 1142 63 dos del espléndido donativo. Como quiera que los frailes ha-

58 1440 1141 60 cían el camino á pequeñas jornadas, el teniente estuvo de

57 1491 1142 60 plantón unos cuantos días antes de percibirlos en la carre-

56 1545 1138 51 tera: desde aquel momento no dieron un paso sin estar

56 1586 646 58 bajo la vigilancia de los bandidos.

107 1635 1087 58 Una tarde, en que la niebla de la montaña era bastante

50 1686 1140 58 espesa, el teniente, amparado por ella, se acercó cuanto pudo

49 1742 1141 52 á la carretera, y vió que un hombre, que parecía haberse des-

48 1781 1140 61 prendido de un peñasco, se metió en el camino; y saludando

46 1833 1140 56 al oficial que mandaba la fuerza, le habló como si ya fueran

43 1880 1143 63 conocidos, yendo á su lado más de media legua. Antes de se-

45 1932 949 60 pararse recibió del militar unas cuantas monedas.

99 1979 1083 69 No era menester tanto para que el teniente Cartucho com-

1019 2033 36 65 4
