1637 2371
852 167 103 58 — 8 —

317 235 1148 56 ración forzosa á que su padre la había condenado injusta-

318 279 1143 58 mente por no querer doblegarse á su caprichosa tiranía, de-

317 334 1143 57 mostrando un dolor y una desesperación que estaba muy

316 375 291 66 lejos de sentir.

369 418 1091 70 La pobre niña, cada vez más enamorada, creyéndole hom-

316 470 1143 63 bre de honor, no dudaba de sus palabras y juramentos, por

316 520 1145 60 lo que llegó á concebir contra el padre de Melchor una terri-

314 567 990 63 ble aversión, que bien pronto fué notada por su tío.

373 620 1086 61 No se sabe de quién partiría una explicación, pero fué lo

318 669 1142 56 cierto que vinieron á un acuerdo, prometiéndola su tío so-

318 717 1143 61 lemnemente que juntos examinarían su conducta, para que

318 767 1143 58 se desengañase de la razón que tenía para alejarle de su la-

318 815 1141 63 do y viese la clase de hombre en quien había depositado su

316 860 153 58 cariño.

374 906 1086 68 Lo mismo que Melchor había comprado la persona de

316 966 1145 53 confianza de su cuñado, lo mismo hizo su padre con el ma-

322 1008 1138 66 yordomo que regentaba la casa de su hijo, un rufián des-

318 1057 1141 63 almado, de la misma calaña de los criados que le rodeaban,

321 1107 1139 58 los que le obedecían ciegamente y eran sus cómplices en las

318 1153 668 73 infamias que cometía casi á diario.

376 1203 1085 66 Le convenía una servidumbre muda y ciega, encubridora

320 1253 1137 66 de crímenes que hubiera castigado la justicia, al tener de

318 1304 1138 61 ellos conocimiento, por encima de sus parientes y amigos.

375 1356 1082 60 Su padre debió asistir, acompañado de su sobrina, sin

321 1402 1139 62 que nadie lo notase, á una de las muchas orgías que celebra-

320 1450 1140 60 ba Melchor en un salón de su casa destinado al efecto, por-

322 1498 1137 62 que algunos días después de su última entrevista con su

320 1547 1139 58 amada prima recibió carta de ésta, en la que le manifestaba

321 1595 1139 59 lo imposible de su unión con un hombre que lo había per-

318 1643 1139 65 dido todo; y que si le quedaba un resto de pudor, haría muy

322 1695 550 56 bien en no volver á visitarla.

375 1740 1084 60 La carta le enfureció hasta el punto de concebir contra la

321 1790 1140 65 pobre niña una terrible venganza; pero intentó antes enga-

322 1842 1139 61 ñarla de nuevo, y le rogó al ama de llaves le proporcionase

324 1888 1136 68 una entrevista con su prima, acompañando la petición con

324 1938 1137 65 una fuerte cantidad. La respuesta se la llevó la complaciente

324 1987 1136 59 señora de confianza, y ocho días después, en ausencia de los

318 2036 1142 83 padres de la pobre Aurora, le introdujo furtivamente en el
