1655 2325
762 167 139 61 — 29 —

251 233 1143 62 tégicos. Al teniente se le encomendó que atacase á los pro-

255 282 1139 60 vinciales siempre que éstos tratasen de forzar el paso, esca-

251 335 1141 56 pando con los frailes por la salida de una profunda cañada

253 381 1139 54 que daba paso á las montañas de las ermitas. Un profundo

251 431 1139 59 silencio reinaba en aquel sitio sombrío, que aun lo era más

254 480 1138 61 por el tristísimo y monótono canto de las tórtolas que ani-

251 529 668 60 daban en los chaparros y quejigos.

307 578 1084 58 Una hora después empezaron á descender á lo más pro-

250 630 1138 57 fundo del barranco los migueletes, que marchaban en ala,

253 675 1137 53 llevando en medio á los conductores del dinero; ya en medio

250 725 1140 59 de aquella especie de cañón, por donde tenían necesaria-

253 776 1137 53 mente que atravesar, sonó un escopetazo, seguido de una

251 829 347 53 descarga cerrada.

306 873 1084 54 Aunque los soldados iban prevenidos por la delación del

249 922 1142 50 espía, no dejó de sorprenderles lo violento y rudo del ata-

251 971 1139 52 que; otra nueva descarga hizo más aflictiva la situación de

251 1025 1139 52 los pobres provinciales. Los frailes gritaban como energú-

251 1069 1136 58 menos, pidiendo á Dios misericordia, y deslizándose de las

251 1118 1135 57 mulas, echaron abajo las cajas que contenían el dinero, y

250 1168 1138 59 poniéndolas de canto, se parapetaron detrás de aquel im-

249 1214 381 58 provisado baluarte.

303 1261 1085 59 El fuego que sobre la tropa habían hecho y seguían ha-

246 1314 1140 59 ciendo los bandidos, causó bajas definitivas y buen número

248 1361 1134 57 de heridos, equilibrando las fuerzas de ambos enemigos.

248 1411 1138 58 Los bandidos, resguardados por las salientes de las monta-

246 1460 1140 60 ñas, herían á mansalva, mientras que el plomo de los pro-

246 1509 1138 55 vinciales se estrellaba contra las peñas sin producir el me-

248 1560 1134 57 nor efecto, por lo que determinaron asaltar las salientes y

245 1606 1139 61 batirse cuerpo á cuerpo con los bandidos. Aunque esta te-

245 1655 1137 61 meridad daba una ventaja extraordinaria á los satélites de

246 1707 1135 54 Melchor, preferían morir de este modo á que los asesinasen

245 1755 1136 62 en la inacción. El combate se prolongaba demasiado; y aun-

245 1804 1134 56 que los bandidos llevaban la mejor parte, la victoria aún no

246 1853 602 58 se había decidido por ninguno.

297 1901 1082 57 Melchor el Diablo, con su vista de águila, no perdía un

244 1951 1135 62 solo movimiento del enemigo; y apenas el capitán de provin-

241 2008 1136 53 ciales inició un movimiento para atacar el flanco izquierdo,

241 2049 1137 69 le salió al encuentro con seis muchachos, arremetiéndole
