1536 2289
279 370 821 124 MELCHOR DE LA CRUZ

627 696 96 72 I

169 839 1084 28 Melchor de la Cruz (a) el Diablo ha sido uno de los ban-

118 862 1132 58 didos que alcanzó tanta fama en su tiempo como la alcanza-

117 913 1131 57 ron después José María, Juan Caballero, Los Botijas y el

118 960 1122 58 Barquero de Cantillana, que fueron el terror de Andalucía, y

115 1008 1128 58 durante muchos años los reyes y dictadores de los caminos.

166 1059 1077 51 El verdadero nombre del que nos ocupa lo guarda con

117 1105 1125 61 gran reserva su historia, y nosotros, aunque lo conocemos

114 1158 1128 57 demasiado, haremos lo mismo, para evitar susceptibilidades

118 1204 1062 60 y disgustos que desde luego nos saldrían al encuentro.

159 1252 1079 55 Transmitiremos solamente la relación que nos hizo un

114 1304 1126 54 anciano venerable, amigo nuestro, que conoció demasiado

113 1351 1122 59 al bandido y presenció muchos de sus actos, al que tuvo que

111 1400 1124 53 amparar en más de una ocasión, gracias al abandono en

113 1449 1120 59 que tenían las autoridades los pueblos, los caseríos y los cor-

114 1501 800 55 tijos de toda la Andalucía.

159 1546 939 58 Hé aquí, pues, lo manifestado por nuestro amigo:

156 1597 1073 57 Nació Melchor en una de las principales ciudades de An-

114 1648 1115 56 dalucía, de padres acaudalados y aristocráticos, emparenta-

113 1695 1115 58 dos con la más alta nobleza y los más distinguidos persona-

113 1743 1111 60 jes de la corte; hijo único, y voluntarioso como todos los

113 1795 1112 60 muchachos, sus gustos y sus inclinaciones eran siempre

113 1842 1111 60 respetados por cuantos le rodeaban, y sus padres gozaban á

114 1894 1087 54 más y mejor con sus continuas y diabólicas travesuras.

159 1945 1061 51 Ya mozalbete, y pervertida su alma por las reuniones de

111 1990 1108 66 otros jóvenes desocupados y de instintos tan perversos co-
