1613 2243
791 82 125 63 — 6 —

286 152 1133 54 biera desengañado á la pobre niña, y su familia se hubiera

284 198 1139 61 opuesto á que continuasen aquellos amores, que debían cau-

285 246 618 64 sar la desgracia de toda su vida.

335 294 1081 62 El hermano de su madre había presentado á su cuñado y

285 345 1131 62 sobrino en todas partes, haciéndoles frecuentar los salones

281 393 1138 63 aristocráticos de cuantos nobles habitaban la corte, donde

279 442 1137 58 al poco tiempo Melchor se hizo con una veintena de amigos

282 493 1134 61 tan calaveras y despreocupados como él, á los que aventaja-

280 537 764 66 ba en valor y en el manejo de las armas.

330 595 1083 52 Confiado en estas cualidades, provocó algunos lances

279 638 1133 57 con los que tenían más nombre de diestros y valerosos, po-

282 689 1131 64 niéndolos fuera de combate después de burlarse de su valor

282 738 1131 64 y destreza. También se había dado á conocer entre la cana-

282 788 1130 61 lla, unas veces con el cuchillo y otras con la navaja cachi-

284 836 588 62 cuerna llamada del Santo Óleo.

337 883 1072 61 Llegó en poco tiempo á infundir miedo entre los aristó-

282 934 1127 64 cratas, y pavor entre la galopesca, los que le adulaban conti-

282 986 1126 58 nuamente y á los que mandaba con un despotismo insolente

284 1034 1124 65 é irritante, sin que ninguno se atreviese á replicarle una pa-

285 1087 126 58 labra.

339 1128 1067 68 Humillados los de arriba y los de abajo, se dejó llevar de

285 1178 1119 61 sus instintos lujuriosos, y no había mujer que no asediase

282 1228 1122 59 con sus pretensiones; y si no conseguía por sí mismo sus

284 1277 1118 56 favores, los alcanzaba por medio de la traición y la violencia.

282 1324 1119 59 Cuanto más se resistía cualquiera de sus elegidas, tanto ma-

286 1375 1116 60 yor era su venganza y más extensa la publicación de su des-

282 1425 1115 57 honra, no dejándola de la mano hasta sumirla en la miseria

284 1471 1003 65 y hacer que sucumbiese de hambre y desesperación.

334 1517 1067 64 Sentía un placer infinito haciendo sufrir á cuantos le ro-

281 1567 1120 61 deaban, y sus crueldades é infamias hicieron que algún al-

280 1617 1122 60 calde de casa y corte fijase en él su mirada y diera con su

279 1663 1120 57 cuerpo en la cárcel á consecuencia de la delación de alguno

280 1712 1124 59 de los mismos que le ayudaban á cometer ciertos actos sal-

282 1766 131 55 vajes.

332 1808 1071 57 Pero inmediatamente se echó encima su familia; y fué

279 1856 1123 59 tal el cúmulo de recomendaciones y aun de amenazas que

277 1909 1124 56 cayeron sobre el desdichado alcalde, de elevadísimos perso-

279 1953 1120 65 najes, que terminó el sumario apenas comenzado, ponién-
