1565 2251
783 101 126 60 — 18 —

271 167 1140 63 que oponer resistencia al furioso é inesperado ataque de los

273 216 1141 64 bandoleros. El digno y valiente oficial arengó á los sorpren-

273 268 1141 58 didos, que bien pronto se reanimaron; y tomando la mejor

273 316 1143 60 posición que se le presentaba, rodeado de los suyos, prepa-

275 368 1139 53 róse á vender cara su vida antes de caer prisionero de los

277 413 1042 58 que por sus hechos vandálicos estaban fuera de la ley.

329 465 1089 56 Como quiera que Melchor y los suyos ocupaban la parte

280 515 1139 56 superior de la hondonada en que se libraba la acción, y te-

278 564 1141 56 nían resguardado el cuerpo por las peñas, no hay que decir

282 614 1139 51 la ventaja que llevaban sobre aquellos desgraciados, que

285 662 1136 52 recibían descubiertos el mortífero plomo de sus escopetas.

340 709 1083 53 Los ayes de dolor de los que caían, los gritos, las maldi-

285 757 1139 59 ciones, las injurias de los que aún permanecían de pie, lla-

288 810 1136 50 mando á los bandidos ¡cobardes!, ¡asesinos!, que carecían

288 856 1138 50 de valor para atacarles frente á frente, excitaron la indómita

286 900 1140 61 bravura de Melchor, que dió orden de desalojar los peñas-

291 955 1136 57 cos y bajar á la hondonada, atacando al enemigo por distin-

293 996 311 56 tas direcciones.

354 1049 1073 58 La ya mermada compañía no pudo resistir mucho tiempo

297 1099 1132 56 aquella brusca y terrible acometida. Donde quiera que la tro-

298 1146 1130 58 pa oponía á los bandidos una brava resistencia, batiéndose

297 1195 1132 56 con el valor que presta la desesperación, allí se presentaba

302 1245 1129 59 Melchor, sembrando la muerte á su paso, como si le prote-

303 1296 700 55 giera un ser superior y desconocido.

356 1340 1073 60 No tardó mucho tiempo en declararse por los bandidos

306 1388 216 51 la victoria.

360 1435 1073 59 Apenas dejó de existir el capitán, que luchaba con Mel-

305 1485 1128 60 chor cuerpo á cuerpo, tratando de herirle con la espada, cu-

310 1539 1123 52 yos golpes paraba con una serenidad pasmosa, parando los

308 1583 1126 58 tajos y reveses que le dirigía su contrario, el que siempre

308 1633 1126 52 tropezaba con un largo cuchillo de monte de que estaba ar-

311 1678 1123 62 mado, los que aún se batían, emprendieron la fuga, ampara-

311 1727 809 60 dos por las primeras tinieblas de la noche.

366 1775 1070 58 Los muchachos recogieron sus heridos, abandonando

314 1823 1120 62 los de la tropa á merced de los lobos y aves de rapiña, y sa-

315 1873 1121 55 lieron de la hondonada en medio de los lamentos de los mo-

316 1922 206 55 ribundos.

372 1960 1062 79 No tardó en llegar la noticia de la hazaña llevada á cabo
