1695 2372
747 152 130 50 — 12 —

241 220 1133 42 chor y los suyos le cerraban el paso. Como quiera que trans-

245 259 1128 57 curriese una semana sin que apareciese su tío, la canalla

246 305 1128 63 que le rodeaba dió muestras de impacientarse; empezaron

246 355 1130 58 las murmuraciones, y dos de los más osados trataron de

247 400 1129 63 quererle obligar, en presencia de sus compañeros, al desva-

247 450 1130 57 lijamiento de cuantos pasasen por el camino. Antes de que

249 496 1129 62 terminasen su petición, se arrancó Melchor, frenético y cie-

251 548 1125 63 go de ira, dos pistolas de las que llevaba á la cintura, hizo

253 599 1123 57 fuego y cayeron á sus pies con la tapa de los sesos levantada.

303 643 1075 63 El terror y el espanto se difundieron entre sus compañe-

253 698 1121 61 ros, á quienes increpó y excitó á que manifestasen sus quejas,

253 743 1125 62 pero ninguno se atrevió á pronunciar una palabra. Se había

253 791 1125 61 impuesto de una manera terrible, y desde aquel momento

251 840 1126 62 podía contar con la obediencia y fidelidad de sus bandidos.

305 886 1076 58 Serían sobre las tres de la tarde cuando uno de los centi-

253 934 1129 62 nelas que tenía apostados le dió cuenta de que bastante le-

253 984 1130 63 jos, y por la carretera, avanzaba un coche de camino escol-

255 1034 1127 61 tado por algunos hombres armados, y que sin duda debía

254 1080 1129 65 ser el que esperaba con tanta impaciencia. Inmediatamente

254 1130 1129 59 dió orden de que desapareciera su gente y que se ocultasen

254 1176 1131 60 entre las breñas, preparando la sorpresa que había de

255 1229 1132 58 rendir á los del coche, sin tener necesidad de librar un com-

254 1275 1129 61 bate, en el que la ventaja estaba sin duda de parte de los

255 1329 203 52 bandidos.

308 1365 1078 66 Las órdenes que éstos recibieron eran terminantes: no

255 1420 1132 62 debían hacer fuego hasta tanto que el capitán soltase el pri-

257 1474 1129 58 mer escopetazo, teniendo especial cuidado de que los pro-

257 1516 1133 66 yectiles no tocasen á la berlina; que los valores que condu-

255 1566 1134 65 jeran en el equipaje se le entregarían después del asalto pa-

258 1619 1127 55 ra distribuirlos por partes iguales ó en la forma que tuviera

255 1665 1127 63 por conveniente; que nadie debía tocar á los pasajeros sin

255 1715 1131 58 que precediera una orden suya, tratándolos con toda clase

253 1763 1133 60 de consideraciones, y, por último, en caso de resistencia por

255 1811 1132 64 parte de la escolta, el ataque sería tan rápido como simul-

257 1863 829 58 táneo, terminando la lucha lo antes posible.

311 1916 1075 50 Melchor se posesionó detrás de un alto peñasco, domi-

254 1956 1132 65 nándolo todo, y esperó la llegada del vehículo con una im-

254 2005 849 108 paciencia que los minutos le parecían siglos.
