1605 2262
815 105 117 59 — 20 —

287 201 1135 28 gerle en cambio de que respetara sus vidas y haciendas. Ayu-

289 229 1133 51 dado por los serranos derrotó y destruyó en varias ocasio-

291 270 1130 56 nes á la tropa y cuadrilleros que le perseguían, desistiendo

289 317 1132 61 las autoridades, en vista del menoscabo que sufrían las le-

290 370 1131 58 yes y el principio de autoridad, á cesar de mandar gente ar-

290 420 481 55 mada en su persecución.

345 461 1073 61 Entonces se decidió á comprar un cortijuelo en la sierra,

290 515 1130 58 aparente para lo que necesitaba, no tanto con el objeto de

292 562 1126 58 explotarlo, sino con la idea de que le sirviese de guarida y

291 610 1126 59 pudiesen los muchachos descansar cómodamente de sus

292 661 1125 54 continuas correrías. Al frente había puesto un buen hombre,

291 708 1130 54 entendido en las faenas del campo, que lo labraba con bene-

291 756 1129 59 ficio, al que había hecho muchos favores, de los que le esta-

291 805 1129 53 ba sumamente agradecido, y antes se hubiera dejado hacer

294 854 1126 55 pedazos que venderle ni perjudicarle en lo más mínimo.

294 902 1124 60 Aunque Melchor estaba muy bien con los cortijeros y pasto-

294 955 1126 51 res de la sierra, que por temor le querían y pronunciaban

292 1000 1126 55 su nombre con respeto, evitaba cuanto le era posible alojar-

295 1053 1123 55 se en sus cortijos para no serles gravoso. Agradecidos por

291 1099 1129 50 esta deferencia, no pisaba la sierra un soldado ó un cuadri-

292 1147 1126 53 llero, sin que instantáneamente no lo pusieran en su cono-

294 1195 201 56 cimiento.

346 1244 1074 62 Su actividad vertiginosa no le dejaba un momento de re-

294 1294 1124 60 poso; y cuando no tenía que presentarse necesariamente en

291 1344 1127 55 el camino, se marchaba solo, entreteniéndose en estudiar lo

292 1389 1126 63 intrincado de la sierra, la que podía decirse que conocía pal-

295 1445 1123 51 mo á palmo; acababa de llegar á su cortijo de una de estas

292 1491 1125 57 expediciones, y apenas penetró en su despacho mandó que

294 1539 524 53 se le presentase el teniente.

835 1713 58 77 V

348 1827 1074 63 Dos golpes dados con los nudillos en la puerta de entra-

295 1881 795 54 da, denunciaron la presencia del teniente.

335 1932 611 54 —¡Adelante!—contestó Melchor.

331 1979 1087 65 —¿Me ha llamao el capitán?—dijo penetrando en la estancia.
