1593 2231
798 101 116 45 — 4 —

283 163 1129 60 mo los suyos, tuvo su padre necesidad de hacer un viaje á la

285 216 1129 57 corte para ventilar un asunto de familia del mayor interés.

338 266 1080 56 Determinó que le acompañase Melchor, creyendo que se-

286 316 1130 57 ría un viaje instructivo para el joven, pero éste pensaba de

286 365 1133 63 distinta manera que el autor de sus días; y si accedió gus-

288 416 1130 53 toso, fué convencido de lo mucho que podía divertirse en la

286 463 1132 55 corte, donde abundaban los desocupados y las mujeres her-

290 511 1128 60 mosas, en las que pensaba con una insistencia impropia de

292 563 312 54 sus pocos años.

347 612 1071 52 Algunas aventuras, llevadas á cabo entre sus amigos

292 659 1127 51 con un descaro y una insolencia inaudita, le valieron el so-

295 706 1123 58 brenombre del Temerario, que él aceptó con un orgullo y

295 758 1125 60 una fatuidad que le hicieron cometer algunos atropellos que

295 806 1124 64 hubieran detenido á muchos hombres desalmados y galan-

296 858 1127 59 teadores.

326 902 1092 63 No hizo otros estudios que el manejo de las armas, en las

298 959 1121 52 que había hecho rápidos progresos, llegándolas á dominar

297 1005 1122 55 por completo, no sólo en las que esgrimen los caballeros, si-

298 1052 1123 62 no también en la navaja y el cuchillo, de la propiedad del

303 1101 1054 62 rufián y del galeote.

349 1152 1070 58 Con estas condiciones, adornadas de un valor salvaje,

296 1201 1125 60 emprendieron padre é hijo el viaje á la corte, pareciéndole al

298 1251 1130 59 último que no llegaban nunca.

324 1300 1100 60 Aunque Melchor sólo contaba diez y siete años, repre-

300 1348 1124 61 sentaba mucha más edad, efecto sin duda de lo mucho que

301 1399 1040 52 había abusado de la naturaleza en sus primeros años.

354 1453 1069 51 Al llegar á la corte los esperaba un pariente cercano,

301 1496 1124 61 hombre riquísimo, el que desde los primeros momentos de-

301 1546 1124 54 mostró á Melchor un cariño filial, del que no era digno, al

300 1595 1125 59 que correspondió con la más negra de las ingratitudes. Los

297 1645 1129 56 condujo á su casa, rrecibiéndolos su esposa y dos distingui-

298 1693 1131 59 das jóvenes, hijas suyas, tan bien educadas como preciosas,

302 1747 1123 58 las que prodigaron á los forasteros toda clase de atenciones,

300 1793 1133 61 con una finura y delicadeza que revelaban su exquisita edu-

300 1843 1120 57 cación.

335 1895 1096 55 Verlas, y cruzar por la mente de Melchor un pensamiento

295 1942 1138 67 horrible, fué obra de un momento.

357 1990 1074 67 Apenas instalados en el domicilio de su pariente, y des-
