1607 2336
660 159 130 51 — 19 —

153 240 1132 44 por los bandidos á los pueblos de la slerra, comunicada por

153 272 1135 56 los fugitivos que, aspeados y maltrechos, se presentaron á

153 320 1135 61 los alcaldes en demanda de alojamiento. Estas autoridades

153 369 1141 54 comunicaron la infausta noticia á las de Madrid, las que dis-

157 425 1137 48 pusieron que inmediatamente saliese uno de los batallones

157 468 1138 58 que la guarnecían, y que, dividido por compañías, empren-

158 516 1138 61 diera la persecución de los malhechores, hasta concluir

159 563 536 61 con el último de la partida.

211 613 1090 59 Aunque Melchor estaba prevenido para cualquier evento

164 664 1140 58 que pudiera surgir, conociendo que el centro en que manio-

166 709 1139 57 braba era demasiado reducido, pocos los pasajeros que atra-

168 759 1137 54 vesaban la sierra y mucho el dinero que necesitaba para sos-

171 808 1138 60 tener su gente, determinó correrse sobre Andalucía, bur-

170 857 1139 59 lando al gobierno y sus soldados, los que debían encontrarse

171 907 1137 52 con cara de palo no bien hiciesen su irrupción en la sierra.

224 953 1085 61 Dos noches después abandonaron el Guadarrama, car-

179 1001 1133 56 gando en mulas y caballos cuanto tenían de valor y concep-

179 1052 1134 61 tuaron de necesidad; y después de una larga y penosa tra-

184 1103 1129 58 vesía por sitios inhabitados y solitarios, penetraron en Sie-

184 1149 715 57 rra Morena sin ningún contratiempo.

232 1199 1085 54 No tardó mucho tiempo en dejar sentir el terrible azote

188 1245 1130 61 que había caido sobre la bella comarca, pues en poco tiempo

189 1295 1132 55 quemó varias heredades, privó de la vida á cuantos se opo-

192 1347 1129 49 nían á su paso, asaltó los pueblos con una audacia y un va-

194 1395 1131 59 lor inauditos, despojó á los templos de cuantas alhajas te-

197 1447 1128 55 nían, atropelló á las mujeres, dejando tras sí las huellas de

199 1493 613 55 las lágrimas y la desesperación.

251 1540 1078 57 En las ciudades y en el campo se pronunciaba con terror

203 1591 1126 55 su nombre, á causa de su presencia inesperada en distintos

205 1640 1126 53 puntos en breve tiempo, lo que unido á la osadía, la bravura

207 1685 1128 59 y la suerte con que llevaba á cabo difíciles empresas, le valie-

208 1736 1127 53 ron el sobrenombre de El Diablo, por más que estuviese en

201 1781 1137 54 contradicción con su apellido de la Cruz, á no ser que los

211 1832 1129 57 andaluces, con su privilegiada imaginación, quisieran hacer

214 1879 901 55 bueno el adagio de: Detrás de la Cruz el diablo.

276 1924 1071 62 Algún tiempo después de emprendida esta campaña con-

218 1977 1125 59 tra todo el mundo fué aflojando respecto á los pastores y

218 2023 1130 71 cortijeros de la sierra, los que le ofrecían ampararle y prote-
