1685 2371
872 195 140 83 — 22 —

372 273 1137 64 á caballo á nuestro comisionao, y antes de cuatro días le te-

375 327 1134 61 nemos de vuelta y nos dice en qué forma se traslada el par-

376 375 1135 57 né, la fuerza que acompaña á los frailes, el camino que

376 424 1133 59 traen y jasta la cara que tienen: ¡pues apenas si el angelito de

379 474 850 58 mi alma se pierde de vista de listo y de pillo!

421 525 1092 53 —¿Supongo que ese muchacho será persona de confianza?

414 575 1099 55 —Respondo de él como de mí mismo. ¡Y poquitas ganas

378 619 1139 58 que tiene de jacer méritos pa que su mercé le nombre ende-

382 667 386 64 viduo de la partida!

425 716 1091 55 —Siendo así—dijo Melchor,—aprovechemos sus buenos

382 767 1134 58 deseos; y ya que la cosa urge, es preciso que salga esta

382 817 1138 56 misma noche, y que se disfrace con la ropa de uno de los

384 865 1135 58 trabajadores del cortijo, á fin de que no infunda sospechas.

424 915 1097 61 —Descuide usté, mi capitán, que tó se jará á medía de su

386 962 133 66 deseo.

929 1100 53 73 VI

440 1253 1090 61 Pelote, mozangón de diez y nueve años, que acababa de

395 1302 1137 61 recomendar Cartucho al capitán, salió del cortijo disfrazado

395 1354 1137 52 de trabajador; y sin duda era un gran jinete, puesto que pu-

397 1402 1136 56 so el caballo al trote, tomando por las veredas y trochas, cu-

399 1458 614 51 yo itinerario le diera el teniente.

450 1496 1084 59 Durante la noche atravesó la sierra de Córdoba, y antes

399 1549 1138 60 de que amaneciera se metió en la provincia de Jaén, sin to-

400 1597 1134 60 marse un momento de reposo, á pesar de las asperezas y

401 1647 1136 61 escabrosidades del terreno, y sin que su cuerpo demostrase

403 1693 399 62 el menor cansancio.

455 1744 1083 60 Bien entrada la mañana, y á unas cuantas leguas de esta

407 1795 1133 59 ultima provincia, divisó en la carretera un pequeño vento-

409 1841 771 63 rro, y hacia él encaminó su cabalgadura.

461 1891 1084 62 Antes de penetrar en aquel refugio, donde se proponía sa-

412 1940 1130 60 tisfacer la necesidad de su estómago, que le pedía á gritos

412 1987 1134 56 algún alimento, examinó el cebo de dos pistolas que llevaba

416 2036 1131 62 ocultas entre la faja; y satisfecho de que no había sufrido de-

416 2087 1130 58 trimento la pólvora, volvió á guardarlas en el mismo sitio.
