1670 2373
685 123 142 58 — 17 —

180 189 1132 69 volverse á separar más; y cuando las pobres niñas estuvie-

175 241 1149 63 ron un tanto restablecidas, emprendieron el viaje á uno de

172 291 1135 62 los cortijos de la madre de Melchor, retirándose por comple-

168 340 1135 62 to de todo trato social, sin otro deseo que las dejasen tran-

163 390 1135 63 quilas en su retiro. La pobre señora, que hacía tiempo vivía

160 437 1131 67 sola, regresaba de nuevo á su casa con dos hijas del alma,

160 487 750 71 pero ambas estaban heridas de muerte.

676 634 75 111 IV

192 779 1079 59 Mientras su madre amparaba las víctimas del nefando

130 858 1138 33 crimen cometido por Melchor, éste y los suyos se entrega-

129 881 1136 58 ban por completo al robo, al saqueo de los pueblos y al ase-

127 930 1132 58 sinato de los desgraciados que intentaban defenderse al par

123 980 548 56 que defendían sus intereses.

178 1025 1073 59 Inmediatamente mandaron de Madrid una compañía en

116 1074 1135 61 persecución de los bandoleros, que habían sembrado el te-

114 1133 1131 52 rror y el espanto en los pueblos de la sierra, y que además

112 1174 1130 59 de quitarles el dinero, les quitaban la vida á cuantos tenían

106 1220 1060 62 necesariamente que atravesar el puerto de Guadarrama.

158 1269 1071 62 Melchor se propuso sorprender la compañía de soldados,

100 1326 1132 56 que no le dejaba reposar; y una tarde en que la tropa estaba

93 1371 1136 56 rendida de fatiga por la marcha que había hecho en perse-

91 1417 1135 60 cución de su teniente Cartucho y de unos cuantos mucha-

87 1473 1137 53 chos que, cumpliendo sus órdenes, se dejaban ver continua-

83 1516 1135 60 mente, consiguió meterlos en un paso peligroso, donde los

80 1563 843 62 esperaba Melchor con el resto de la partida.

123 1613 1086 61 El teniente Cartucho, conocedor como pocos del terreno,

75 1665 1131 56 debía unírsele apenas se disparasen los primeros tiros,

71 1708 1133 65 puesto que, tomando por un escarpado sendero, acortaba

68 1759 1132 60 un par de leguas de camino. El capitán, engañado por el

65 1808 1132 60 guía, que era de los bandidos, cayó en la emboscada, de la

61 1857 1134 55 que no pudo darse cuenta hasta que resonó de un modo lú-

60 1908 517 58 gubre la primera descarga.

114 1953 1074 61 Los soldados se arremolinaron, dando gritos, y algunos

51 2005 1130 70 arrojaron las armas, queriendo huir vergonzosamente antes

1024 2068 24 65 3
