1607 2387
672 167 161 50 — 11 —

180 253 1137 38 pués de abandonar la corte moría á consecuencia de los dis-

181 289 1136 63 gustos que continuamente le proporcionaba aquel hijo á

180 331 495 58 quien tanto había amado.

232 358 1087 79 Recibió la triste nueva por conducto de su madre, á la

180 427 1139 57 que no se tomó el trabajo de contestar, pero nombró en

181 480 1139 57 cambio un apoderado para que reclamase su legítima, puesto

181 525 1139 55 que ya había cumplido los veinticinco años. Al poco tiempo

183 571 1133 62 le fué entregada, y satisfizo las infinitas deudas contraídas,

183 628 1138 61 empezando contra su tío una campaña terrible para vengar-

183 673 825 61 se de él, al mismo tiempo que de su prima.

237 722 1083 61 Derramó con profusión el oro hasta conseguir penetrar

183 769 1137 59 una noche en el aposento de la que había sido su prometida,

181 816 1140 60 con la infame intención de deshonrarla; y si bien no pudo

183 868 1140 60 conseguirlo, promovió tal escándalo que no hubo persona

181 917 1139 62 en la corte que no pusiera en duda la inocencia de aquella

185 965 843 60 pobre niña, que era un dechado de virtudes.

238 1009 1083 62 El padre de Aurora buscó á Melchor, le abofeteó, y hubie-

184 1059 1137 57 ra terminado la infamia cometida por su villano sobrino en

185 1113 1136 55 un drama sangriento sin la intervención de los amigos de

185 1162 1136 64 una y otra parte, que impidieron el lance por tratarse de pa-

184 1209 405 61 rientes tan cercanos.

234 1255 1089 57 Con el propósito de evitar un nuevo atentado por parte

185 1304 1139 56 de Melchor, su tío hizo los preparativos de viaje, retirándose

184 1351 1141 61 de la corte, escogiendo para retiro de él y sus hijas una pre-

183 1407 1141 62 ciosa quinta de su propiedad en la falda del Guadarrama, in-

187 1456 609 59 mediata al pueblo de Cercedilla.

240 1505 1085 57 Los espías asalariados de Melchor pusieron en su cono-

185 1555 1139 57 cimiento la determinación de su pariente, y en el acto formó

188 1596 1133 64 una partida, compuesta en su mayor parte de ladrones y

187 1648 1138 62 asesinos; y algunos días antes que se pusiese en camino su

189 1696 1136 65 tío, salieron de Madrid por diferentes puertas para no llamar

189 1743 1135 64 la atención, los hombres que habían de secundar el plan

189 1792 1138 65 inicuo que había concebido contra aquella familia, que tan-

192 1844 1135 72 tos favores le había dispensado y que eran de su propia

193 1892 149 66 sangre.

245 1921 1083 86 Se instalaron en la sierra de Guadarrama; y si bien por

191 1995 1138 60 lo pronto no molestaron á ningún caminante por no llamar

192 2043 1137 58 la atención, es lo cierto que nadie podía atravesarla si Mel-
