1698 2359
761 124 105 80 — 9 —

232 204 1143 65 cuarto de su prima, tomando antes toda clase de precaucio-

233 264 1143 61 nes para evitar una sorpresa; y antes de penetrar en la habi-

232 313 1140 73 tación la estuvo observando entre el portier que cubría la

233 360 148 59 puerta.

284 389 1087 72 Descubrió la bella é interesante figura de su prima sen-

230 461 1138 54 tada en una butaca, con la cabeza inclinada sobre el seno, y

226 508 1141 64 sin duda pensaba en sus amores imposibles, puesto que por

225 562 1138 53 su hermoso semblante rodaban continuamente gruesas y

225 608 1139 57 transparentes lágrimas. Contemplóla con la sonrisa en los

224 653 1140 59 labios, satisfecho del amor que la había inspirado y gozando

220 702 1144 58 en su sufrimiento, del que esperaba que más tarde la des-

221 756 724 53 esperación la arrojaría en sus brazos.

271 802 1087 57 Compuso el semblante con arreglo á las circunstancias;

218 854 1141 56 y levantando el cortinaje, se presentó á la pobre niña tan

216 901 534 50 abatido como ella lo estaba.

268 939 1090 68 Pero Melchor no había contado con la dignidad de su

213 996 1141 60 prima. Esta se alzó rápidamente de su asiento, lanzando un

213 1049 1138 54 grito de sorpresa; y al mismo tiempo que se enjugaba sus

211 1099 1139 68 lágrimas, le señaló con ademán digno y majestuoso la sali-

211 1141 285 48 da, diciéndole:

246 1167 1101 76 —¡Salid de mi cuarto, caballero, si no queréis que llame á

205 1238 921 56 los criados para que os arrojen de mi presencia!

241 1283 1104 60 —Espera un momento—contestó Melchor;—antes quisiera

201 1338 1144 62 tener contigo una explicación, para convencerte de que te

204 1386 599 59 han engañado miserablemente.

237 1420 1105 74 —Nada lograréis; sé lo bastante para despreciaros, y sólo

200 1488 1029 67 siento el haber dado oídos á vuestras mentidas frases.

233 1538 1107 75 —¿Conque no quieres concederme algunos momentos de

196 1571 197 64 atención?

234 1606 1102 91 —Me niego en absoluto; y os ruego, caballero, por última

197 1678 630 63 vez que abandonéis mi aposento.

246 1731 1090 63 Estas palabras, y el desprecio con que fueron pronuncia-

192 1778 1141 77 das, exasperaron á su primo, que contestó de una manera

197 1834 178 46 violenta:

229 1858 1097 71 —¡Tus injurias y desprecios se convertirán en súplicas,

190 1922 1139 73 que devolveré con carcajadas tan ruidosas como va á serlo

188 1978 432 65 nuestro rompimiento!

221 2009 1108 77 —¡Mi inocencia y mi honra están á más altura que vues-

1166 2077 30 50 2
