1717 2247
734 86 128 55 — 23 —

232 146 1121 61 Apeóse en la puerta, llamando al ventero á grandes voces,

231 200 1058 52 como quien piensa pagar el gasto sin reparar la cuenta.

282 247 1077 52 Inmediatamente apareció un hombre de unos cuarenta

229 297 1130 51 años, de fisonomía franca y simpática, cuyo rostro estaba

229 344 1132 52 adornado con dos grandes patillas de boca de hacha. Exami-

231 391 1128 62 nó al recién llegado, al que tomó por criado de algún cortijo

232 441 843 59 inmediato, y le preguntó con acento meloso:

269 491 683 58 —¿En qué pueo servirle, nostramo?

268 538 1091 63 —Si hay en la casa, necesito para mí unas magras con

233 589 1129 56 huevos fritos, pan y vino, y pa mi caballo un buen pienso de

236 641 766 53 cebada, pero que no se la coma el mozo.

272 687 1091 62 —Descuide usté; y si quiere, venga conmigo, y se conven-

236 736 874 57 cerá de que en esta casa no se engaña á naide.

285 786 1079 54 Una hora después salía del ventorrillo; y cuando lo hubo

233 831 1131 59 perdido de vista, abandonó la carretera; y metiéndose por la

236 882 1128 55 falda de una montaña, se internó en la síerra, tomando la

236 933 1128 50 trocha que antes abandonara. Durante el camino no encon-

234 978 1130 61 tró alma viviente, y á eso de las cuatro de la tarde dió vista á

231 1031 515 55 la ciudad de los cármenes.

289 1074 1077 60 A la terminación del barrio de los Greñudos, y muy próxi-

236 1124 1130 56 mo al Arrabal, existía por entonces una humilde posada que

234 1174 1132 54 ostentaba en su muestra el retumbante nombre de Al Duque

234 1222 1133 58 de Gandía. Si este noble señor hubiera vivido, de seguro que

234 1273 1133 51 entabla querella al posadero por desacato humillante á su

237 1320 1131 59 persona; tal era la posada de mezquina y sucia, que se nece-

236 1370 1078 54 sitaban zancos para penetrar en aquella inmunda cloaca.

290 1421 1077 50 Ajustóse por una semana por la asistencia, manutención

234 1465 1135 59 de su cabalgadura y una habitación para dormir, puesto que

234 1514 1137 58 los muchos encargos que traía, y el compromiso de un ami-

236 1562 1133 55 go á quien quería mucho, le impedirían de seguro comer en

233 1609 1136 58 el establecimiento. Pagó ocho días adelantados y salió á la

233 1659 1136 56 calle en demanda del convento de los Franciscanos, que era

237 1707 1131 59 un famoso edificio, impropio por su magnificencia de los

236 1755 716 58 que decían vivir de la caridad pública.

292 1803 1080 55 Entróse Pelote con desenvoltura en la portería del con-

238 1850 1134 64 vento, y al cerrarle el paso un lego largo y enjuto, que pare-

234 1901 1138 61 cía le habian prensado, pegó con él la hebra, y antes de una

237 1949 1136 67 hora eran buenos amigos, obsequiándole con una buena ce-
