1696 2372
598 155 146 47 — 13 —

152 210 1084 52 No bien penetró el coche y su escolta en la jurisdicción

97 256 1140 58 de los bandidos, se presentó de improviso Melchor, escope-

97 303 1139 55 ta en mano, dándoles el ¡alto! con acento enérgico; los esco-

98 351 1138 62 peteros, que no esperaban aquella acometida, le hicieron

100 399 1136 64 una descarga, sin resultado por la precipitación irreflexiva

98 457 630 55 con que ejecutaron la maniobra.

151 484 1086 74 Casi al propio tiempo el capitán hizo fuego sobre las mu-

98 546 1139 57 las del tronco, cayendo una é interrumpiendo la marcha del

97 598 1141 52 coche, quedándose parado en medio del camino; los bandi-

98 647 1140 56 dos se presentaron de improviso, acometiendo con furia á

101 695 1133 61 los criados y escopeteros, que rodaron sin vida por el suelo,

98 747 903 50 excepto uno, que se rindió pidiendo clemencia.

155 785 1082 70 Su tío se había echado fuera del vehículo y defendía la

100 846 1137 55 portezuela del coche con un valor heroico, haciendo fuego

100 890 1136 54 indistintamente sobre los bandidos con un par de pistolas

101 940 849 52 que cargaba y descargaba con suma rapidez.

156 983 1081 59 Melchor, afinando la puntería, le soltó un escopetazo, es-

101 1039 1137 49 cogiendo el sitio para que no muriese en el acto, cuyo pro-

104 1080 1133 66 yectil le atravesó el pecho, cayendo herido gravemente. Al

102 1134 1134 54 acercarse al coche reconoció á su sobrino; y aunque en los

102 1175 1132 62 labios del herido aparecia una espuma sanguinolenta, le dijo

101 1243 1090 47 con acento entrecortado, haciendo un poderoso esfuerzo:

141 1275 1093 63 —Ni te pido ni quiero gracia para mí, pero sí te ruego, en

104 1325 1132 57 nombre de tu madre, respetes el honor de mis pobres hijas.

143 1371 1095 58 —¡Ya verás la manera que tengo de complacerte!—dijo Mel-

102 1425 1136 60 chor.—¡Hola! Trasladad á este hombre á mi aposento, y de-

105 1474 1131 55 jadle en uno de los lechos que al efecto tengo preparados.

156 1519 1082 62 Cuatro de los bandidos que le auxiliaban se apoderaron

105 1569 1135 61 de su infortunado tío y desaparecieron por las accidentacio-

104 1615 317 63 nes de la sierra.

162 1656 1079 72 Mientras los otros muchachos se ocupaban en atar fuer-

106 1715 1131 57 temente á los conductores del vehículo y en descerrajar los

105 1763 1132 64 cofres, volcando su contenido en las mantas, su segundo,

104 1814 1136 57 un galeote licenciado de presidio, conocido por Cartucho, le

104 1859 1137 61 ayudaba á sacar fuera del coche á sus dos primas, que esta-

104 1906 520 58 ban desmayadas de terror.

162 1954 1079 64 —Este síncope—dijo Melchor dirigiéndose á su teniente

104 2003 1132 68 —nos evita las súplicas y lamentaciones. ¡Carga con esa y
