1723 2363
916 179 156 65 — 14 —

426 267 1138 46 vamos de prisa, antes que vuelvan en sí y nos veamos obliga-

425 309 1010 63 dos á someterlas á nuestra voluntad par la violencia!

478 359 1084 62 Durante el trayecto, el teniente imprimía de cuando en

426 409 1140 68 cuando un beso lúbrico en el casto y puro semblante de la

428 458 564 52 hermosa joven que conducía.

467 493 1099 64 —Me parece—dijo Melchor—que te propasas sin mi per-

430 557 1136 69 miso, y esa falta de respeto sería muy fácil que te costase

433 596 148 56 la vida.

470 632 1099 72 —Dispense usté, mi capitán, que yo no he querío ofender-

430 693 1136 57 le; pero la hermosura de esta muchacha me ha jecho perder

434 743 1132 59 la chabeta, y sin darme cuenta de lo que jacía, le he largao

436 788 1130 73 unos cuantos besos, que dimpués de tó no le dejan nengu-

436 837 355 58 na señal en la fila.

470 871 1095 88 —Eso quiere decir, tunante, que te has enamorado de la

434 939 548 60 chica como un energúmeno.

481 968 1087 74 —¿Y quién tiene resistencia—contestó el teniente—pa lle-

436 1035 1130 55 var entre sus brazos una moza tan bonita y tan mujé, sin que

436 1084 1130 65 se le encienda la sangre, le entre la basca y los temblores por

436 1127 299 63 toito el cuerpo?

470 1184 1098 72 —De modo, que si yo te cediese esa prenda de rey.....—ob-

436 1226 266 53 jetó Melchor.

475 1281 1091 58 —Me golvía loco, mi capitán, y sería yo pa usté más fiel y

437 1329 1128 54 leal que un perro—contestó el teniente.—¡Vamos!, que daría

436 1377 1128 63 mi alma al demonio porque fuera mía, ó de usté si la quiere,

436 1428 684 55 que pa el caso viene á ser lo mismo.

472 1475 841 54 —Pues te la regalo, pero con una condición.

471 1522 1095 70 —La acepto desde luego, mi capitán, sea cual fuere la exi-

437 1571 471 63 gencia que quiera de mí.

471 1618 1095 58 —Nada de exageraciones; la única condición que impongo

438 1664 1128 64 es sencillísima: que me la devuelvas cuando yo te lo mande,

438 1718 795 59 sin hacerme preguntas de ningún género.

474 1763 1094 72 —Corriente, mi capitán, y ¡ya verá su mercé de la manera

437 1820 512 59 que cumplo yo mi palabra!

476 1862 1090 65 —Pues no hablemos más, y silencio, que ya hemos llegado.

492 1915 1079 59 En lo más agrio é intrincado del Guadarrama había com-

439 1958 1132 67 prado Melchor hacía tiempo una casa de labranza, compues-

441 2013 1130 62 ta de planta baja y principal, y después de renovarla y amue-

439 2058 1132 62 blarla convenientemente, solía pasar en ella algunas sema-
