1593 2231
649 122 113 34 — 5 —

143 163 1122 77 pués de los cumplimientos de ordenanza, se lanzó á la calle,

143 221 1127 69 bajo el pretexto de recorrer la población, que, como la pri-

145 266 907 68 mera capital de España, debía ser hermosísima.

182 316 1092 66 A ninguno le causó extrañeza este natural deseo; pero la

150 366 1121 62 verdadera causa era el deseo lúbrico que le inspiraban las

148 413 1128 66 hermosas mujeres que en distintas direcciones cruzaban

150 462 1129 66 por sus calles, de las que había oído contar maravillas y noc-

151 515 1127 66 turnas aventuras á varios de sus amigotes que habían visi-

157 557 295 66 tado la corte.

200 608 1081 66 Dos días después regresó á casa de su pariente, que, co-

153 660 1132 63 mo su padre, estaba con sumo cuidado por su extraña au-

156 711 1127 64 sencia, cuando no conocía á nadie, siendo, por razón natu-

157 752 584 67 ral, inexplicable su conducta.

207 803 1081 65 ¿Dónde había pasado aquel tiempo? Nunca le fué posible

157 855 1131 63 explicarlo, pero sí recordaba que había estado en muchos

161 902 1130 64 garitos, y después de francachela con unos cuantos perdi-

161 953 1130 63 dos, que se brindaron espontáneamente, en vista del dinero

163 1003 1127 62 que derrochaba, á ser su guía en el laberinto de la corte y

163 1049 1132 56 proporcionarle conocimiento con todas las mujeres hermo-

166 1094 608 66 sas aficionadas á la vida alegre.

207 1150 1092 60 Dejamos á un lado los continuos y graves disgustos que

168 1194 1131 59 Melchor proporcionaba á su familia, especialmente á su pa-

169 1248 1135 57 dre, la debilidad de éste, y, sobre todo, la cariñosa solicitud

169 1292 1141 62 de su pariente, que todo se lo consentía y que continuamen-

176 1340 622 65 te le llenaba de oro los bolsillos.

210 1389 1095 62 Los ratos que le quedaban libres en la vida licenciosa que

174 1437 1133 61 había emprendido, los dedicaba á hacerle el amor á la mayor

176 1491 1131 58 de las hijas de su pariente, ante la que aparecía como un jo-

179 1544 1131 59 ven un tanto calavera, pero digno y pundonoroso, incapaz

176 1587 814 58 de manchar el ilustre apellido que llevaba.

200 1634 1114 65 Su inocente y candorosa prima tuvo la debilidad de amar-

183 1684 1133 63 le con un cariño tan puro é inmenso como infame y villana

182 1737 1134 53 era la pasión que le pintaba Melchor con la vehemencia pro-

184 1782 1133 64 pia de un conquistador de oficio, que tenía la convicción de

189 1831 1126 64 vencer en la lucha desigual emprendida entre una paloma y

186 1877 560 63 un gavilán de aceradas uñas.

208 1929 1111 61 Procuró por todos los medios posibles que estas rela-

188 1981 1133 62 ciones no se traslucieran, porque desde luego su padre hu-
