1759 2328
963 107 135 80 — 16 —

961 294 143 82 III

509 426 1092 62 Quince días después de la terrible noche en que Melchor

455 484 1144 52 con una saña inaudita cometiera á mansalva los más espan-

455 536 1143 52 tosos crímenes, salían con los ojos vendados de la casa mal-

453 583 1144 54 dita de la sierra Aurora y su hermana, conducidas en su

453 633 1144 55 propio coche y custodiadas por cuatro bandidos, que tenían

455 684 1075 55 la orden de dejarlas á la puerta de la quinta de su padre.

509 729 1085 58 Al sentir el ruido del carruaje salió el mayordomo, que

451 774 1142 60 esperaba impaciente la llegada de su amo, pues ignoraba lo

451 831 1142 52 que había sucedido; se quedó atónito al encontrarse con las

451 874 1143 57 señoritas en un estado tal de postración y con una calentura

452 928 1141 51 que apenas podían sostenerse; su primer cuidado fué que se

450 979 1142 47 metieran en la cama y que las administrasen unas tazas de

451 1024 1141 53 tila, en tanto que él iba por el médico al inmediato pueblo de

451 1070 212 55 Cercedilla.

505 1104 1083 72 El galeno puso muy mala cara acerca del estado de las

447 1164 1142 56 enfermas, y manifestó al mayordomo que no podía decir en

448 1217 1142 58 qué pararían aquellas misas, y que sería conveniente avisa-

451 1270 1139 47 se á la familia sin pérdida de tiempo, mientras tanto que él

448 1321 1141 58 hacía cuanto estuviese de su parte para que recobrasen la

446 1365 137 53 salud.

495 1395 1094 72 El mayordomo, que mientras más pensaba, menos com-

444 1465 1144 53 prendía la ausencia de su amo, que nunca se separaba de

444 1508 1141 59 sus hijas, ignorando su paradero; y siendo imposible inte-

443 1555 1143 56 rrogar á las señoritas, el buen hombre escribió á la única

444 1606 1141 58 tía que les quedaba, madre de Melchor, rogándole volara en

443 1650 1142 64 su auxilio; esta carta coincidió con otra que un pariente le-

442 1699 1142 63 jano le escribió desde Madrid, dándole cuenta de los suce-

442 1758 1137 52 sos de Guadarrama, en que figuraba como héroe su hijo,

443 1799 673 56 que se había puesto fuera de la ley.

487 1839 1093 64 La infortunada madre acudió en auxilio de sus sobrinas

441 1890 1140 62 cuanto de prisa le fué posible, y la entrevista fué dolorosa-

441 1943 1139 65 mente triste, y unidas derramaron abundantes lágrimas,

438 1999 1141 65 abatidas bajo el peso de tanto infortunio. Convinieron en no
