1633 2278
735 183 105 41 — 7 —

211 224 1142 92 dolo en libertad, y lo que es más, dándole toda clase de sa-

212 289 252 65 tisfacciones.

267 336 1087 57 Su padre trató de alejarle de la corte, mandándole que re-

216 388 1139 62 gresara al lado de su madre, con el pretexto de que le lleva-

217 439 1136 58 se noticias del pleito que había entablado contra los que

215 489 1138 51 querían usurparle una parte respetable de sus bienes; pero

220 531 1133 61 Melchor se negó rotundamente á obedecerle, y esta negativa

217 583 1136 49 dió margen á un rompimiento entre padre é hijo, viéndose

218 634 1135 53 obligado á abandonar la casa de su tío, interrumpiéndose

216 680 1135 56 con este motivo las relaciones que sostenía con su prima.

264 725 1090 58 Aunque Melchor no la amaba, ni mucho menos, su her-

220 777 1134 57 mosura é inocencia le habían empeñado de tal modo, que no

221 826 1132 56 retrocedía ante ningún obstáculo que se le presentase hasta

216 874 1138 65 hacerla suya, aunque luego la arrojase de su lado como un

218 932 361 52 mueble inservible.

272 971 1085 60 Su padre quiso imponerle su voluntad cerrándole su bol-

220 1023 1137 55 sa y rogándole á su cuñado hiciese lo mismo, única manera

218 1071 1139 59 de alejarle de las amistades contraídas, imposibilitándole de

217 1118 1140 57 continuar aquella vida infame de perversidad en que perma-

215 1166 1143 64 necía encenagado y que volviese al buen camino; pero él acu-

218 1218 1141 61 dió á su madre, que ignoraba por completo su conducta, la

217 1266 1141 69 que puso á su disposición cantidades mayores de las que

220 1317 310 57 pudiera desear.

226 1365 1133 58 El tío de Melchor, que le quería muchísimo y era dema-

220 1413 1139 63 siado débil, no tardó mucho tiempo en abrirle de nuevo su

217 1464 1141 60 bolsa, creyendo que la dureza de su padre le habría hecho

216 1512 1143 61 contraer deudas, y, sobre todo, que estaría lleno de priva-

216 1568 1142 55 ciones impropias de un noble rico que ostentaba su mismo

218 1608 1139 65 apellido. El castigo, pues, impuesto por su padre, resultaba

221 1660 1137 61 contraproducente, puesto que desde entonces dispuso de

224 1703 1046 67 dos bolsas que llenaban de oro continuamente la suya.

267 1755 1090 63 No tardó mucho tiempo en comprar la fidelidad de la per-

224 1811 1131 53 sona encargada de los asuntos domésticos de la casa de su

222 1851 1132 66 buen tío, una especie de factótum, ama de llaves y señora

221 1903 1133 63 de confianza, que gozaba de una reputación intachable, y á

221 1950 1133 60 la que los dueños de la casa la creían incapaz de cometer,

221 1993 1129 68 una mala acción. Esta complaciente señora le facilitó varias

220 2045 1130 62 entrevistas con su prima, con la que se quejaba de la sepa-
