1775 2223
927 45 129 58 — 24 —

407 101 1137 66 na, pagada por el mozangón, y durante los brindis le hizo

405 156 1136 58 desembuchar que el padre fray Serapio de los Santos, con

401 203 1138 55 otro de la comunidad, eran los encargados de conducir el

397 253 1135 59 cuantioso donativo del solterón á los ermitaños de Córdoba,

396 302 991 58 contra los que se deshizo en injurias é improperios.

447 353 1083 57 Pelote correspondió á esta confianza diciéndole que para

390 405 1137 53 el propio reverendo traía una cantidad de dinero para que

386 448 1138 58 dijese unas misas, aplicadas por el eterno descanso de su

382 496 1147 59 ama, que lo encargó con sumo interés á la hora de la muer-

382 545 1141 61 te; pero ya que no podía verle aquella noche por las ocupa-

379 595 1137 59 ciones que le proporcionaba la extravagancia del solterón,

376 644 1139 61 que volvería á la mañana siguiente á ver si era más afortu-

375 689 747 61 nado, y de camino almorzarían juntos.

427 741 1082 53 Esta última parte le produjo al lego un estremecimiento

368 790 1141 63 de gozo infinito, y hubiera abrazado de buena gana á su ami-

366 839 1137 61 go si no temiera la llegada inoportuna de algún fraile, pues

368 889 790 55 se acercaba la hora de cerrar el convento.

416 939 1083 58 Excusamos decir que el muchacho no dejaba la ida por la

361 988 1134 61 venida, y siempre á las horas en que sabía no estaba su pater-

358 1036 1135 58 nidad, para charlar á sus anchas con el hermano lego, que

355 1088 1134 50 estaba muy bien enterado de cuanto pasaba en la comunidad.

407 1133 1077 57 Sabiendo ya cuanto necesitaba, se despidió de su amigo,

347 1183 1138 59 el lego portero, y se dirigió al palacio del finado solterón pa-

344 1232 1139 57 ra observar si los frailes empezaban sus preparativos de

343 1281 1136 58 marcha. El lego que había de acompañarlos se ocupaba en

339 1331 1139 58 aquel momento en aparejar tres poderosas mulas, en cuya

337 1379 633 56 operación le ayudaba el portero.

389 1431 1083 53 Pelote, convencido de que había llegado la hora, se tras-

329 1473 1140 62 ladó á su posada más ligero que el viento, de la que salió

332 1535 1134 49 montado en su jaca antes de que pasase un cuarto de hora.

331 1575 1135 52 Regresó por el mismo camino para cerciorarse de si los frai-

327 1626 1136 56 les habían emprendido la marcha; y cuando pasaba por de-

323 1673 1138 57 lante de la puerta, ésta se abría para dar paso á los conduc-

324 1727 1133 53 tores del dinero. Pasó por delante sin mirarlos; y acomodan-

316 1769 1139 61 do su jaca al paso de las mulas, se dirigió á la puerta de la

313 1816 1033 66 ciudad, por donde daba comienzo la carretera de Jaén.

361 1864 1087 67 En aquel sitio esperaban la llegada de los reverendos cin-

310 1915 1133 74 cuenta provinciales, mandados por un oficial de recono-
