1670 2289
770 142 155 25 — 10 —

277 171 1137 62 tras injuriosas manifestaciones: podéis hacer contra mí

277 226 1138 61 cuanto queráis, que siempre será una acción tan dígna co-

279 273 1130 55 mo del canalla que pasa su vida entre rufianes, ladrones y

281 323 346 57 mujeres perdidas!

334 362 1081 61 Apenas terminó Aurora estas palabras, su primo, furioso

281 414 1133 62 y frenético, se lanzó sobre la pobre criatura; y cogiéndola

282 467 1134 50 con una fuerza brutal por la cintura, la arrojó con tal violen-

281 516 1135 47 cia, que chocó su cuerpo contra el piano y rodó por el suelo

284 560 1131 60 privada de sentido. El infame huyó, temeroso de que regre-

287 614 1127 61 saran sus padres, con los hombres que había llevado para

283 661 389 86 evitar una sorpresa.

833 785 70 67 II

348 923 1070 38 Algunos años después murió la madre de Aurora; y aun-

293 955 1127 57 que Melchor no había vuelto á verla, no por eso había aban-

292 1005 1129 46 donado el campo, esperando una ocasión oportana para ven-

296 1046 1125 60 garse de la que le había rechazado á causa de su infame con-

295 1096 1128 61 ducta. Tenía vigilada la casa, y nunca faltaba quien le dijese

293 1150 1132 59 cuanto sucedía dentro, puesto que espiaban á las dos her-

295 1196 1129 78 manas, interpretando á su manera sus más inocentes ac-

296 1255 147 49 ciones.

351 1270 1076 80 Su nombre era despreciado por todo el mundo é infamado

296 1341 1131 62 por sus hechos miserables y repugnantes, los cuales llega-

297 1386 1131 61 ron á conocimiento de su tío; el que, desengañado de creerle

296 1431 1131 70 digno de su aprecio, le retiró su cariño, y pasaba por su lado

298 1478 1129 72 sin saludarle. Ofendido Melchor, quiso tomarle satisfacción

296 1529 1132 72 con las armas en la mano; pero medió su padre, al que trató

298 1587 1130 64 con el mayor desprecio, jurándole que haría pasar á su tío

300 1635 548 69 por la mayor de las afrentas.

357 1665 1073 82 Algunos meses después se falló el pleito que había traído

297 1725 1133 69 á la corte al padre de Melchor, y antes de regresar á su casa

302 1766 1128 83 tuvo una última entrevista con su hijo, tratando de disua-

300 1824 1132 73 dirle y apartarle de la escabrosa sonda por donde caminaba

300 1874 1132 74 ciego hasta dar en el precipicio; pero todo fué en vano: termi-

301 1916 1132 83 nó insultándole y negándose á volver al lado de su madre; le

301 1962 1128 119 despidió como si nunca le hubiera conocido. Un año des-
