1699 2315
763 96 127 27 — 32 —

240 132 1138 60 do, partiéndole los pulmones y dejándolo muerto en el acto.

291 181 1087 56 Después de cometido este infame y alevoso asesinato, co-

236 232 1043 54 rrió á su casa, donde llegó un cuarto de hora después.

290 282 1084 52 Atrajo con engaños á su mujer á las habitaciones inte-

235 330 1139 60 riores, y apenas penetró en la alcoba, le tiró tan tremendo

235 376 652 57 tajo, que casi le cercenó la cabeza.

286 428 1086 60 Cayó la pobre María sin exhalar un grito, y aquella fiera

232 477 1140 60 se arrojó sobre su cadáver, mutilándole de una manera tan

231 527 916 58 horrorosa que la pluma se resiste á describirlo.

280 573 1088 58 Con la mayor calma se mudó de ropas, abandonó la casa,

230 623 1141 61 dejándola cerrada con llave, se metió en la sierra, por donde

230 671 1138 60 vagó algunos días, hasta encontrarse con la partida de Mel-

228 721 983 59 chor, que le admitió en fuerza de ruegos y súplicas.

277 767 1086 67 Su carácter taciturno y sombrío le hacía repulsivo, y no

226 819 643 68 tenía un solo amigo en la partida.

745 969 94 76 VIII

272 1108 1087 54 Diez meses después prendieron á Melchor, mientras dor-

216 1158 1144 58 mía la siesta en un cortijo de las cercanías de Córdoba, ven-

217 1211 1141 55 dido por su nuevo teniente Poca pena por la suma de cinco

216 1255 497 60 mil ducados y su indulto.

271 1306 1084 55 Le trasladaron á Sevilla, escoltado por numerosa fuerza

212 1355 1141 52 de caballería; le metieron en la cárcel y en el calabozo más

214 1407 1140 56 seguro mientras se actuaba la causa, que se sustanció con

209 1453 1144 58 una rapidez pasmosa, condenándole á sufrir la pena de

209 1500 1141 58 muerte en la horca. Cuando fueron á buscarle la mañana

208 1549 1142 61 que debía ingresar en la capilla, le encontraron muerto so-

209 1598 633 57 bre la paja que le servía de lecho.

261 1647 1086 53 Se murmuró mucho tiempo, diciéndose que sus parien-

205 1697 1142 62 tes le proporcionaron un veneno para que se librara de aque-

205 1747 454 68 lla muerte ignominiosa.

726 1850 94 59 FIN
