1605 2262
678 120 131 54 — 21 —

207 196 1015 40 —Sí, hombre; necesito hablarte de un asunto urgente.

201 228 1088 59 —Pues aquí me tiene á sus órdones, y no perderé una

157 275 264 56 sola palabra.

192 325 1092 60 —Acabo de tener una confidencia importante y de interés

154 375 297 58 para nosotros.

184 426 620 56 —¿Viene de güena procedencia?

184 469 1092 60 —Por supuesto—contestó Melchor;—porque de otra ma-

145 525 1130 53 nera hubiera hecho caso omiso, como una de las tantas ton-

144 569 699 58 terías que nos dicen continuamente.

175 615 770 59 —Veamos de lo que se trata, mi capitán.

173 664 1092 59 —Hace poco tiempo que falleció en Granada un ricacho,

136 716 1130 58 solterón y sin parientes; y no sabiendo qué hacer de su for-

135 766 1129 50 tuna, se le ocurrió la idea de legársela á los ermitaños de

130 813 211 60 Córdoba.

165 860 1093 62 —Yo no sé—dijo el teniente—cómo se las compone la gen-

126 912 1128 60 te de iglesia, que á cá dos por tres se les entra la fortuna por

124 963 865 51 las puertas. ¡Vamos, es cosa de desesperarse!

159 1015 1089 53 —Pues por esta vez me parece que seremos nosotros los

119 1060 1127 60 que heredaremos al piadoso solterón de Granada, y sin per-

118 1108 703 58 miso de los religiosos de las ermitas.

149 1157 1091 56 —Me alegraría jugarles una mala pasada, porque esos

113 1203 1124 59 señores se alimentan de oraciones y ná necesitan, y á nos-

111 1254 1124 57 otros nos jacen falta los dineros pa comprar las vituallas.

142 1305 1093 58 —Precisamente te he llamado para eso: siéntate y conven-

108 1352 1123 57 gamos un plan de ataque que nos dé el resultado apetecido.

139 1399 1090 61 —¡Con su permiso, mi capitán!—dijo Cartucho, sentándo-

104 1450 1122 60 se al otro lado de la mesa.—Es necesario, lo primero, el sa-

103 1502 1119 53 ber las condiciones en que jarán el viaje los encargaos de la

100 1549 481 57 custodia de los parneses.

129 1594 884 61 —Esa misma pregunta le hice yo al confidente.

131 1643 634 62 —¿Y qué le contestó, mi capitán?

129 1693 1082 53 —Que lo único que había podido averiguar era que dos

91 1742 1119 55 frailes franciscanos, según la voluntad del finado, merced

89 1789 1116 60 á una cuantiosa limosna donada al convento de su orden,

89 1839 1116 57 se encargasen de la conducción de caudales, que entrega-

86 1888 949 58 rían en las propias manos del prior de las ermitas.

116 1939 1084 59 —Con esos datos yo averiguaré cuanto se necesita, pues

82 1985 1117 72 tenemos lo que nos jace falta; ahora mesmo mando montar
