1729 2253
647 108 137 49 — 15 —

137 166 1133 63 nas con las queridas que le ayudaban á dilapidar su ha-

136 219 151 52 cienda.

192 260 1082 59 El capitán cedió la planta baja al teniente y los mucha-

138 316 1135 58 chos, y se reservó el principal, amueblado con lujo y con las

136 364 1139 50 comodidades necesarias para un hombre que había vivido

138 414 475 59 siempre en la opulencia.

194 468 1080 53 Apenas entraron en la casa, el teniente desapareció con

140 511 1135 61 su preciosa carga, y Melchor, con la suya, se dirigió á la es-

137 563 1140 59 calera, subiéndola con una rapidez pasmosa. Esta prisa obe-

138 612 1136 61 decía al temor de que expirase su tío sin presenciar el horri-

141 658 729 57 ble suplicio á que le había condenado.

194 705 1081 68 Atravesó la sala, por cuyos balcones penetraba una clari-

138 754 1135 60 dad incierta, puesto que había empezado á anochecer, y sin

138 804 1136 55 detenerse se introdujo en la alcoba, depositando á su prima

137 856 1135 56 en una cama, frente de la que ocupaba su padre, cuya respi-

140 902 1130 74 ración y casi imperceptibles quejidos acusaban lo gravísimo

142 961 262 46 de su estado.

195 992 1075 66 Sobre el lavabo había un gran candelabro, y sin perder

141 1047 1128 49 un momento encendió las ocho bujías colocadas en sus bra-

141 1093 1128 62 zos, quedando fuertemente alumbrada la habitación; mien-

140 1149 1129 52 tras, desnudaba á su prima sin ninguna clase de miramien-

141 1200 1127 50 tos, acto que su padre presenciaba con los ojos desmesura-

138 1242 1131 53 damente abiertos, en cuya mirada de espanto se revelaba

140 1296 1129 52 una fiereza destructora para su sobrino y un poema de amor

140 1339 1127 52 para su inocente hija; sin duda comprendiendo lo que iba á

141 1383 1127 75 suceder, le atacó una terrible convulsión que debía terminar

141 1435 349 56 con su existencia.

195 1479 1073 59 Satisfecho Melchor, y gozándose en los sufrimientos de

137 1532 1131 60 aquel hombre, que moría desesperado, se acostó con su ino-

138 1580 1130 54 cente víctima, que permanecía desmayada, y abusó cínica-

138 1632 1130 51 mente de la que en otro tiempo le amara con una pasión pu-

138 1675 1130 46 ra y candorosa. Durante aquel acto inconcebible de barba-

140 1724 1127 53 rie, el desgraciado padre se incorporó en el lecho con el ca-

138 1777 1127 55 bello erizado, las manos crispadas y los ojos fuera de las ór-

138 1821 1129 61 bitas, y lanzando una especie de rugido de impotencia, acom-

138 1872 1115 63 pañado de un vómito de sangre, rodó desde el lecho al suelo

138 1925 1032 72 produciendo la caída del cuerpo un golpe sordo y seco.
