1860 2629
203.0 184.0 573.0 67.0 muchas veces el callar!

201.0 227.0 711.0 79.0 que el que no habla no yerra.

199.0 286.0 704.0 73.0 Séneca muy bien lo explica,

199.0 341.0 726.0 66.0 que es una de sus sentencias.

208.0 383.0 539.0 72.0 Ya satisfecha del caso

201.0 440.0 555.0 70.0 se quedó Doña Josefa,

206.0 486.0 473.0 70.0 y apénas amaneció,

195.0 534.0 522.0 75.0 hizo vivas diligencias

199.0 582.0 630.0 79.0 por descubrirlos, y al fin

193.0 641.0 631.0 62.0 en la playa los encuentra.

195.0 687.0 671.0 75.0 Quando los tuvo presentes,

193.0 740.0 581.0 72.0 les dice de esta manera:

188.0 788.0 599.0 75.0 me conoceis Caballeros ?

188.0 841.0 579.0 79.0 Sabed soy Doña Josefa,

188.0 900.0 663.0 70.0 aquella á quien agraviasteis

186.0 950.0 614.0 66.0 en la ciudad de Valencia;

186.0 994.0 678.0 75.0 vengo á tomar la venganza

186.0 1042.0 671.0 81.0 por Don Pedro Valenzuela,

182.0 1095.0 752.0 79.0 que habiendo muerto á mi amante

184.0 1158.0 710.0 68.0 poco importa que yo muera.

182.0 1196.0 647.0 76.0 Sacan los tres las espadas,

188.0 1248.0 643.0 79.0 y á la batalla se aprestan,

193.0 1303.0 570.0 66.0 y á dos idas y venidas

184.0 1356.0 570.0 59.0 le alcanzó Doña Josefa

179.0 1408.0 632.0 62.0 al valiente Don Leonardo

184.0 1463.0 577.0 66.0 una estocada tan recia,

177.0 1505.0 667.0 78.0 que lo pasó por el pecho,

175.0 1566.0 658.0 66.0 dando con él en la tierra.

173.0 1605.0 645.0 81.0 Esto que vió Don Gaspar,

168.0 1656.0 560.0 81.0 cerró con Doña Josefa;

173.0 1711.0 581.0 76.0 mas poco le aprovechó,

166.0 1757.0 764.0 87.0 porque ella con gran destreza

173.0 1822.0 533.0 62.0 le quitó de la cintura

171.0 1873.0 627.0 57.0 una almarada, y con ella

168.0 1914.0 571.0 64.0 lo pasó por el costado,

175.0 1962.0 638.0 73.0 y ambos difuntos los dexa.

166.0 2019.0 566.0 71.0 Se alborotó la Ciudad,

177.0 2070.0 667.0 70.0 y acudió con gran presteza

166.0 2122.0 507.0 90.0 el Señor Gobernador,

993.0 192.0 551.0 75.0 para llevarse la presa.

987.0 245.0 605.0 74.0 Mas ella con arrogancia

982.0 293.0 603.0 70.0 dixo : sepa Vuexcelencia,

982.0 346.0 711.0 79.0 que mi espada á nedie teme,

982.0 394.0 636.0 79.0 aunque un exercito venga;

980.0 442.0 680.0 77.0 dixo, y chocando con ellos,

980.0 490.0 678.0 79.0 á uno toma y á otro dexa.

980.0 541.0 555.0 70.0 Tres ministros le mató,

984.0 595.0 667.0 71.0 y en medio de esta refriega

978.0 648.0 697.0 81.0 se le ha quebrado la espada

973.0 694.0 601.0 88.0 echó mano con presteza

971.0 747.0 533.0 78.0 al trabuco que tenia,

987.0 795.0 684.0 76.0 y á barrer la calle empieza.

978.0 841.0 605.0 83.0 Tan buena traza se daba

971.0 896.0 584.0 81.0 á disparar, que se lleva

967.0 955.0 588.0 70.0 dos ó tres de cada tiro,

973.0 1001.0 568.0 79.0 y la calle le franquean

962.0 1060.0 654.0 72.0 con que llegó á refugiarse

958.0 1101.0 667.0 86.0 dentro de la misma lglesia

962.0 1154.0 533.0 81.0 del Serafico Francisco

962.0 1213.0 586.0 70.0 adonde á curarse queda

965.0 1255.0 631.0 81.0 dos balazos, pues llevaba

962.0 1310.0 680.0 76.0 muy mal herida una pierna,

965.0 1358.0 636.0 68.0 Buena ya de su accidente

962.0 1410.0 641.0 73.0 pidió á los Padres licencia

965.0 1467.0 592.0 73.0 para salir del Convento,

965.0 1513.0 618.0 70.0 y mandó que le traxeran

960.0 1573.0 496.0 65.0 el caballo que tenia

954.0 1612.0 636.0 81.0 en un meson de allí cerca.

956.0 1662.0 748.0 84.0 Fue un Donado y se lo traxo,

965.0 1721.0 519.0 68.0 y agradeció la fineza;

951.0 1772.0 571.0 68.0 sin ser de nadie sentida

949.0 1824.0 531.0 66.0 se salió de Cartagena.

960.0 1864.0 643.0 79.0 Y ahora Pedro de Fuentes

947.0 1914.0 601.0 73.0 á aquesta plana primera

945.0 1967.0 757.0 83.0 da fin, que en la otra segunda

947.0 2026.0 494.0 64.0 dará noticias enteras

947.0 2074.0 581.0 70.0 en lo que vino á parar

947.0 2122.0 586.0 84.0 la hermosa Doña Josefa.

162.0 2195.0 1540.0 111.0 Con licencia: En Córdoba en la Imprenta de Don Juan Garcia

370.0 2265.0 1103.0 120.0 Rodriguez de la Torre, calle de la Librería.
