1860 2629
225.0 804.0 1178.0 138.0 DOÑA JOSEFA RAMIREZ.

41.0 933.0 1529.0 120.0 ROMANCE, EN QUE SE DA CUENTA DE LOS ARROJOS,

120.0 999.0 1384.0 107.0 y valientes arrestos de esta Dama natural de Valencia,

282.0 1053.0 1058.0 101.0 y la felicidad con que salió de todos ellos.

557.0 1152.0 465.0 107.0 PRIMERA PARTE.

8.0 2212.0 632.0 108.0 diez y ocho primaveras,

118.0 1240.0 676.0 116.0 A La que es Madre del Verbo,

30.0 1281.0 654.0 107.0 Maria Señora nuestra,

19.0 1353.0 696.0 88.0 le pido humilde y postrado

19.0 1404.0 739.0 105.0 me dé gracia, con que pueda

19.0 1461.0 564.0 76.0 referirle a mi auditorio

19.0 1502.0 603.0 92.0 la mas infausta tragedia

21.0 1555.0 527.0 81.0 y el afortunado caso,

19.0 1610.0 707.0 90.0 que sucedió á una Doncella;

19.0 1658.0 669.0 88.0 atencion que ya comienzo.

17.0 1713.0 647.0 76.0 En la ciudad de Valencia

13.0 1761.0 715.0 88.0 nació de muy nobles padres

10.0 1814.0 621.0 87.0 la hermosa Doña Joseta:

17.0 1866.0 713.0 90.0 cen muy buenos documentos

17.0 1908.0 562.0 92.0 crióse aquesta Minerva,

19.0 1960.0 678.0 97.0 que Palas la tuvo embidia

15.0 2008.0 653.0 101.0 por lo sabia y lo discreta;

15.0 2074.0 623.0 79.0 Venus se quedó afrentada

6.0 2111.0 619.0 88.0 solo al mirar su belleza

13.0 2166.0 625.0 88.0 Apénas cumplió esta niña

820.0 1270.0 616.0 79.0 muchos Señores la ronda

815.0 1329.0 558.0 70.0 sus celosias y puertas,

822.0 1373.0 660.0 79.0 y entre tantos pretendientes

813.0 1432.0 625.0 64.0 la adoraba muy de veras

815.0 1478.0 540.0 79.0 un princinal caballeró

813.0 1524.0 654.0 75.0 Don Pedro de Valenzuela.

811.0 1575.0 691.0 90.0 Al fin le escribio un villete

804.0 1629.0 641.0 77.0 con muy rendidas ofertas,

807.0 1680.0 636.0 74.0 le dió parte de su amor:

807.0 1735.0 566.0 65.0 la Dama como discreta

804.0 1789.0 612.0 73.0 con otro le corresponde

798.0 1833.0 550.0 70.0 á su pretension atenta

798.0 1892.0 675.0 75.0 diciendo: Señor Don Pedro,

802.0 1938.0 671.0 81.0 yo estimo vuestras finezas,

807.0 1998.0 660.0 70.0 ya sabeis como en mi casa

804.0 2041.0 555.0 75.0 soy la única heredera,

802.0 2090.0 551.0 76.0 hallo imposible, Señor,

796.0 2153.0 761.0 79.0 de que mis padres consientan,

798.0 2203.0 678.0 75.0 que yó con usted me case:

798.0 2245.0 654.0 121.0 mas esta noche en la rexa
