1753 2480
188.0 57.0 616.0 73.0 se fue á recoger su ropa

192.0 103.0 616.0 78.0 y joyas de mucho precio;

183.0 152.0 633.0 81.0 mandó el amo la llevasen

186.0 208.0 622.0 73.0 al navio, asi lo hicieron.

179.0 258.0 590.0 78.0 Embarcose el Renegado,

177.0 312.0 548.0 72.0 á Alicante se vinieron:

173.0 355.0 579.0 74.0 tiernamente se despiden,

167.0 409.0 695.0 82.0 y él con sus grandes deseos

167.0 454.0 560.0 81.0 para Roma se embarcó,

161.0 508.0 570.0 81.0 siendole feliz el viento,

161.0 560.0 531.0 80.0 en breve tiempo llegó

159.0 611.0 721.0 79.0 á Roma, y con gran contento

159.0 659.0 589.0 78.0 pasó á ver su Santidad,

159.0 717.0 585.0 68.0 parte le dió del suceso,

163.0 760.0 577.0 74.0 y confesando sus culpas

150.0 812.0 681.0 78.0 con grande arrepentimiento,

152.0 863.0 643.0 79.0 en un Convento se acoge,

148.0 917.0 641.0 79.0 donde llorando sus yerros,

148.0 963.0 587.0 80.0 hizo grandes penitencias

150.0 1025.0 540.0 66.0 para merecer el cielo.

144.0 1066.0 523.0 70.0 Pero volvamos ahora

144.0 1113.0 703.0 83.0 á la Dama, que al momento

144.0 1171.0 484.0 69.0 en Alicante compró

144.0 1221.0 699.0 72.0 un caballo que a los vientos

142.0 1266.0 540.0 73.0 imitaba en su carrera,

144.0 1322.0 565.0 73.0 por lo veloz y ligero.

138.0 1368.0 668.0 78.0 Pasó á Valencia, y en ella

136.0 1419.0 622.0 75.0 entró con mucho secreto:

132.0 1469.0 756.0 72.0 se ha irformado de sus padres

140.0 1533.0 676.0 60.0 y supo que estaban buenos;

138.0 1572.0 575.0 75.0 y una noche determina

130.0 1628.0 603.0 68.0 el ir disfrazada á verlos,

136.0 1674.0 593.0 76.0 y á eso de las oraciones

128.0 1725.0 641.0 75.0 ensilló el caballo, y luego

124.0 1777.0 721.0 70.0 montó en él y fue á su casa;

119.0 1826.0 709.0 79.0 á abrirle salió un buen viejo,

128.0 1882.0 626.0 73.0 y ella cortés le pregunta,

124.0 1934.0 613.0 72.0 destocandose el sombrero:

969.0 74.0 705.0 83.0 vive aqui el Señor Don Juan

959.0 109.0 556.0 89.0 Ramirez y Marmolejo ?

965.0 165.0 595.0 83.0 Si Señor, le respondió;

969.0 219.0 695.0 84.0 y entonces entró allá dentro.

959.0 264.0 587.0 91.0 Se sentaron lado a lado,

961.0 318.0 591.0 85.0 y dixo: sabed por cierto,

955.0 374.0 583.0 76.0 que vuestra hija, Señor,

948.0 421.0 695.0 81.0 hoy se halla en este pueblo:

946.0 467.0 678.0 86.0 tres años y medio ha estado

944.0 524.0 594.0 77.0 metida en un cautiverio,

940.0 570.0 670.0 85.0 sirviendo, no como esclava,

942.0 626.0 649.0 89.0 porque era absoluto dueño

940.0 682.0 535.0 70.0 de la casa de su amo,

944.0 723.0 680.0 85.0 y al cabo de aqueste tiempo

938.0 768.0 529.0 79.0 le ha dado la libertad

952.0 822.0 606.0 81.0 y gran porcion de dinero.

936.0 868.0 723.0 93.0 Don Juan que atento escuchaba

932.0 921.0 599.0 91.0 las razones del mancebo,

930.0 981.0 508.0 73.0 al oirle se enternece,

938.0 1025.0 540.0 78.0 y lloraba sin consuelo.

932.0 1074.0 612.0 81.0 Ay hija de mis entrañas!

921.0 1122.0 598.0 82.0 ó si permitiera el cielo,

926.0 1184.0 626.0 70.0 que yo la viese en mi casa!

921.0 1231.0 679.0 83.0 mis congoxas fueran menos;

928.0 1281.0 585.0 74.0 la madre por otro lado

924.0 1324.0 545.0 83.0 haciase al sentimiento.

921.0 1376.0 542.0 81.0 Del asiento se levanta,

930.0 1430.0 618.0 76.0 y arrodillada en el suelo,

911.0 1479.0 633.0 79.0 dixo : cese vuestro llanto,

917.0 1527.0 749.0 91.0 que á vuestra hija estais viendo;

921.0 1581.0 592.0 78.0 y ahora, padre y Señor,

915.0 1638.0 608.0 75.0 perdonad mi grave yerro,

917.0 1690.0 530.0 64.0 y lo que pretendo es

909.0 1738.0 647.0 80.0 meterme en un Monasterio.

907.0 1785.0 608.0 77.0 Lo pusieron por la obra,

907.0 1835.0 761.0 82.0 y se ha entrado en un Convento

903.0 1882.0 610.0 75.0 de Religiosas Franciscas,

905.0 1942.0 686.0 83.0 donde vivió dando exemplo.

117.0 2023.0 1532.0 101.0 Con licencia : en Córdoba, en la Imprenta de Don Juan Garcia

361.0 2083.0 1061.0 93.0 Rodriguez de la Torre, calle de la Lalería.
