1753 2480
59.0 140.0 600.0 60.0 de mi jardín os aguardo

59.0 186.0 641.0 74.0 á eso de la once y media.

59.0 235.0 650.0 77.0 Dios os guarde, Caballero.

62.0 291.0 723.0 74.0 Quien mas os estima y venera

62.0 351.0 518.0 60.0 Doña Josefa Ramirez,

62.0 392.0 692.0 60.0 una humilde esclava vuestra.

62.0 442.0 605.0 66.0 Con esto cerró el villete,

70.0 481.0 663.0 83.0 y á un Page con diligencia

55.0 547.0 614.0 70.0 le mandó que le llevase,

53.0 589.0 755.0 80.0 el qual fue con gran presteza,

64.0 648.0 601.0 73.0 y á Don Pedro se lo dió

57.0 702.0 670.0 62.0 en propia mano, y le besa.

57.0 746.0 594.0 76.0 Rompió la nema y leyó

57.0 785.0 685.0 95.0 lo que ya expresado queda,

53.0 853.0 575.0 70.0 deseando que la aurora

53.0 901.0 730.0 72.0 tendiese el manto de estrellas.

53.0 946.0 534.0 74.0 Llegó la citada hora,

64.0 994.0 709.0 76.0 y pronto se halló en la rexa,

55.0 1056.0 563.0 55.0 hizo una seña, y salió

55.0 1095.0 569.0 70.0 aquella Diosa Minerva,

57.0 1149.0 631.0 76.0 aquella estrella de Venus,

55.0 1204.0 637.0 73.0 tan bizarra como honesta.

53.0 1260.0 498.0 66.0 Saludaronse corteses,

62.0 1299.0 698.0 79.0 y entre los dos hacen cuenta

57.0 1351.0 606.0 79.0 que una noche la sacase;

55.0 1401.0 635.0 82.0 quando en estas diferencias

55.0 1452.0 614.0 77.0 le acometen dos traidores

53.0 1512.0 668.0 66.0 á Don Pedro con violencia.

55.0 1554.0 558.0 74.0 Dos estocadas le dieron

57.0 1595.0 747.0 95.0 por la espalda, mas tan recias,

55.0 1659.0 550.0 66.0 que las heridas crueles

55.0 1709.0 651.0 66.0 hasta el pecho le penetran;

59.0 1758.0 571.0 79.0 y como un leon herido

53.0 1804.0 666.0 87.0 sacó la espada, y con ella

55.0 1860.0 461.0 80.0 à los dos acometió

57.0 1903.0 583.0 87.0 pero poco le aprovecha,

55.0 1961.0 724.0 74.0 que ellos se escapan huyendo,

57.0 2012.0 751.0 79.0 y el triste jóven dió en tierra,

53.0 2064.0 525.0 70.0 diciendo: difunto soy,

57.0 2110.0 616.0 84.0 perdoname amada prenda.

57.0 2163.0 687.0 75.0 Esta voz que oyó la Dama,

53.0 2213.0 639.0 95.0 cayó amortecida en tierra;

845.0 124.0 678.0 82.0 volviendo en sí del letargo,

843.0 190.0 527.0 68.0 decia de esta manera:

843.0 233.0 692.0 66.0 qué es esto que me sucede!

839.0 285.0 680.0 68.0 cielo, qué desgracia es esta!

843.0 334.0 750.0 75.0 qué he de hacer, ay de mi triste!

839.0 390.0 558.0 62.0 ó fortuna tan adversa!

841.0 434.0 632.0 64.0 à donde hallaré yo alivio

839.0 487.0 605.0 71.0 à tanto tropel de penas?

843.0 535.0 639.0 70.0 Ya no tendré yo sosiego,

835.0 589.0 624.0 76.0 hasta que de cierto sepa,

843.0 642.0 637.0 71.0 quien fueron los alevosos,

839.0 690.0 765.0 80.0 que con tan grande inclemencia

843.0 741.0 678.0 67.0 à Don Pedro dieron muerte.

841.0 793.0 634.0 70.0 Toda en lágrimas deshecha

845.0 845.0 643.0 68.0 jura que se ha de vengar

839.0 896.0 577.0 73.0 à pesar de las estrellas.

839.0 944.0 587.0 70.0 Se retiró á su aposento,

837.0 1002.0 545.0 64.0 como una leona fiera,

839.0 1047.0 556.0 64.0 se despoja de su ropa,

841.0 1093.0 614.0 76.0 tomando capa y montera,

845.0 1147.0 614.0 74.0 y un rico coleto de ante

839.0 1196.0 630.0 70.0 calzon de la misma pieza,

839.0 1246.0 523.0 74.0 zapatos à lo moruno,

845.0 1297.0 521.0 77.0 y rica media de seda,

841.0 1351.0 566.0 66.0 una charpa de pistolas,

837.0 1397.0 694.0 70.0 tambien su espada y rodela,

855.0 1457.0 672.0 66.0 y un trabuco que pendiente

841.0 1512.0 550.0 52.0 de su cintura le lleva.

839.0 1545.0 661.0 81.0 Luego partió á un contador

843.0 1612.0 529.0 59.0 y sacó de una gaveta

839.0 1645.0 622.0 78.0 hasta doscientos doblones,

843.0 1700.0 622.0 75.0 y se ausentó de Valencia.

837.0 1750.0 707.0 76.0 Entre unos montes se oculta,

851.0 1806.0 596.0 72.0 y de noche daba vuelta,

839.0 1855.0 624.0 71.0 iba à las casas de juego,

837.0 1905.0 587.0 70.0 donde todo se conversa.

837.0 1953.0 643.0 80.0 Jugando estaba una noche

839.0 2004.0 591.0 77.0 y otros Señores con ella,

835.0 2052.0 721.0 80.0 sin saber con quien hablaban,

839.0 2110.0 626.0 64.0 del caso le dieron cuenta.

841.0 2155.0 723.0 79.0 Dicen con que Don Leonardo

851.0 2205.0 662.0 95.0 y Don Gaspar de Contreras
