1753 2480
4.0 115.0 667.0 75.0 En qué oficio te ocup abas?

16.0 163.0 527.0 68.0 El oficio que yo tengo

2.0 208.0 676.0 73.0 es, Señor, maestro de armas.

4.0 268.0 607.0 64.0 En buen oficio por cierto

4.0 318.0 560.0 70.0 te exercitabas cristiano;

2.0 376.0 599.0 55.0 mas daros otro pretendo.

6.0 415.0 552.0 66.0 Vos no sabeis escribir ?

0.0 462.0 721.0 81.0 Algo entiendo tambien de eso,

4.0 529.0 578.0 57.0 no con toda perfeccion,

8.0 572.0 632.0 68.0 porque usado no lo tengo.

8.0 626.0 515.0 66.0 Viendo su disposicion,

6.0 659.0 636.0 89.0 le entregó todo el manejo

0.0 723.0 595.0 66.0 de su casa, y al instante

2.0 772.0 686.0 69.0 mandó su amo á los Negros

2.0 818.0 547.0 72.0 que tenia, le enseñasen

2.0 870.0 603.0 72.0 la arabiga lengua, y ellos

4.0 927.0 572.0 58.0 lo pusieron por la obra,

0.0 975.0 737.0 66.0 y la aprendió en breve tiempo.

2.0 1018.0 659.0 81.0 Tan buenas cuentas le daba

2.0 1080.0 634.0 67.0 á su amo, y tan contento

4.0 1122.0 541.0 78.0 lo tenia, que no sabe

6.0 1175.0 682.0 65.0 que hacerse con su escudero.

4.0 1223.0 570.0 74.0 En este tiempo la mora,

2.0 1277.0 611.0 72.0 muger de su amo mesmo,

2.0 1322.0 539.0 70.0 á Don Pedro regalaba,

2.0 1376.0 609.0 74.0 y hacia algunos cortejos.

2.0 1428.0 603.0 68.0 Y un dia que fue su amo

4.0 1479.0 593.0 64.0 á caza con los monteros,

2.0 1533.0 663.0 64.0 lo llamó y le dixo á solas:

4.0 1574.0 657.0 73.0 Cristiano, yo por ti muero,

6.0 1626.0 655.0 74.0 yo no duerco ni descanso;

4.0 1684.0 527.0 66.0 en mi no cabe sosiego,

4.0 1738.0 554.0 62.0 y si merezco la dicha,

6.0 1775.0 661.0 80.0 de que premies mis afectos,

4.0 1837.0 512.0 70.0 te prometo que serás

2.0 1874.0 698.0 79.0 el dueño de aqueste pueblo.

0.0 1930.0 624.0 64.0 Por no descubrir su falta,

2.0 1986.0 690.0 64.0 con muy buenos documentos

2.0 2033.0 568.0 64.0 Don Pedro la disuadia,

2.0 2077.0 647.0 70.0 de aquesta suerte diciendo:

2.0 2134.0 721.0 71.0 mirad que soy vuestro esclavo,

6.0 2184.0 651.0 87.0 y que si no tengo hierros,

773.0 121.0 682.0 65.0 esa es merced que me hizo

771.0 161.0 655.0 66.0 mi amo por ser tan bueno,

777.0 208.0 651.0 73.0 y pues de mi se ha fiado,

771.0 258.0 632.0 74.0 hacerle ofensa no quiero;

783.0 316.0 608.0 74.0 y asi, Señora, dexadme,

781.0 374.0 668.0 62.0 y no toqueis mas en esto.

779.0 415.0 639.0 68.0 Viendo la Mora el desaire

771.0 471.0 752.0 68.0 que el Cristiano le hebia hecho,

773.0 522.0 645.0 69.0 jura por el gran Mahoma,

771.0 572.0 756.0 66.0 que ha de vengar su desprecio.

773.0 622.0 593.0 68.0 Apenas entró su esposo,

771.0 665.0 566.0 76.0 le salió al recibimiento

766.0 725.0 548.0 64.0 aquella falsa enemiga,

764.0 764.0 718.0 70.0 le hechó los brazos al cuello,

769.0 820.0 605.0 70.0 y con un llanto fingido

766.0 870.0 559.0 76.0 le dixo poned remedio

766.0 921.0 585.0 71.0 en vuestra casa, Señor,

760.0 977.0 751.0 72.0 porque el Mayordomo vuestro

766.0 1031.0 606.0 64.0 quiso atrevido ofenderte,

769.0 1070.0 636.0 70.0 muy lascivo y deshonesto

769.0 1128.0 603.0 58.0 á mi aposento se arroja,

769.0 1173.0 706.0 69.0 traxo en la mano este acero

771.0 1225.0 680.0 68.0 de un puñal, con amenazas

766.0 1279.0 625.0 62.0 queria lograr su intento:

771.0 1333.0 599.0 64.0 mas yo como una leona

766.0 1382.0 602.0 66.0 me levanté de mi lecho

769.0 1423.0 599.0 69.0 se lo quité de la mano ,

771.0 1473.0 725.0 81.0 el qual veislo aqui le tengo.

769.0 1523.0 618.0 68.0 Salió afuera el Renegado

769.0 1574.0 549.0 69.0 enfurecido y soberbio,

769.0 1632.0 642.0 64.0 y á sus criados les manda

769.0 1678.0 713.0 70.0 de que pongan á Don Pedro

766.0 1727.0 639.0 73.0 en una obscura mazmora,

773.0 1777.0 591.0 70.0 y lo cargasen de hierro,

775.0 1837.0 618.0 62.0 y que no le diesen agua,

771.0 1878.0 647.0 70.0 tampoco el mantenimiento,

771.0 1936.0 630.0 60.0 para que alli se muriese,

775.0 1992.0 605.0 60.0 pagando su atrevimiento.

773.0 2027.0 605.0 76.0 Un Moro piadoso habia,

771.0 2079.0 537.0 64.0 compadecido de verlo,

764.0 2124.0 695.0 77.0 que á escondidas de su amo

773.0 2176.0 547.0 95.0 le llevaba el alimento,
