1860 2629
278.0 96.0 55.0 134.0 56

682.0 186.0 752.0 199.0 A MI AMADA.

870.0 433.0 367.0 103.0 HIMNO COREADO.

826.0 598.0 437.0 111.0 CORO DE INTRODUCCION.

407.0 659.0 380.0 101.0 Salud, amable Elisa,

361.0 736.0 386.0 54.0 Hermosa cual el sol!

366.0 773.0 408.0 66.0 Tu faz divina muestra

364.0 823.0 392.0 57.0 Que á miles eclipsó :

366.0 865.0 390.0 59.0 Y escucha bondadosa

361.0 911.0 365.0 66.0 El lánguido rumor

364.0 953.0 383.0 65.0 De mal tempada dira

366.0 1005.0 381.0 70.0 Que pulsa tu cantor.

1171.0 681.0 377.0 83.0 Los sínceros acentos

1120.0 731.0 421.0 81.0 Que el aura á ti llevó,

1123.0 786.0 361.0 61.0 Son eco fiel y puro

1123.0 828.0 366.0 70.0 De amante corazon :

1118.0 880.0 329.0 64.0 Acogelos benigna,

1114.0 920.0 386.0 63.0 Que candorosos son,

1118.0 963.0 472.0 66.0 Cual preces que se elevan

1118.0 1014.0 355.0 70.0 Al trono del Señor.

883.0 1075.0 288.0 103.0 CORO GENERAL.

261.0 1130.0 649.0 118.0 A sus plantas, oh nintas hermosas,

274.0 1213.0 447.0 88.0 Acudid al albor matinal.

1046.0 1154.0 594.0 79.0 Con coronas de mirto y dé rosas

1041.0 1213.0 527.0 101.0 Que ceñir á su sien virginal.

971.0 1266.0 127.0 114.0 (DUO.)

267.0 1318.0 658.0 127.0 Hada amiga que en plácida noche

267.0 1421.0 564.0 57.0 Só tus alas de gasa esmaltada,

269.0 1461.0 529.0 66.0 En el seno de ELISA adorada

265.0 1502.0 410.0 110.0 Depositas poética flor;

1037.0 1356.0 594.0 83.0 Ancho espacio con mágico vuelo

1039.0 1421.0 568.0 68.0 Veloz hiende ligera cual brisa,

1039.0 1463.0 568.0 66.0 Y en la faz peregrina de ELISA

1037.0 1513.0 654.0 103.0 Sella un beso impregnado de amor.

919.0 1562.0 234.0 113.0 CORO FINAL.

269.0 1636.0 636.0 114.0 A sus plantas, oh ninfas hermosas,

267.0 1711.0 450.0 87.0 Acudid al albor matinal,

1037.0 1647.0 603.0 103.0 Con coronas de mirto y de rosas

1037.0 1715.0 540.0 109.0 Que ceñir á su sien virginal.

1504.0 1805.0 303.0 98.0 —J. A. C.—

416.0 2048.0 588.0 112.0 (Autorizado por la ley vigente.)

1335.0 2052.0 307.0 114.0 Es propiedad.

276.0 2153.0 1518.0 116.0 Se hallará de venta en casa Antonio Bosch, calle del Bou de la Plasa Nueva, n. °3.

364.0 2359.0 1346.0 127.0 Barcelona. = Imp. de Narciso Ramirez y C.ª Pasaje de Escudillers, núm. 4. —1866.
