1752 2480
155 192 482 74 Ya sé que estás enojada;

99 248 430 66 mas yo lo remediaré,

107 285 633 80 y á aquel que ha sido la causa,

103 338 403 89 la lengua le cortaré.

395 378 215 84 Estrivillo.

111 427 710 87 Y esto lo haré para dar á entender,

113 481 749 93 que nadie del mundo te ha de ofender.

169 574 517 83 Todas las flores de mayo,

119 638 501 77 y las escarchas de enero,

117 675 617 87 no es bastante á que yo olvide

119 741 472 77 un amor tan verdadero.

407 789 219 64 Estrivillo.

119 822 619 97 Y si alguno lo quiere estorbar,

128 884 722 95 yo le prometo que se ha de acordar.

175 952 534 108 Cuando paso por tu calle,

126 1041 484 68 voy mirando en aficion,

128 1089 457 80 solo por darle consuelo

128 1151 391 78 á mi triste corazon.

421 1159 218 93 Estrivillo.

134 1233 548 81 Perla mia, no seas ingrata,

138 1287 743 91 que tus desdenes es lo que me mata.

186 1372 442 91 Amantes enternecidos,

140 1450 486 62 comparados á las flores,

140 1492 542 78 os vengo á pedir consuelo,

150 1537 607 103 pues tambien sabeis de amores.

430 1589 223 74 Estrivillo.

148 1649 673 62 Porque mi dama me dió calabaza,

153 1694 736 95 y esta es la pena que el corazon pasa.

200 1793 517 81 Cuando los amantes gozan

155 1843 482 72 lo que apetece el deseo,

157 1905 475 56 es la cosa de mas gusto

159 1953 442 72 bajo la capa del cielo.

446 1994 232 72 Estrivillo.

169 2039 734 73 Y esto lo entiende quien sabe de amor,

171 2091 741 97 que es cosa mas dulce que el mismo licor.

217 2180 535 91 Todas las armas de España

179 2246 594 114 juntas no serán bastantes,

881 173 577 72 para hacer que no se estimen

879 221 525 68 los que son finos amantes.

1150 272 215 77 Estrivillo.

883 312 620 86 Y si los guian por otro camino,

862 369 734 100 no hay en el mundo mayor enemigo.

932 467 484 70 En las riberas del Turia

885 524 480 75 corre el agua cristalina,

889 572 548 81 y en sus márgenes mi amor

887 628 445 78 buscaba su peregrina.

1154 673 221 71 Estrivillo.

891 721 546 76 Hallar vine lo que deseaba,

893 764 718 101 que era la prenda que mas estimaba.

943 859 544 81 Pues sabes que yo te adoro

893 930 592 70 con fé tan firme y constante,

899 973 478 78 quisiera saber la causa,

910 1031 577 78 porque adoras á otro amante.

1164 1072 221 77 Estrivillo.

905 1120 671 84 Tus mudanzas me tienen perdido,

903 1171 679 112 dime la causa si yo te he ofendido.

951 1264 496 83 Si yo pudiera, Manuela,

910 1320 531 87 llevarte siempre á mi lado,

910 1384 432 68 no pasaría las noches

910 1415 527 93 sin sosiego y con cuidado.

1176 1469 218 72 Estrivillo.

918 1506 720 97 Porque el amante que está confiado,

916 1576 689 79 suele á los postres hallarse burlado.

965 1669 499 87 Eres la perla del mundo,

920 1733 480 56 eres sol, luna y lucero,

926 1775 468 80 y yo, como venturoso,

926 1822 499 85 soy tu amante verdadero.

1191 1872 213 72 Estrivillo.

930 1911 658 95 Porque me tiene Cupido rendido,

926 1971 724 95 y yo muy gustoso de ser tu querido.

984 2072 561 83 Tu esclavo soy tan gustoso,

939 2124 467 79 y te adoro tan rendido,

939 2178 415 72 que primero moriré,

943 2211 546 140 que yo te ponga en olvido.
