2148 3034
556 1082 1139 156 COPLAS DE LA JOTA,

369 1185 1500 147 CON ESTRIVILLOS Y CUARTILLAS; COPLAS PARA CASADAS,

412 1256 1404 147 viudas, doncellas. Compuestas nuevamente por el mismo Francisco Lecha,

549 1350 1125 113 que compuso las del Aguila soy del amor, y la Guirnalda

703 1410 807 119 de las Coplas de los nombres de Mujeres,

847 1479 504 103 ahora nuevamente en este

974 1570 291 101 presente año.

333 1653 504 96 Soy prisionero de amor,

339 1721 478 76 y lo seré mientras viva,

339 1772 485 71 que el amante verdadero

331 1812 549 96 primero muere, que olvida.

594 1873 213 73 Estrivillo.

328 1901 618 101 Corazon de diamante y acero,

328 1961 752 127 bien se conoce es tu amor verdadero.

379 2053 491 93 Para adomno de tu pecho

321 2108 549 91 llevo un clavel y una rosa,

321 2169 496 76 con un letrero que dice:

321 2212 493 91 Maria es la mas hermosa.

589 2283 207 63 Estrivillo.

321 2298 635 106 Va mi dama adornada de flores,

316 2363 723 124 causándoles celos á algunos señores.

1108 1988 708 105 que nadie del mundo lo ha de saber.

1163 1678 522 99 Mas firme que un castillo

1113 1739 526 91 seré, como tú me quieras;

1110 1790 440 86 el tiempo será testigo,

1105 1848 476 83 como te adoro de veras.

1368 1906 215 73 Estrivillo.

1100 1929 698 108 Solo te digo, y te doy á entender;

1148 2073 466 108 La señora que no sabe

1098 2141 546 88 guardar para sí un secreto,

1095 2197 476 81 no es buena para tratar

1092 2250 565 91 con ningun hombre discreto.

1358 2310 215 71 Estrivillo.

1087 2321 749 123 La dama responde, y dice á su amante:

1080 2394 706 126 Lo propio te digo, y pasa adelante.
