1897 2650
172 159 441 72 y todos los elementos,

170 205 589 79 no es bastante á dar consuelo

167 262 488 73 en semejantes tormentos.

220 304 457 71 ¿A qué Santos llamaré

172 359 455 76 para aliviar esta pena,

172 406 594 71 que me ahoga el sentimiento,

172 457 441 75 como si fuera cadena?

223 507 488 73 Llorad, hijos, como yo,

176 558 599 78 pues ya murió vuestro padre,

181 616 466 73 y segun mi sentimiento,

176 660 563 75 tambien quedaréis sin madre.

225 713 521 64 Fiestas, paseos y regalos,

181 757 492 75 para mí ya se acabaron;

187 803 528 86 penas, fatigas, tormentos,

181 859 552 70 en mi pecho se aumentaron.

284 954 530 70 OTRAS COPLAS DE UNA

406 1024 285 47 viuda zalamera.

234 1108 616 75 Pues que ya murió mi esposo,

187 1159 513 71 ¿qué medio puedo tomar?

185 1210 526 70 en nada no hallo remedio,

187 1265 457 62 sino volverme á casar.

240 1307 391 73 Una viuda zalamera

192 1358 470 70 vá tocando la vihuela,

196 1413 501 75 por ver si puede engañar

192 1455 596 79 un hombre que anda con ella.

238 1514 572 69 Cuando las viudas pretenden

194 1570 466 61 volverse luego á casar,

194 1609 439 75 ván á fiestas y bureos

194 1667 539 53 compuestas de mar á mar.

245 1707 572 72 Son las viudas tan cosarias,

200 1757 464 71 que si las dejan hablar,

198 1815 497 62 al hombre mas entendido

200 1868 500 68 sin ganas le harán casar.

251 1912 585 62 El que se casa con viuda,

200 1961 524 66 no puede errar el camino;

212 2014 536 70 porque son muy cuidadosas

209 2064 544 73 que no se pierda el marido.

253 2108 581 76 Mas, en fin, señoras viudas,

207 2170 455 64 un consejo quiero dar,

209 2199 546 174 la que perdió buen marido,

940 141 521 77 que no se vuelva á casar.

989 185 612 73 En esto ha llegado un quidam,

940 238 451 86 y á un viudo aconsejó

940 300 424 57 se casara al instante;

949 337 444 93 y luego el palo danzó.

971 412 683 95 OTRAS COPLAS DE LA JOTA,

1044 488 548 79 para cantar los mancebos á

1062 538 505 86 las puertas de sus damas.

998 629 532 88 Soy tu amante sin querer,

947 695 503 66 tú mi dama sin buscarte,

947 742 497 75 con deseo de alcanzarte,

949 795 475 68 discurre que puede ser.

998 843 501 73 La dama que es carecera

958 892 481 84 y tiene poca prudencia,

958 949 408 64 todos la suelen dejar

956 1000 439 62 á la luna de Valencia.

1004 1044 413 82 El amor de la gitana

949 1093 490 84 es amor muy lisonjero;

954 1150 454 71 no se fien de ninguna,

960 1194 468 84 que solo buscan dinero.

1007 1245 461 68 La primera vez que ví
