2148 3034
455 212 402 93 Sevilla para regalo,

399 262 483 91 Madrid para la nobleza,

397 318 448 81 para tropas Barcelona,

394 376 445 71 para jardines Valencia.

445 424 470 79 Asómate á esa ventana,

384 460 521 96 dame un ramito de flores,

389 515 453 84 que yo corresponderé,

384 573 458 76 apreciando tus favores.

437 619 501 96 Porque tú eres á mis ojos

374 664 498 94 la mas hermosa azucena,

376 725 496 81 que matizada entre flores

374 773 491 86 admira, espanta y eleva.

425 824 475 86 Hasta las parleras aves,

371 874 524 86 que con canciones serenas

366 920 514 88 invocan tu dulce nombre,

369 973 534 76 por dar alivio á mis penas.

425 1026 554 99 Tres lustros ha que te sirvo

359 1072 551 93 con sus treinta primaveras,

359 1127 531 86 sin poder gozar tus flores,

354 1183 412 65 adorándote de veras.

412 1223 519 91 Tan blanca como la nieve

354 1266 455 94 eres tú, ó linda dama,

354 1322 473 81 á quien rinden vasallaje

349 1372 450 76 los galanes de la fama.

407 1428 465 89 Tu amante pretendo ser

344 1468 498 91 hasta que pierda la vida,

346 1534 413 68 y tambien la quitaré

344 1580 541 81 á cualquiera que lo impida.

399 1630 499 99 Timantes con sus colores

344 1666 427 98 no te puede retratar,

341 1734 582 81 que por mucho que se mire,

336 1774 562 84 siempre corto ha de quedar.

382 1830 531 96 Es mi amor incomparable,

331 1883 493 81 y sin número mis celos,

331 1934 551 98 sin comparacion mis penas,

328 1989 423 74 sin alivio mis deseos.

379 2032 501 74 La hermosura de tu cara

326 2078 534 96 parece un cielo estrellado,

331 2141 433 63 y tus ojos dos luceros

328 2189 504 71 que lleva el sol á tu lado.

369 2237 420 76 Eres toda un Pirineo

321 2288 539 118 de nieve blanca y hermosa,

1178 252 461 89 igual á la de los Alpes;

1171 313 473 78 tus mejillas son de rosa.

1224 356 483 88 Al entrar por esta calle,

1168 402 529 93 parece que hallo consuelo;

1171 465 481 73 porque veo á la ventana

1161 500 475 86 lo propio que yo deseo.

1219 558 564 91 Tú eres en todo un diamante

1158 609 463 83 en ojos, pechos y cara,

1156 667 501 73 y por tí pierdo los aires,

1156 715 564 73 por servirte, prenda amada.

1204 763 440 83 Las estrellas y luceros

1148 816 486 84 me sirven de compañía,

1153 862 430 78 porque paseo tu calle

1146 912 501 76 mas de noche que de dia

1204 960 481 86 Tu amante soy tan leal,

1138 1018 511 76 y en amarte tan gustoso,

1143 1064 506 81 que si logro mis intentos,

1138 1114 468 74 seré en todo venturoso.

1189 1160 564 83 Me mandan que á todos ame

1135 1213 451 76 así propio como á mí;

1133 1259 531 91 mas si alguno te pretende,

1138 1314 458 74 no sé como hacerlo así.

1186 1365 435 73 A la calle de mi dama

1128 1410 425 84 he llegado en alegría,

1135 1458 446 79 y veo ya en el balcon

1125 1509 516 83 el dulce amor de mi vida.

1186 1559 461 86 Y la dama le responde:

1123 1610 415 81 No me seas lisonjero,

1123 1658 460 84 que tú te burlas de mí,

1120 1714 552 78 porque sabes que te quiero.

1168 1767 504 81 El amante que á su dama

1110 1817 471 79 no la trata con desden,

1110 1863 458 78 nunca sabrá de seguro

1108 1913 427 79 si ella le quiere bien.

1163 1964 539 91 A Dios, dueño de mi vida,

1105 2010 491 83 á Dios, serafin hermoso,

1108 2065 571 99 que me voy con la esperanza

1105 2108 496 132 de llegar á ser tu esposo.
