1860 2464
372 82 493 74 Cuando ví tal hermosura,

322 135 477 68 no pude hablar palabra;

326 190 467 62 viéndome algo suspenso

324 229 498 66 desta suerte me hablaba:

372 285 569 72 Llega mancebo, y no temas,

330 332 570 78 que yo soy persona humana,

337 390 483 74 y mis pecados me tienen

326 427 557 80 en el sitio en que me hallas.

380 482 394 72 Desátame, y te diré

330 533 479 72 mi pena, fatiga y ansia,

337 589 439 74 y tambien los alevosos

341 638 559 74 que son de mi mal la causa.

384 689 501 62 Compadecido el mancebo,

335 733 464 78 un fuerte cuchillo saca,

335 782 515 70 cortó los gruesos cordeles,

345 827 555 88 que á aquel angel sujetaban.

384 889 491 69 Se quitó luego el gaban,

341 938 433 64 encima se lo arrojaba;

343 977 585 80 cubriendo sus blancas carnes,

345 1032 557 78 que con el sol se comparan.

390 1084 565 69 Mirando á un lado y á otro,

345 1135 520 64 vió estar entre unas matas

345 1186 512 72 la ropa, que siempre fué

349 1234 553 76 de aquel desengaño causa.

396 1281 574 78 Que es, como dice el adagio,

353 1332 565 80 que entre los antiguos anda,

357 1386 526 75 que por la jaula conocen

349 1425 596 86 el ave que dentro estaba.

402 1486 430 66 Ella suspira y solloza,

359 1525 543 86 pidiendo al cielo venganza,

365 1585 418 74 y vistiéndose le dice:

357 1638 506 66 Por Dios, hermosa Diana,

406 1677 551 78 Por la Vírgen del Rosario,

363 1728 590 78 que me digas lo que pasa.

365 1784 411 72 Agradecida responde

365 1835 496 70 estas siguientes palabras:

413 1889 522 61 Has de saber, noble joven,

369 1934 531 74 que en Trujillo soy criada,

367 1985 485 70 hija soy de un caballero,

374 2034 460 78 que don Diego se llama

419 2088 462 68 De Castro por apellido,

378 2139 602 115 que es de lo mejor de España;

1013 73 481 78 mi madre es doña Isabel

1013 139 452 66 de Mendoza intitulada.

1070 174 481 76 Y por gusto de padrinos

1011 229 491 68 á mí me llaman Rosaura,

1011 277 571 88 tan amada en mis principios,

1013 338 479 58 como ahora desgraciada.

1068 383 426 74 Vivia pared en medio,

1017 435 431 68 mas abajo de mi casa,

1019 482 440 74 un hijo de un labrador

1021 533 534 72 de hacienda algo moderada.

1064 585 452 70 Mozo galan y valiente,

1019 632 493 76 hermoso y de lindo traje,

1023 689 465 62 que se llevó mi aficion,

1033 733 481 73 y me amó con vigilancia.

1070 784 459 57 Mas como las calidades

1027 823 520 76 unas con otras no igualan,

1025 878 430 74 tuve lugar una noche

1031 928 500 76 para escribirle una carta.

1013 977 622 70 Dándole á entender por ella,

1029 1036 512 62 que me saque de mi casa,

1029 1086 434 70 y que sea con secreto

1035 1129 436 72 y con cautelosa maña.

1066 1172 473 74 Mas el alevoso amante

1029 1223 532 82 á un primo cuenta le daba

1031 1277 547 67 suyo, que traidor, infame,

1031 1334 524 72 fué causa de mi desgracia.

1083 1381 466 72 A los catorce de agosto

1035 1427 469 67 me sacaron de mi casa,

1037 1474 496 74 bien prevenida de joyas

1046 1523 550 78 y de muy costosas galas,

1087 1574 511 70 Como al presente las vés,

1046 1624 557 65 que ellas mesmas lo señalan.

1042 1675 489 76 Quince dias caminamos,

1044 1724 507 72 cabales por sus jornadas,

1087 1776 503 67 Hasta llegar á este sitio

1056 1827 540 66 encubridor de mi infamia;

1048 1880 509 64 aquí los dos desmontaron

1050 1934 536 70 con intencion muy dañada,

1101 1981 450 66 Para marchitar la rosa,

1056 2014 596 88 que de muchos fué envidiada;

1052 2073 602 85 aquí me gozaron ambos,

1050 2121 569 125 ¡Jesus, que suma desgracia!

1580 2172 70 92 Sin
