<?xml version="1.0" encoding="UTF-8"?>
<alto xmlns:xsi="http://www.w3.org/2001/XMLSchema-instance"
      xmlns="http://www.loc.gov/standards/alto/ns-v4#"
      xsi:schemaLocation="http://www.loc.gov/standards/alto/ns-v4# http://www.loc.gov/standards/alto/v4/alto-4-2.xsd">
  <Description>
    <MeasurementUnit>pixel</MeasurementUnit>
    <sourceImageInformation>
      <fileName>BCN_043_3.jpg</fileName>
      
    </sourceImageInformation>
  </Description>
  
  <Tags>
    <OtherTag ID="BT221" LABEL="CustomZone:impresorNum" DESCRIPTION="block type CustomZone:impresorNum"/><OtherTag ID="BT222" LABEL="CustomZone:numero_pliego" DESCRIPTION="block type CustomZone:numero_pliego"/><OtherTag ID="BT223" LABEL="CustomZone:title" DESCRIPTION="block type CustomZone:title"/><OtherTag ID="BT224" LABEL="GraphicZone:illustration" DESCRIPTION="block type GraphicZone:illustration"/><OtherTag ID="BT225" LABEL="GraphicZone:ornamentation" DESCRIPTION="block type GraphicZone:ornamentation"/><OtherTag ID="BT226" LABEL="MainZone" DESCRIPTION="block type MainZone"/><OtherTag ID="BT227" LABEL="MainZone:columns" DESCRIPTION="block type MainZone:columns"/><OtherTag ID="BT228" LABEL="MarginTextZone:colophon" DESCRIPTION="block type MarginTextZone:colophon"/><OtherTag ID="BT229" LABEL="MarginTextZone:note" DESCRIPTION="block type MarginTextZone:note"/><OtherTag ID="BT230" LABEL="MusicZone" DESCRIPTION="block type MusicZone"/><OtherTag ID="BT231" LABEL="NumberingZone:page" DESCRIPTION="block type NumberingZone:page"/><OtherTag ID="BT232" LABEL="QuireMarksZone:catchwords" DESCRIPTION="block type QuireMarksZone:catchwords"/><OtherTag ID="BT233" LABEL="QuireMarksZone:signature" DESCRIPTION="block type QuireMarksZone:signature"/><OtherTag ID="BT234" LABEL="RunningTitleZone" DESCRIPTION="block type RunningTitleZone"/>
    <OtherTag ID="LT81" LABEL="CustomLine:propriedad" DESCRIPTION="line type CustomLine:propriedad"/><OtherTag ID="LT82" LABEL="CustomLine:trailer" DESCRIPTION="line type CustomLine:trailer"/><OtherTag ID="LT83" LABEL="DefaultLine" DESCRIPTION="line type DefaultLine"/><OtherTag ID="LT84" LABEL="HeadingLine" DESCRIPTION="line type HeadingLine"/>
  </Tags>
  
  <Layout>
    <Page WIDTH="1856"
          HEIGHT="2652"
          PHYSICAL_IMG_NR="226"
          ID="eSc_dummypage_">
      <PrintSpace HPOS="0"
                  VPOS="0"
                  WIDTH="1856"
                  HEIGHT="2652">
        
        <TextBlock HPOS="128"
                   VPOS="239"
                   WIDTH="711"
                   HEIGHT="2139"
                   ID="block_1"
                   TAGREFS="BT227">
          <Shape><Polygon POINTS="776 239 839 2348 128 2378 128 242"/></Shape>
          
          
          <TextLine ID="eSc_line_17422bd4"
                    TAGREFS="LT83"
                    BASELINE="188 304 603 287" 
                    HPOS="183"
                    VPOS="247"
                    WIDTH="420"
                    HEIGHT="73">
            <Shape><Polygon POINTS="584 254 561 251 539 251 517 251 495 251 473 251 451 251 429 249 407 249 384 249 360 249 338 249 316 249 294 247 283 247 183 247 188 304 188 320 603 307 603 287 597 254 584 254"/></Shape>
	    <String CONTENT="Sin temer la justa ira"
                    HPOS="183"
                    VPOS="247"
                    WIDTH="420"
                    HEIGHT="73"></String>
          </TextLine>

          
          
          <TextLine ID="eSc_line_37a2d380"
                    TAGREFS="LT83"
                    BASELINE="139 355 659 340" 
                    HPOS="134"
                    VPOS="298"
                    WIDTH="525"
                    HEIGHT="73">
            <Shape><Polygon POINTS="139 355 139 371 659 360 659 340 652 298 134 307 139 355"/></Shape>
	    <String CONTENT="del Señor que los miraba;"
                    HPOS="134"
                    VPOS="298"
                    WIDTH="525"
                    HEIGHT="73"></String>
          </TextLine>

          
          
          <TextLine ID="eSc_line_ed55836a"
                    TAGREFS="LT83"
                    BASELINE="143 408 588 391" 
                    HPOS="141"
                    VPOS="349"
                    WIDTH="447"
                    HEIGHT="77">
            <Shape><Polygon POINTS="143 408 143 426 588 415 588 391 581 349 141 360 143 408"/></Shape>
	    <String CONTENT="luego el alevoso primo"
                    HPOS="141"
                    VPOS="349"
                    WIDTH="447"
                    HEIGHT="77"></String>
          </TextLine>

          
          
          <TextLine ID="eSc_line_0b704c55"
                    TAGREFS="LT83"
                    BASELINE="143 459 603 437" 
                    HPOS="139"
                    VPOS="395"
                    WIDTH="464"
                    HEIGHT="88">
            <Shape><Polygon POINTS="143 459 143 483 205 470 601 455 603 437 597 395 139 411 143 459"/></Shape>
	    <String CONTENT="dijo que me desnudara."
                    HPOS="139"
                    VPOS="395"
                    WIDTH="464"
                    HEIGHT="88"></String>
          </TextLine>

          
          
          <TextLine ID="eSc_line_ecd0a31a"
                    TAGREFS="LT83"
                    BASELINE="196 506 767 481" 
                    HPOS="194"
                    VPOS="433"
                    WIDTH="573"
                    HEIGHT="90">
            <Shape><Polygon POINTS="590 439 577 439 553 439 546 442 539 442 502 442 502 444 499 444 194 459 196 506 196 523 767 499 767 481 763 442 696 433 694 433 590 437 590 439"/></Shape>
	    <String CONTENT="Así que en carnes me vieron,"
                    HPOS="194"
                    VPOS="433"
                    WIDTH="573"
                    HEIGHT="90"></String>
          </TextLine>

          
          
          <TextLine ID="eSc_line_b7427613"
                    TAGREFS="LT83"
                    BASELINE="146 556 668 539" 
                    HPOS="143"
                    VPOS="488"
                    WIDTH="525"
                    HEIGHT="91">
            <Shape><Polygon POINTS="146 556 146 579 300 565 455 570 457 570 460 570 462 570 462 567 473 559 665 563 668 539 661 488 143 514 146 556"/></Shape>
	    <String CONTENT="entrambas manos me atan,"
                    HPOS="143"
                    VPOS="488"
                    WIDTH="525"
                    HEIGHT="91"></String>
          </TextLine>

          
          
          <TextLine ID="eSc_line_36481a2f"
                    TAGREFS="LT83"
                    BASELINE="152 609 650 592" 
                    HPOS="150"
                    VPOS="543"
                    WIDTH="500"
                    HEIGHT="89">
            <Shape><Polygon POINTS="526 545 504 545 482 545 460 548 442 548 393 559 387 559 382 559 356 550 349 550 327 552 305 552 150 567 152 609 154 632 181 618 648 609 650 592 645 548 530 543 526 545"/></Shape>
	    <String CONTENT="y él sacando una pistola,"
                    HPOS="150"
                    VPOS="543"
                    WIDTH="500"
                    HEIGHT="89"></String>
          </TextLine>

          
          
          <TextLine ID="eSc_line_cff9b576"
                    TAGREFS="LT83"
                    BASELINE="152 658 628 640" 
                    HPOS="150"
                    VPOS="596"
                    WIDTH="478"
                    HEIGHT="75">
            <Shape><Polygon POINTS="504 598 482 598 460 601 438 601 415 601 393 603 371 603 349 603 327 605 305 605 294 605 150 616 152 658 152 671 628 654 628 640 623 601 504 596 504 598"/></Shape>
	    <String CONTENT="el fuerte muelle levanta,"
                    HPOS="150"
                    VPOS="596"
                    WIDTH="478"
                    HEIGHT="75"></String>
          </TextLine>

          
          
          <TextLine ID="eSc_line_a2ba5caf"
                    TAGREFS="LT83"
                    BASELINE="205 704 650 689" 
                    HPOS="203"
                    VPOS="647"
                    WIDTH="447"
                    HEIGHT="73">
            <Shape><Polygon POINTS="314 654 311 654 285 654 269 656 247 656 225 656 203 658 205 704 205 720 650 709 650 689 643 647 314 651 314 654"/></Shape>
	    <String CONTENT="Para quitarme la vida;"
                    HPOS="203"
                    VPOS="647"
                    WIDTH="447"
                    HEIGHT="73"></String>
          </TextLine>

          
          
          <TextLine ID="eSc_line_a2ec3821"
                    TAGREFS="LT83"
                    BASELINE="157 755 721 738" 
                    HPOS="154"
                    VPOS="698"
                    WIDTH="567"
                    HEIGHT="77">
            <Shape><Polygon POINTS="157 755 157 775 718 760 721 738 714 698 154 713 157 755"/></Shape>
	    <String CONTENT="mas mi amante lo estorbaba,"
                    HPOS="154"
                    VPOS="698"
                    WIDTH="567"
                    HEIGHT="77"></String>
          </TextLine>

          
          
          <TextLine ID="eSc_line_9d9d5b29"
                    TAGREFS="LT83"
                    BASELINE="159 806 705 786" 
                    HPOS="157"
                    VPOS="746"
                    WIDTH="548"
                    HEIGHT="76">
            <Shape><Polygon POINTS="159 806 159 822 705 808 705 786 699 746 157 760 159 806"/></Shape>
	    <String CONTENT="diciendo: no quiera el cielo,"
                    HPOS="157"
                    VPOS="746"
                    WIDTH="548"
                    HEIGHT="76"></String>
          </TextLine>

          
          
          <TextLine ID="eSc_line_2a6b2e5a"
                    TAGREFS="LT83"
                    BASELINE="165 859 738 833" 
                    HPOS="161"
                    VPOS="793"
                    WIDTH="577"
                    HEIGHT="91">
            <Shape><Polygon POINTS="165 859 168 884 221 870 254 879 256 879 258 879 261 879 263 879 267 879 314 866 347 875 351 875 353 875 356 875 358 875 367 872 411 861 435 868 442 870 444 870 446 870 449 870 455 868 471 859 488 866 495 868 497 868 499 868 736 850 738 833 732 793 161 808 165 859"/></Shape>
	    <String CONTENT="que pues yo he sido la causa"
                    HPOS="161"
                    VPOS="793"
                    WIDTH="577"
                    HEIGHT="91"></String>
          </TextLine>

          
          
          <TextLine ID="eSc_line_57b3a347"
                    TAGREFS="LT83"
                    BASELINE="216 906 760 881" 
                    HPOS="214"
                    VPOS="833"
                    WIDTH="546"
                    HEIGHT="88">
            <Shape><Polygon POINTS="721 835 716 835 714 835 707 844 705 844 621 839 610 839 588 842 566 842 559 848 555 850 539 848 495 844 477 846 455 846 433 848 429 848 404 853 369 859 356 855 349 850 345 853 322 853 305 853 303 855 267 864 214 859 216 906 216 921 760 903 760 881 758 844 725 833 723 833 721 833 721 835"/></Shape>
	    <String CONTENT="De que esta doncella pierda"
                    HPOS="214"
                    VPOS="833"
                    WIDTH="546"
                    HEIGHT="88"></String>
          </TextLine>

          
          
          <TextLine ID="eSc_line_4b5c6f59"
                    TAGREFS="LT83"
                    BASELINE="165 956 769 937" 
                    HPOS="161"
                    VPOS="890"
                    WIDTH="608"
                    HEIGHT="86">
            <Shape><Polygon POINTS="252 906 230 906 227 903 161 901 165 956 165 976 342 974 345 974 367 963 488 970 497 970 499 970 502 970 504 970 504 967 515 959 557 967 559 967 561 967 564 967 566 967 566 965 568 965 575 956 628 965 630 965 632 965 634 965 637 965 637 963 648 954 765 961 769 937 763 890 298 908 252 903 252 906"/></Shape>
	    <String CONTENT="su honor, se haga tal infamia;"
                    HPOS="161"
                    VPOS="890"
                    WIDTH="608"
                    HEIGHT="86"></String>
          </TextLine>

          
          
          <TextLine ID="eSc_line_73204396"
                    TAGREFS="LT83"
                    BASELINE="170 1005 561 990" 
                    HPOS="168"
                    VPOS="952"
                    WIDTH="393"
                    HEIGHT="77">
            <Shape><Polygon POINTS="278 954 263 954 168 967 170 1005 170 1029 561 1014 561 990 557 954 298 952 278 954"/></Shape>
	    <String CONTENT="aquí la pienso dejar"
                    HPOS="168"
                    VPOS="952"
                    WIDTH="393"
                    HEIGHT="77"></String>
          </TextLine>

          
          
          <TextLine ID="eSc_line_812db3e2"
                    TAGREFS="LT83"
                    BASELINE="174 1056 679 1038" 
                    HPOS="172"
                    VPOS="987"
                    WIDTH="507"
                    HEIGHT="84">
            <Shape><Polygon POINTS="393 998 376 998 362 1005 353 1009 342 1007 316 1001 305 1001 296 1001 283 1009 280 1012 280 1009 265 1003 263 1003 261 1003 172 1016 174 1056 174 1071 679 1058 679 1038 672 987 477 1005 435 1001 400 996 393 998"/></Shape>
	    <String CONTENT="entre estas espesas matas,"
                    HPOS="172"
                    VPOS="987"
                    WIDTH="507"
                    HEIGHT="84"></String>
          </TextLine>

          
          
          <TextLine ID="eSc_line_d5496dd3"
                    TAGREFS="LT83"
                    BASELINE="225 1105 663 1087" 
                    HPOS="223"
                    VPOS="1047"
                    WIDTH="440"
                    HEIGHT="75">
            <Shape><Polygon POINTS="225 1105 225 1122 663 1113 663 1087 657 1047 223 1063 225 1105"/></Shape>
	    <String CONTENT="Acompañada de fieras,"
                    HPOS="223"
                    VPOS="1047"
                    WIDTH="440"
                    HEIGHT="75"></String>
          </TextLine>

          
          
          <TextLine ID="eSc_line_252c3879"
                    TAGREFS="LT83"
                    BASELINE="179 1158 725 1135" 
                    HPOS="176"
                    VPOS="1087"
                    WIDTH="549"
                    HEIGHT="90">
            <Shape><Polygon POINTS="179 1158 179 1177 725 1158 725 1135 718 1087 176 1116 179 1158"/></Shape>
	    <String CONTENT="que por estas breñas pasan,"
                    HPOS="176"
                    VPOS="1087"
                    WIDTH="549"
                    HEIGHT="90"></String>
          </TextLine>

          
          
          <TextLine ID="eSc_line_ccddfbd7"
                    TAGREFS="LT83"
                    BASELINE="181 1206 730 1184" 
                    HPOS="179"
                    VPOS="1142"
                    WIDTH="551"
                    HEIGHT="84">
            <Shape><Polygon POINTS="555 1144 533 1144 511 1144 488 1146 466 1146 444 1149 422 1149 413 1149 179 1162 181 1206 181 1226 730 1197 730 1184 725 1146 566 1142 555 1144"/></Shape>
	    <String CONTENT="que ellas le darán la muerte"
                    HPOS="179"
                    VPOS="1142"
                    WIDTH="551"
                    HEIGHT="84"></String>
          </TextLine>

          
          
          <TextLine ID="eSc_line_ee582d34"
                    TAGREFS="LT83"
                    BASELINE="179 1253 696 1233" 
                    HPOS="176"
                    VPOS="1195"
                    WIDTH="520"
                    HEIGHT="71">
            <Shape><Polygon POINTS="179 1253 179 1266 696 1250 696 1233 690 1195 176 1213 179 1253"/></Shape>
	    <String CONTENT="mal merecida y sin causa."
                    HPOS="176"
                    VPOS="1195"
                    WIDTH="520"
                    HEIGHT="71"></String>
          </TextLine>

          
          
          <TextLine ID="eSc_line_4266c125"
                    TAGREFS="LT83"
                    BASELINE="230 1301 716 1281" 
                    HPOS="227"
                    VPOS="1246"
                    WIDTH="489"
                    HEIGHT="71">
            <Shape><Polygon POINTS="230 1301 230 1317 716 1303 716 1281 710 1246 227 1253 230 1301"/></Shape>
	    <String CONTENT="Se fueron, y me dejaron"
                    HPOS="227"
                    VPOS="1246"
                    WIDTH="489"
                    HEIGHT="71"></String>
          </TextLine>

          
          
          <TextLine ID="eSc_line_d529261b"
                    TAGREFS="LT83"
                    BASELINE="183 1350 747 1337" 
                    HPOS="179"
                    VPOS="1297"
                    WIDTH="568"
                    HEIGHT="75">
            <Shape><Polygon POINTS="269 1301 247 1301 245 1299 179 1299 183 1350 183 1372 747 1356 747 1337 741 1297 276 1299 269 1301"/></Shape>
	    <String CONTENT="como la flor en la escarcha;"
                    HPOS="179"
                    VPOS="1297"
                    WIDTH="568"
                    HEIGHT="75"></String>
          </TextLine>

          
          
          <TextLine ID="eSc_line_a5f7b2d1"
                    TAGREFS="LT83"
                    BASELINE="188 1403 694 1383" 
                    HPOS="185"
                    VPOS="1339"
                    WIDTH="509"
                    HEIGHT="86">
            <Shape><Polygon POINTS="672 1339 650 1341 628 1341 614 1341 185 1365 188 1403 188 1425 694 1396 694 1383 687 1339 672 1339"/></Shape>
	    <String CONTENT="tres dias ha que no como"
                    HPOS="185"
                    VPOS="1339"
                    WIDTH="509"
                    HEIGHT="86"></String>
          </TextLine>

          
          
          <TextLine ID="eSc_line_9931b041"
                    TAGREFS="LT83"
                    BASELINE="192 1451 703 1436" 
                    HPOS="190"
                    VPOS="1387"
                    WIDTH="513"
                    HEIGHT="84">
            <Shape><Polygon POINTS="192 1451 192 1471 701 1451 703 1436 696 1387 190 1412 192 1451"/></Shape>
	    <String CONTENT="cosa que me dé sustancia,"
                    HPOS="190"
                    VPOS="1387"
                    WIDTH="513"
                    HEIGHT="84"></String>
          </TextLine>

          
          
          <TextLine ID="eSc_line_938b4e48"
                    TAGREFS="LT83"
                    BASELINE="241 1500 767 1482" 
                    HPOS="238"
                    VPOS="1434"
                    WIDTH="529"
                    HEIGHT="84">
            <Shape><Polygon POINTS="681 1438 679 1438 311 1458 307 1458 267 1449 261 1451 249 1451 238 1458 241 1500 241 1518 765 1507 767 1482 760 1434 683 1436 681 1438"/></Shape>
	    <String CONTENT="Sino estas amargas yerbas,"
                    HPOS="238"
                    VPOS="1434"
                    WIDTH="529"
                    HEIGHT="84"></String>
          </TextLine>

          
          
          <TextLine ID="eSc_line_c24ac505"
                    TAGREFS="LT83"
                    BASELINE="196 1551 741 1535" 
                    HPOS="194"
                    VPOS="1496"
                    WIDTH="547"
                    HEIGHT="75">
            <Shape><Polygon POINTS="196 1551 196 1571 741 1549 741 1535 734 1496 194 1502 196 1551"/></Shape>
	    <String CONTENT="que con la boca alcanzaba;"
                    HPOS="194"
                    VPOS="1496"
                    WIDTH="547"
                    HEIGHT="75"></String>
          </TextLine>

          
          
          <TextLine ID="eSc_line_e9dfbdcd"
                    TAGREFS="LT83"
                    BASELINE="194 1600 772 1584" 
                    HPOS="192"
                    VPOS="1535"
                    WIDTH="580"
                    HEIGHT="84">
            <Shape><Polygon POINTS="723 1538 716 1538 192 1560 194 1600 194 1619 524 1606 544 1608 595 1615 597 1615 599 1615 601 1615 612 1604 614 1604 623 1604 685 1613 687 1613 772 1597 772 1584 765 1535 723 1535 723 1538"/></Shape>
	    <String CONTENT="esta es mi historia, y te pido"
                    HPOS="192"
                    VPOS="1535"
                    WIDTH="580"
                    HEIGHT="84"></String>
          </TextLine>

          
          
          <TextLine ID="eSc_line_b697fcc1"
                    TAGREFS="LT83"
                    BASELINE="201 1650 705 1635" 
                    HPOS="199"
                    VPOS="1597"
                    WIDTH="506"
                    HEIGHT="73">
            <Shape><Polygon POINTS="201 1650 201 1670 703 1653 705 1635 699 1597 199 1608 201 1650"/></Shape>
	    <String CONTENT="te duelas de mi desgracia."
                    HPOS="199"
                    VPOS="1597"
                    WIDTH="506"
                    HEIGHT="73"></String>
          </TextLine>

          
          
          <TextLine ID="eSc_line_3605da70"
                    TAGREFS="LT83"
                    BASELINE="252 1697 814 1681" 
                    HPOS="249"
                    VPOS="1633"
                    WIDTH="565"
                    HEIGHT="81">
            <Shape><Polygon POINTS="692 1637 670 1637 661 1637 628 1637 626 1639 621 1639 546 1644 415 1653 283 1648 272 1650 249 1650 252 1697 252 1714 814 1706 814 1681 809 1644 741 1633 738 1633 692 1635 692 1637"/></Shape>
	    <String CONTENT="Que me acompañes, y lleves"
                    HPOS="249"
                    VPOS="1633"
                    WIDTH="565"
                    HEIGHT="81"></String>
          </TextLine>

          
          
          <TextLine ID="eSc_line_25bab00d"
                    TAGREFS="LT83"
                    BASELINE="201 1748 690 1737" 
                    HPOS="199"
                    VPOS="1697"
                    WIDTH="491"
                    HEIGHT="73">
            <Shape><Polygon POINTS="201 1748 201 1770 687 1752 690 1737 683 1697 199 1703 201 1748"/></Shape>
	    <String CONTENT="á la ciudad mas cercana,"
                    HPOS="199"
                    VPOS="1697"
                    WIDTH="491"
                    HEIGHT="73"></String>
          </TextLine>

          
          
          <TextLine ID="eSc_line_25e3ecd4"
                    TAGREFS="LT83"
                    BASELINE="219 1803 730 1781" 
                    HPOS="214"
                    VPOS="1739"
                    WIDTH="516"
                    HEIGHT="84">
            <Shape><Polygon POINTS="219 1803 219 1823 730 1792 730 1781 723 1739 214 1761 219 1803"/></Shape>
	    <String CONTENT="porque desde allí pretendo"
                    HPOS="214"
                    VPOS="1739"
                    WIDTH="516"
                    HEIGHT="84"></String>
          </TextLine>

          
          
          <TextLine ID="eSc_line_3edb204b"
                    TAGREFS="LT83"
                    BASELINE="212 1847 676 1834" 
                    HPOS="210"
                    VPOS="1794"
                    WIDTH="466"
                    HEIGHT="77">
            <Shape><Polygon POINTS="212 1847 212 1871 674 1851 676 1834 670 1794 210 1807 212 1847"/></Shape>
	    <String CONTENT="se castigue esta infamia."
                    HPOS="210"
                    VPOS="1794"
                    WIDTH="466"
                    HEIGHT="77"></String>
          </TextLine>

          
          
          <TextLine ID="eSc_line_b6e6f00c"
                    TAGREFS="LT83"
                    BASELINE="261 1896 681 1885" 
                    HPOS="258"
                    VPOS="1838"
                    WIDTH="423"
                    HEIGHT="71">
            <Shape><Polygon POINTS="261 1896 261 1909 681 1905 681 1885 674 1838 258 1854 261 1896"/></Shape>
	    <String CONTENT="Por la mano la tomó,"
                    HPOS="258"
                    VPOS="1838"
                    WIDTH="423"
                    HEIGHT="71"></String>
          </TextLine>

          
          
          <TextLine ID="eSc_line_8587976b"
                    TAGREFS="LT83"
                    BASELINE="214 1949 734 1933" 
                    HPOS="212"
                    VPOS="1885"
                    WIDTH="522"
                    HEIGHT="88">
            <Shape><Polygon POINTS="214 1949 214 1973 298 1960 329 1969 331 1969 334 1969 444 1955 493 1964 495 1964 497 1964 499 1964 502 1964 502 1962 513 1953 732 1955 734 1933 727 1885 212 1907 214 1949"/></Shape>
	    <String CONTENT="y á una quinta la llevaba,"
                    HPOS="212"
                    VPOS="1885"
                    WIDTH="522"
                    HEIGHT="88"></String>
          </TextLine>

          
          
          <TextLine ID="eSc_line_9a80c367"
                    TAGREFS="LT83"
                    BASELINE="214 1997 674 1982" 
                    HPOS="212"
                    VPOS="1938"
                    WIDTH="462"
                    HEIGHT="81">
            <Shape><Polygon POINTS="610 1938 595 1938 570 1947 446 1942 433 1944 411 1944 409 1944 402 1953 230 1949 227 1949 225 1949 223 1949 212 1955 214 1997 214 2019 342 2006 382 2015 389 2015 391 2015 393 2015 395 2015 395 2013 411 2004 440 2013 446 2013 449 2013 451 2013 453 2013 457 2011 477 2002 672 2002 674 1982 670 1947 617 1938 610 1938"/></Shape>
	    <String CONTENT="donde les dió de comer"
                    HPOS="212"
                    VPOS="1938"
                    WIDTH="462"
                    HEIGHT="81"></String>
          </TextLine>

          
          
          <TextLine ID="eSc_line_d5a12b76"
                    TAGREFS="LT83"
                    BASELINE="221 2048 718 2030" 
                    HPOS="219"
                    VPOS="1989"
                    WIDTH="499"
                    HEIGHT="81">
            <Shape><Polygon POINTS="462 1989 442 2002 219 2008 221 2048 221 2070 718 2048 718 2030 714 1993 482 1989 462 1989"/></Shape>
	    <String CONTENT="un amigo que allí estaba."
                    HPOS="219"
                    VPOS="1989"
                    WIDTH="499"
                    HEIGHT="81"></String>
          </TextLine>

          
          
          <TextLine ID="eSc_line_40af819c"
                    TAGREFS="LT83"
                    BASELINE="269 2097 723 2081" 
                    HPOS="267"
                    VPOS="2042"
                    WIDTH="456"
                    HEIGHT="72">
            <Shape><Polygon POINTS="269 2097 269 2114 723 2097 723 2081 716 2042 267 2053 269 2097"/></Shape>
	    <String CONTENT="Supo el suceso, y leal"
                    HPOS="267"
                    VPOS="2042"
                    WIDTH="456"
                    HEIGHT="72"></String>
          </TextLine>

          
          
          <TextLine ID="eSc_line_29802b26"
                    TAGREFS="LT83"
                    BASELINE="219 2145 741 2128" 
                    HPOS="216"
                    VPOS="2084"
                    WIDTH="525"
                    HEIGHT="81">
            <Shape><Polygon POINTS="637 2086 614 2086 610 2086 599 2090 584 2097 575 2090 570 2088 570 2088 553 2088 541 2092 522 2099 502 2092 495 2090 493 2090 491 2090 460 2092 342 2106 311 2097 305 2097 287 2097 265 2108 216 2097 219 2145 219 2165 741 2145 741 2128 736 2090 645 2084 637 2086"/></Shape>
	    <String CONTENT="le ofrece con mano franca"
                    HPOS="216"
                    VPOS="2084"
                    WIDTH="525"
                    HEIGHT="81"></String>
          </TextLine>

          
          
          <TextLine ID="eSc_line_6f4e6c0c"
                    TAGREFS="LT83"
                    BASELINE="223 2196 822 2179" 
                    HPOS="221"
                    VPOS="2130"
                    WIDTH="601"
                    HEIGHT="91">
            <Shape><Polygon POINTS="223 2196 223 2221 745 2198 820 2205 822 2179 816 2130 221 2152 223 2196"/></Shape>
	    <String CONTENT="su ayuda, y un buen caballo,"
                    HPOS="221"
                    VPOS="2130"
                    WIDTH="601"
                    HEIGHT="91"></String>
          </TextLine>

          
          
          <TextLine ID="eSc_line_0010cb4e"
                    TAGREFS="LT83"
                    BASELINE="232 2247 820 2229" 
                    HPOS="230"
                    VPOS="2181"
                    WIDTH="590"
                    HEIGHT="93">
            <Shape><Polygon POINTS="738 2183 716 2183 705 2183 676 2183 672 2185 665 2185 230 2207 232 2247 234 2274 272 2260 519 2260 778 2256 780 2256 820 2243 820 2229 816 2192 752 2181 738 2183"/></Shape>
	    <String CONTENT="que mas que el viento volaba."
                    HPOS="230"
                    VPOS="2181"
                    WIDTH="590"
                    HEIGHT="93"></String>
          </TextLine>

          
          
          <TextLine ID="eSc_line_6e9da404"
                    TAGREFS="LT83"
                    BASELINE="263 2296 769 2280" 
                    HPOS="261"
                    VPOS="2234"
                    WIDTH="508"
                    HEIGHT="86">
            <Shape><Polygon POINTS="692 2234 619 2247 283 2247 278 2247 276 2247 274 2247 272 2247 261 2254 263 2296 263 2320 769 2298 769 2280 765 2245 694 2234 692 2234"/></Shape>
	    <String CONTENT="Y el valor de su persona"
                    HPOS="261"
                    VPOS="2234"
                    WIDTH="508"
                    HEIGHT="86"></String>
          </TextLine>

          
          
          <TextLine ID="eSc_line_5f7fd930"
                    TAGREFS="LT83"
                    BASELINE="234 2349 707 2335" 
                    HPOS="232"
                    VPOS="2285"
                    WIDTH="475"
                    HEIGHT="112">
            <Shape><Polygon POINTS="234 2349 234 2397 349 2389 351 2389 393 2371 482 2380 592 2391 595 2391 597 2391 599 2391 626 2369 632 2362 707 2360 707 2335 701 2285 232 2302 234 2349"/></Shape>
	    <String CONTENT="para ir en su compaña;"
                    HPOS="232"
                    VPOS="2285"
                    WIDTH="475"
                    HEIGHT="112"></String>
          </TextLine>

          
        </TextBlock>
        
        <TextBlock HPOS="807"
                   VPOS="205"
                   WIDTH="711"
                   HEIGHT="2138"
                   ID="block_0"
                   TAGREFS="BT227">
          <Shape><Polygon POINTS="1473 205 1518 2325 882 2343 807 238"/></Shape>
          
          
          <TextLine ID="eSc_line_41140a4b"
                    TAGREFS="LT83"
                    BASELINE="829 278 1216 265" 
                    HPOS="827"
                    VPOS="216"
                    WIDTH="389"
                    HEIGHT="77">
            <Shape><Polygon POINTS="982 221 960 221 937 223 915 223 893 225 871 225 849 227 827 227 829 278 829 293 1216 282 1216 265 1210 216 986 218 982 221"/></Shape>
	    <String CONTENT="dispusieron el viaje,"
                    HPOS="827"
                    VPOS="216"
                    WIDTH="389"
                    HEIGHT="77"></String>
          </TextLine>

          
          
          <TextLine ID="eSc_line_3e7803c1"
                    TAGREFS="LT83"
                    BASELINE="829 329 1267 311" 
                    HPOS="825"
                    VPOS="262"
                    WIDTH="442"
                    HEIGHT="84">
            <Shape><Polygon POINTS="1201 267 1181 267 1163 267 1154 267 1137 269 1114 269 1072 269 1070 271 1066 271 825 280 829 329 829 346 1267 327 1267 311 1260 262 1201 265 1201 267"/></Shape>
	    <String CONTENT="á Córdoba caminaban;"
                    HPOS="825"
                    VPOS="262"
                    WIDTH="442"
                    HEIGHT="84"></String>
          </TextLine>

          
          
          <TextLine ID="eSc_line_b96a7eb3"
                    TAGREFS="LT83"
                    BASELINE="884 375 1400 360" 
                    HPOS="882"
                    VPOS="316"
                    WIDTH="518"
                    HEIGHT="77">
            <Shape><Polygon POINTS="884 375 884 393 1400 377 1400 360 1393 316 882 329 884 375"/></Shape>
	    <String CONTENT="Y en la puerta del Rosario,"
                    HPOS="882"
                    VPOS="316"
                    WIDTH="518"
                    HEIGHT="77"></String>
          </TextLine>

          
          
          <TextLine ID="eSc_line_462ee775"
                    TAGREFS="LT83"
                    BASELINE="836 428 1344 411" 
                    HPOS="831"
                    VPOS="362"
                    WIDTH="513"
                    HEIGHT="84">
            <Shape><Polygon POINTS="1320 364 1298 364 1276 364 1254 364 1232 366 1210 366 1187 366 1165 369 1143 369 1121 369 1099 371 1077 371 1055 371 1033 371 1010 373 988 373 966 373 944 375 922 375 900 375 898 373 831 375 836 428 836 446 1344 424 1344 411 1338 362 1320 364"/></Shape>
	    <String CONTENT="(donde pretendió dejarla)"
                    HPOS="831"
                    VPOS="362"
                    WIDTH="513"
                    HEIGHT="84"></String>
          </TextLine>

          
          
          <TextLine ID="eSc_line_956df4e8"
                    TAGREFS="LT83"
                    BASELINE="827 479 1391 464" 
                    HPOS="825"
                    VPOS="411"
                    WIDTH="566"
                    HEIGHT="86">
            <Shape><Polygon POINTS="957 426 935 426 895 437 825 426 827 479 827 497 1391 486 1391 464 1384 411 1134 430 971 424 957 426"/></Shape>
	    <String CONTENT="le echó los brazos al cuello,"
                    HPOS="825"
                    VPOS="411"
                    WIDTH="566"
                    HEIGHT="86"></String>
          </TextLine>

          
          
          <TextLine ID="eSc_line_b0dc9e1c"
                    TAGREFS="LT83"
                    BASELINE="842 534 991 521 1316 512" 
                    HPOS="840"
                    VPOS="470"
                    WIDTH="476"
                    HEIGHT="78">
            <Shape><Polygon POINTS="1125 472 1103 472 1077 472 1059 475 1037 475 1015 475 993 475 971 477 949 477 926 477 904 479 882 479 840 488 842 534 842 548 1316 523 1316 512 1309 470 1128 470 1125 472"/></Shape>
	    <String CONTENT="y desta suerte le habla:"
                    HPOS="840"
                    VPOS="470"
                    WIDTH="476"
                    HEIGHT="78"></String>
          </TextLine>

          
          
          <TextLine ID="eSc_line_7363d523"
                    TAGREFS="LT83"
                    BASELINE="887 579 1442 563" 
                    HPOS="884"
                    VPOS="519"
                    WIDTH="558"
                    HEIGHT="82">
            <Shape><Polygon POINTS="887 579 887 601 1123 585 1437 585 1442 563 1435 519 884 532 887 579"/></Shape>
	    <String CONTENT="A Dios, y le ruego al cielo,"
                    HPOS="884"
                    VPOS="519"
                    WIDTH="558"
                    HEIGHT="82"></String>
          </TextLine>

          
          
          <TextLine ID="eSc_line_150cc3d8"
                    TAGREFS="LT83"
                    BASELINE="845 632 1294 614" 
                    HPOS="840"
                    VPOS="570"
                    WIDTH="454"
                    HEIGHT="81">
            <Shape><Polygon POINTS="845 632 845 651 1294 636 1294 614 1287 570 840 581 845 632"/></Shape>
	    <String CONTENT="que sea tu dicha tanta,"
                    HPOS="840"
                    VPOS="570"
                    WIDTH="454"
                    HEIGHT="81"></String>
          </TextLine>

          
          
          <TextLine ID="eSc_line_1cc768f1"
                    TAGREFS="LT83"
                    BASELINE="847 680 1360 663" 
                    HPOS="845"
                    VPOS="618"
                    WIDTH="515"
                    HEIGHT="86">
            <Shape><Polygon POINTS="933 629 911 629 898 629 845 638 847 680 847 704 911 691 973 700 975 700 977 700 1108 685 1356 687 1360 663 1353 618 971 634 968 634 951 629 933 629"/></Shape>
	    <String CONTENT="que logres tu buen deseo,"
                    HPOS="845"
                    VPOS="618"
                    WIDTH="515"
                    HEIGHT="86"></String>
          </TextLine>

          
          
          <TextLine ID="eSc_line_830882c2"
                    TAGREFS="LT83"
                    BASELINE="849 738 942 724 1336 713" 
                    HPOS="847"
                    VPOS="676"
                    WIDTH="489"
                    HEIGHT="77">
            <Shape><Polygon POINTS="849 738 851 753 876 742 1017 744 1103 744 1106 744 1336 724 1336 713 1329 676 847 687 849 738"/></Shape>
	    <String CONTENT="y despues la gloria santa."
                    HPOS="847"
                    VPOS="676"
                    WIDTH="489"
                    HEIGHT="77"></String>
          </TextLine>

          
          
          <TextLine ID="eSc_line_64db1e06"
                    TAGREFS="LT83"
                    BASELINE="898 777 1369 760" 
                    HPOS="895"
                    VPOS="709"
                    WIDTH="474"
                    HEIGHT="79">
            <Shape><Polygon POINTS="1336 713 1316 716 1294 716 1271 716 1249 718 1227 718 1221 718 1013 731 926 727 918 729 895 729 898 777 898 788 1369 775 1369 760 1362 709 1336 709 1336 713"/></Shape>
	    <String CONTENT="Ella responde: Mancebo"
                    HPOS="895"
                    VPOS="709"
                    WIDTH="474"
                    HEIGHT="79"></String>
          </TextLine>

          
          
          <TextLine ID="eSc_line_b8edc0f3"
                    TAGREFS="LT83"
                    BASELINE="849 830 1373 813" 
                    HPOS="847"
                    VPOS="771"
                    WIDTH="526"
                    HEIGHT="79">
            <Shape><Polygon POINTS="1002 775 979 775 957 775 935 777 913 777 911 773 904 775 847 786 849 830 849 850 1373 835 1373 813 1367 771 1010 773 1002 775"/></Shape>
	    <String CONTENT="noble, la Vírgen te valga,"
                    HPOS="847"
                    VPOS="771"
                    WIDTH="526"
                    HEIGHT="79"></String>
          </TextLine>

          
          
          <TextLine ID="eSc_line_63b26e09"
                    TAGREFS="LT83"
                    BASELINE="858 881 1384 861" 
                    HPOS="856"
                    VPOS="824"
                    WIDTH="528"
                    HEIGHT="82">
            <Shape><Polygon POINTS="1077 824 1055 824 1033 826 1013 826 856 842 858 881 860 906 882 895 898 903 900 903 902 903 904 903 955 899 1148 884 1170 886 1205 892 1207 892 1210 892 1227 884 1232 881 1236 884 1260 890 1263 890 1265 890 1384 872 1384 861 1380 824 1099 824 1077 824"/></Shape>
	    <String CONTENT="y tu accion heroica premie"
                    HPOS="856"
                    VPOS="824"
                    WIDTH="528"
                    HEIGHT="82"></String>
          </TextLine>

          
          
          <TextLine ID="eSc_line_7f9550c6"
                    TAGREFS="LT83"
                    BASELINE="851 930 1336 910" 
                    HPOS="849"
                    VPOS="866"
                    WIDTH="487"
                    HEIGHT="82">
            <Shape><Polygon POINTS="851 930 851 948 1336 932 1336 910 1329 866 849 886 851 930"/></Shape>
	    <String CONTENT="el alto Rey de la gracia."
                    HPOS="849"
                    VPOS="866"
                    WIDTH="487"
                    HEIGHT="82"></String>
          </TextLine>

          
          
          <TextLine ID="eSc_line_01895d70"
                    TAGREFS="LT83"
                    BASELINE="904 976 1391 961" 
                    HPOS="902"
                    VPOS="919"
                    WIDTH="489"
                    HEIGHT="82">
            <Shape><Polygon POINTS="946 928 924 928 902 930 904 976 904 1001 1389 979 1391 961 1384 919 955 925 946 928"/></Shape>
	    <String CONTENT="Sentóse en el duró suelo"
                    HPOS="902"
                    VPOS="919"
                    WIDTH="489"
                    HEIGHT="82"></String>
          </TextLine>

          
          
          <TextLine ID="eSc_line_75e890a7"
                    TAGREFS="LT83"
                    BASELINE="860 1029 1311 1016" 
                    HPOS="858"
                    VPOS="970"
                    WIDTH="453"
                    HEIGHT="79">
            <Shape><Polygon POINTS="860 1029 860 1049 1309 1034 1311 1016 1305 970 858 985 860 1029"/></Shape>
	    <String CONTENT="aquella rosa temprana,"
                    HPOS="858"
                    VPOS="970"
                    WIDTH="453"
                    HEIGHT="79"></String>
          </TextLine>

          
          
          <TextLine ID="eSc_line_86ae2ee4"
                    TAGREFS="LT83"
                    BASELINE="867 1080 1338 1069" 
                    HPOS="864"
                    VPOS="1018"
                    WIDTH="474"
                    HEIGHT="73">
            <Shape><Polygon POINTS="1247 1018 1234 1018 1218 1021 1198 1021 1152 1021 1152 1023 1150 1023 864 1034 867 1080 867 1091 1338 1080 1338 1069 1333 1029 1249 1018 1247 1018"/></Shape>
	    <String CONTENT="aguardando por minutos"
                    HPOS="864"
                    VPOS="1018"
                    WIDTH="474"
                    HEIGHT="73"></String>
          </TextLine>

          
          
          <TextLine ID="eSc_line_4d988c7d"
                    TAGREFS="LT83"
                    BASELINE="862 1131 1283 1116" 
                    HPOS="860"
                    VPOS="1074"
                    WIDTH="423"
                    HEIGHT="84">
            <Shape><Polygon POINTS="1148 1076 1125 1076 1103 1076 1081 1076 1059 1076 1037 1078 1026 1078 964 1087 940 1080 926 1080 918 1080 904 1089 860 1080 862 1131 864 1158 929 1140 1278 1142 1283 1116 1278 1076 1159 1074 1148 1076"/></Shape>
	    <String CONTENT="la risa de la mañana,"
                    HPOS="860"
                    VPOS="1074"
                    WIDTH="423"
                    HEIGHT="84"></String>
          </TextLine>

          
          
          <TextLine ID="eSc_line_bfaca0f3"
                    TAGREFS="LT83"
                    BASELINE="915 1177 1364 1164" 
                    HPOS="913"
                    VPOS="1118"
                    WIDTH="451"
                    HEIGHT="79">
            <Shape><Polygon POINTS="1156 1122 1134 1122 1112 1122 1090 1124 1068 1124 1046 1124 1024 1127 1002 1127 979 1129 957 1129 935 1129 913 1131 915 1177 915 1197 1362 1180 1364 1164 1358 1118 1172 1120 1156 1122"/></Shape>
	    <String CONTENT="Para arrojarse animosa"
                    HPOS="913"
                    VPOS="1118"
                    WIDTH="451"
                    HEIGHT="79"></String>
          </TextLine>

          
          
          <TextLine ID="eSc_line_7baea8b1"
                    TAGREFS="LT83"
                    BASELINE="869 1228 1329 1215" 
                    HPOS="864"
                    VPOS="1173"
                    WIDTH="465"
                    HEIGHT="66">
            <Shape><Polygon POINTS="977 1177 955 1177 933 1177 931 1175 864 1175 869 1228 869 1239 1329 1235 1329 1215 1322 1173 988 1175 977 1177"/></Shape>
	    <String CONTENT="al intento que llevaba;"
                    HPOS="864"
                    VPOS="1173"
                    WIDTH="465"
                    HEIGHT="66"></String>
          </TextLine>

          
          
          <TextLine ID="eSc_line_76d28b5c"
                    TAGREFS="LT83"
                    BASELINE="871 1279 1429 1259" 
                    HPOS="869"
                    VPOS="1215"
                    WIDTH="560"
                    HEIGHT="75">
            <Shape><Polygon POINTS="1311 1217 1289 1217 1267 1217 1245 1219 1223 1219 1201 1219 1179 1219 1174 1226 1159 1219 1156 1222 1134 1222 1121 1222 1103 1230 1072 1224 1068 1224 1046 1224 1035 1224 940 1237 869 1228 871 1279 871 1290 1429 1270 1429 1259 1424 1215 1311 1215 1311 1217"/></Shape>
	    <String CONTENT="fuese en casa don Francisco"
                    HPOS="869"
                    VPOS="1215"
                    WIDTH="560"
                    HEIGHT="75"></String>
          </TextLine>

          
          
          <TextLine ID="eSc_line_57c6e461"
                    TAGREFS="LT83"
                    BASELINE="876 1330 1360 1312" 
                    HPOS="873"
                    VPOS="1268"
                    WIDTH="487"
                    HEIGHT="71">
            <Shape><Polygon POINTS="1170 1268 1170 1270 1168 1270 1161 1279 940 1277 935 1277 873 1290 876 1330 876 1339 1360 1330 1360 1312 1356 1275 1181 1268 1170 1268"/></Shape>
	    <String CONTENT="de los Rios, noble rama,"
                    HPOS="873"
                    VPOS="1268"
                    WIDTH="487"
                    HEIGHT="71"></String>
          </TextLine>

          
          
          <TextLine ID="eSc_line_6da4d8f0"
                    TAGREFS="LT83"
                    BASELINE="929 1376 1460 1365" 
                    HPOS="926"
                    VPOS="1317"
                    WIDTH="534"
                    HEIGHT="77">
            <Shape><Polygon POINTS="1125 1321 1103 1323 1083 1323 1028 1332 977 1328 971 1328 949 1328 926 1328 929 1376 929 1385 1137 1394 1139 1394 1141 1394 1143 1394 1159 1383 1349 1390 1351 1390 1460 1374 1460 1365 1453 1317 1187 1328 1141 1321 1125 1321"/></Shape>
	    <String CONTENT="Y á un criado le pregunta,"
                    HPOS="926"
                    VPOS="1317"
                    WIDTH="534"
                    HEIGHT="77"></String>
          </TextLine>

          
          
          <TextLine ID="eSc_line_60b9254e"
                    TAGREFS="LT83"
                    BASELINE="878 1429 1367 1414" 
                    HPOS="876"
                    VPOS="1374"
                    WIDTH="491"
                    HEIGHT="66">
            <Shape><Polygon POINTS="878 1429 878 1440 1367 1427 1367 1414 1360 1374 876 1385 878 1429"/></Shape>
	    <String CONTENT="si está su señor en casa;"
                    HPOS="876"
                    VPOS="1374"
                    WIDTH="491"
                    HEIGHT="66"></String>
          </TextLine>

          
          
          <TextLine ID="eSc_line_e0396156"
                    TAGREFS="LT83"
                    BASELINE="882 1485 1380 1460" 
                    HPOS="878"
                    VPOS="1418"
                    WIDTH="502"
                    HEIGHT="87">
            <Shape><Polygon POINTS="882 1485 882 1505 1378 1478 1380 1460 1373 1418 878 1440 882 1485"/></Shape>
	    <String CONTENT="y al punto le respondió:"
                    HPOS="878"
                    VPOS="1418"
                    WIDTH="502"
                    HEIGHT="87"></String>
          </TextLine>

          
          
          <TextLine ID="eSc_line_7a8d1d51"
                    TAGREFS="LT83"
                    BASELINE="882 1531 1417 1511" 
                    HPOS="880"
                    VPOS="1460"
                    WIDTH="537"
                    HEIGHT="78">
            <Shape><Polygon POINTS="1256 1467 1241 1467 1238 1471 1232 1478 1218 1471 1212 1469 1190 1471 1187 1471 1183 1474 1174 1478 1143 1476 1117 1474 1101 1476 1079 1476 1057 1478 1039 1478 1008 1485 997 1487 986 1487 944 1482 924 1485 902 1485 887 1485 880 1489 882 1531 882 1538 1417 1522 1417 1511 1411 1460 1296 1476 1267 1469 1258 1467 1256 1467"/></Shape>
	    <String CONTENT="su merced está en la cama."
                    HPOS="880"
                    VPOS="1460"
                    WIDTH="537"
                    HEIGHT="78"></String>
          </TextLine>

          
          
          <TextLine ID="eSc_line_8606131c"
                    TAGREFS="LT83"
                    BASELINE="933 1575 1442 1562" 
                    HPOS="931"
                    VPOS="1516"
                    WIDTH="511"
                    HEIGHT="75">
            <Shape><Polygon POINTS="933 1575 933 1591 1440 1582 1442 1562 1435 1516 931 1531 933 1575"/></Shape>
	    <String CONTENT="Sin aguardar mas razones,"
                    HPOS="931"
                    VPOS="1516"
                    WIDTH="511"
                    HEIGHT="75"></String>
          </TextLine>

          
          
          <TextLine ID="eSc_line_7330ba54"
                    TAGREFS="LT83"
                    BASELINE="887 1628 1342 1615" 
                    HPOS="884"
                    VPOS="1573"
                    WIDTH="458"
                    HEIGHT="69">
            <Shape><Polygon POINTS="887 1628 887 1642 1342 1633 1342 1615 1336 1573 884 1584 887 1628"/></Shape>
	    <String CONTENT="allá dentro se arrojaba,"
                    HPOS="884"
                    VPOS="1573"
                    WIDTH="458"
                    HEIGHT="69"></String>
          </TextLine>

          
          
          <TextLine ID="eSc_line_ec922a59"
                    TAGREFS="LT83"
                    BASELINE="889 1681 1422 1661" 
                    HPOS="887"
                    VPOS="1613"
                    WIDTH="535"
                    HEIGHT="90">
            <Shape><Polygon POINTS="1329 1617 1307 1617 1285 1617 1263 1619 1241 1619 1218 1619 1196 1619 1174 1622 1152 1622 1130 1622 1108 1624 1086 1624 1064 1624 1041 1624 1019 1626 997 1626 977 1626 887 1637 889 1681 889 1703 1254 1681 1420 1686 1422 1661 1415 1613 1329 1613 1329 1617"/></Shape>
	    <String CONTENT="y arrimada al blanco lecho"
                    HPOS="887"
                    VPOS="1613"
                    WIDTH="535"
                    HEIGHT="90"></String>
          </TextLine>

          
          
          <TextLine ID="eSc_line_7accf007"
                    TAGREFS="LT83"
                    BASELINE="891 1730 1327 1714" 
                    HPOS="889"
                    VPOS="1675"
                    WIDTH="438"
                    HEIGHT="70">
            <Shape><Polygon POINTS="891 1730 891 1745 1327 1734 1327 1714 1320 1675 889 1688 891 1730"/></Shape>
	    <String CONTENT="desta manera le habla:"
                    HPOS="889"
                    VPOS="1675"
                    WIDTH="438"
                    HEIGHT="70"></String>
          </TextLine>

          
          
          <TextLine ID="eSc_line_8fbd2644"
                    TAGREFS="LT83"
                    BASELINE="942 1774 1413 1765" 
                    HPOS="940"
                    VPOS="1726"
                    WIDTH="473"
                    HEIGHT="66">
            <Shape><Polygon POINTS="942 1774 942 1792 1413 1787 1413 1765 1406 1726 940 1732 942 1774"/></Shape>
	    <String CONTENT="¿Conocerás, Señor mio,"
                    HPOS="940"
                    VPOS="1726"
                    WIDTH="473"
                    HEIGHT="66"></String>
          </TextLine>

          
          
          <TextLine ID="eSc_line_0d4f8926"
                    TAGREFS="LT83"
                    BASELINE="895 1825 1344 1816" 
                    HPOS="893"
                    VPOS="1772"
                    WIDTH="451"
                    HEIGHT="75">
            <Shape><Polygon POINTS="895 1825 895 1847 1342 1832 1344 1816 1338 1772 893 1785 895 1825"/></Shape>
	    <String CONTENT="á la que distes el agua"
                    HPOS="893"
                    VPOS="1772"
                    WIDTH="451"
                    HEIGHT="75"></String>
          </TextLine>

          
          
          <TextLine ID="eSc_line_9273059d"
                    TAGREFS="LT83"
                    BASELINE="900 1878 1468 1865" 
                    HPOS="898"
                    VPOS="1821"
                    WIDTH="570"
                    HEIGHT="70">
            <Shape><Polygon POINTS="900 1878 900 1891 1468 1878 1468 1865 1462 1821 898 1832 900 1878"/></Shape>
	    <String CONTENT="del bautismo allá en Trujillo,"
                    HPOS="898"
                    VPOS="1821"
                    WIDTH="570"
                    HEIGHT="70"></String>
          </TextLine>

          
          
          <TextLine ID="eSc_line_c5680958"
                    TAGREFS="LT83"
                    BASELINE="906 1935 951 1927 1342 1916" 
                    HPOS="904"
                    VPOS="1874"
                    WIDTH="438"
                    HEIGHT="77">
            <Shape><Polygon POINTS="906 1935 906 1951 1137 1935 1338 1940 1342 1916 1336 1874 904 1882 906 1935"/></Shape>
	    <String CONTENT="y le pusistes Rosaura?"
                    HPOS="904"
                    VPOS="1874"
                    WIDTH="438"
                    HEIGHT="77"></String>
          </TextLine>

          
          
          <TextLine ID="eSc_line_48981ef6"
                    TAGREFS="LT83"
                    BASELINE="949 1977 1435 1969" 
                    HPOS="946"
                    VPOS="1916"
                    WIDTH="489"
                    HEIGHT="70">
            <Shape><Polygon POINTS="949 1977 949 1986 1435 1977 1435 1969 1429 1916 946 1933 949 1977"/></Shape>
	    <String CONTENT="Has de saber que yo soy"
                    HPOS="946"
                    VPOS="1916"
                    WIDTH="489"
                    HEIGHT="70"></String>
          </TextLine>

          
          
          <TextLine ID="eSc_line_bb736593"
                    TAGREFS="LT83"
                    BASELINE="906 2028 1360 2017" 
                    HPOS="904"
                    VPOS="1975"
                    WIDTH="456"
                    HEIGHT="62">
            <Shape><Polygon POINTS="1059 1977 1037 1977 1015 1977 993 1977 971 1977 949 1977 946 1975 904 1975 906 2028 906 2037 1360 2035 1360 2017 1353 1975 1066 1975 1059 1977"/></Shape>
	    <String CONTENT="la que nunca se criara,"
                    HPOS="904"
                    VPOS="1975"
                    WIDTH="456"
                    HEIGHT="62"></String>
          </TextLine>

          
          
          <TextLine ID="eSc_line_1256011c"
                    TAGREFS="LT83"
                    BASELINE="913 2077 1457 2061" 
                    HPOS="911"
                    VPOS="2011"
                    WIDTH="546"
                    HEIGHT="90">
            <Shape><Polygon POINTS="1353 2019 1331 2019 1309 2019 1287 2019 1265 2022 1243 2022 1221 2022 1198 2022 1176 2024 1154 2024 1132 2024 1110 2024 1088 2024 1066 2026 1044 2026 1022 2026 999 2026 977 2028 955 2028 933 2028 911 2028 913 2077 913 2101 1070 2086 1457 2086 1457 2061 1451 2011 1356 2013 1353 2019"/></Shape>
	    <String CONTENT="pues fuí la muger mas fácil,"
                    HPOS="911"
                    VPOS="2011"
                    WIDTH="546"
                    HEIGHT="90"></String>
          </TextLine>

          
          
          <TextLine ID="eSc_line_b0647591"
                    TAGREFS="LT83"
                    BASELINE="911 2128 1448 2112" 
                    HPOS="909"
                    VPOS="2064"
                    WIDTH="539"
                    HEIGHT="88">
            <Shape><Polygon POINTS="1373 2066 1364 2066 1203 2081 1185 2081 1181 2081 1141 2070 1130 2072 1125 2072 1110 2084 1108 2084 1068 2072 1064 2075 1041 2075 1039 2075 909 2088 911 2128 911 2152 1139 2134 1168 2145 1170 2145 1172 2145 1174 2145 1221 2132 1446 2137 1448 2112 1444 2075 1391 2064 1373 2066"/></Shape>
	    <String CONTENT="que se ha visto, ni se halla."
                    HPOS="909"
                    VPOS="2064"
                    WIDTH="539"
                    HEIGHT="88"></String>
          </TextLine>

          
          
          <TextLine ID="eSc_line_0faddd52"
                    TAGREFS="LT83"
                    BASELINE="960 2174 1364 2165" 
                    HPOS="957"
                    VPOS="2126"
                    WIDTH="407"
                    HEIGHT="70">
            <Shape><Polygon POINTS="960 2174 960 2196 1364 2181 1364 2165 1358 2126 957 2132 960 2174"/></Shape>
	    <String CONTENT="Por fiarme del amor,"
                    HPOS="957"
                    VPOS="2126"
                    WIDTH="407"
                    HEIGHT="70"></String>
          </TextLine>

          
          
          <TextLine ID="eSc_line_ebc3253a"
                    TAGREFS="LT83"
                    BASELINE="918 2227 1433 2216" 
                    HPOS="915"
                    VPOS="2174"
                    WIDTH="518"
                    HEIGHT="71">
            <Shape><Polygon POINTS="918 2227 918 2245 1433 2234 1433 2216 1426 2174 915 2183 918 2227"/></Shape>
	    <String CONTENT="perdido mi honor se halla;"
                    HPOS="915"
                    VPOS="2174"
                    WIDTH="518"
                    HEIGHT="71"></String>
          </TextLine>

          
          
          <TextLine ID="eSc_line_c149cbae"
                    TAGREFS="LT83"
                    BASELINE="911 2276 1404 2265" 
                    HPOS="909"
                    VPOS="2225"
                    WIDTH="495"
                    HEIGHT="68">
            <Shape><Polygon POINTS="911 2276 911 2293 1404 2276 1404 2265 1398 2225 909 2232 911 2276"/></Shape>
	    <String CONTENT="mira bien mi tierna edad,"
                    HPOS="909"
                    VPOS="2225"
                    WIDTH="495"
                    HEIGHT="68"></String>
          </TextLine>

          
          
          <TextLine ID="eSc_line_d55e2e1d"
                    TAGREFS="LT83"
                    BASELINE="915 2329 1482 2313" 
                    HPOS="913"
                    VPOS="2265"
                    WIDTH="569"
                    HEIGHT="128">
            <Shape><Polygon POINTS="1400 2267 1378 2267 1356 2267 1333 2267 1311 2267 1289 2269 1267 2269 1245 2269 1241 2269 1229 2274 1221 2276 1212 2274 1201 2271 1179 2271 1165 2271 1159 2276 1156 2278 1148 2276 1121 2271 1112 2271 1090 2274 1070 2280 1066 2280 1059 2280 1017 2274 1002 2276 979 2276 971 2276 913 2285 915 2329 918 2393 991 2362 1044 2391 1046 2391 1048 2391 1050 2391 1052 2391 1055 2391 1055 2389 1099 2349 1174 2349 1207 2375 1210 2375 1212 2375 1214 2375 1216 2375 1278 2344 1316 2344 1358 2375 1360 2375 1362 2375 1479 2377 1482 2313 1477 2265 1400 2265 1400 2267"/></Shape>
	    <String CONTENT="que de quince años no pasa."
                    HPOS="913"
                    VPOS="2265"
                    WIDTH="569"
                    HEIGHT="128"></String>
          </TextLine>

          
          
          <TextLine ID="eSc_line_51f03931"
                    TAGREFS="LT83"
                    BASELINE="1446 2366 1508 2366" 
                    HPOS="1446"
                    VPOS="2311"
                    WIDTH="62"
                    HEIGHT="89">
            <Shape><Polygon POINTS="1468 2316 1446 2316 1446 2366 1446 2400 1508 2395 1508 2366 1508 2316 1468 2311 1468 2316"/></Shape>
	    <String CONTENT="No"
                    HPOS="1446"
                    VPOS="2311"
                    WIDTH="62"
                    HEIGHT="89"></String>
          </TextLine>

          
        </TextBlock>
        
        <TextBlock HPOS="1418"
                   VPOS="2328"
                   WIDTH="107"
                   HEIGHT="60"
                   ID="eSc_textblock_1bd1bc8e"
                   TAGREFS="BT233">
          <Shape><Polygon POINTS="1525 2388 1525 2328 1418 2328 1418 2388"/></Shape>
          
        </TextBlock>
        

        
      </PrintSpace>
    </Page>
  </Layout>
</alto>
