1753 2480
173.0 82.0 500.0 83.0 si va tort , ferla anar dret.

173.0 130.0 178.0 66.0 Panallet.

223.0 179.0 434.0 85.0 A Don Bartolo xipéll ,

169.0 241.0 488.0 69.0 que apenas del niu eixit :

169.0 295.0 382.0 62.0 vola per tot atrevit

167.0 328.0 542.0 81.0 com si fos ya un gros aucell,

167.0 380.0 539.0 72.0 y que cuant menos pensa ell

165.0 436.0 513.0 76.0 algun esparver lo amanya.

163.0 475.0 196.0 87.0 Castanya.

210.0 541.0 468.0 66.0 Pero á Don Primo rufiá

161.0 597.0 574.0 66.0 que encara que de bech groch

163.0 640.0 459.0 70.0 va volant á poch á poch

161.0 698.0 533.0 60.0 y te bon comte allí ahon va ;

161.0 746.0 426.0 55.0 per poder al niu torná

159.0 785.0 485.0 80.0 sens que mal li hagian fet.

157.0 834.0 175.0 79.0 Panallet.

198.0 905.0 451.0 70.0 A tots aquets francesets

150.0 956.0 594.0 93.0 que semblan fregalls de aygera,

150.0 1008.0 501.0 72.0 que pudan com una quera

150.0 1060.0 499.0 74.0 y van ab la orga ó miquets

146.0 1109.0 393.0 58.0 en busca de dinerets

146.0 1151.0 517.0 82.0 gandulejan per la Espanya.

148.0 1213.0 184.0 66.0 Castanya.

194.0 1250.0 477.0 91.0 Pero si ni ha algun de bó

144.0 1312.0 494.0 80.0 que vinga ab lo bon intent

142.0 1364.0 471.0 93.0 de plantá un establiment ,

140.0 1411.0 285.0 58.0 útil á la nació

142.0 1459.0 329.0 70.0 y que si fa dinaró

136.0 1508.0 618.0 104.0 es sens frau, ni engany, cla y net,

138.0 1554.0 174.0 84.0 Panallet.

179.0 1616.0 451.0 70.0 Los xufleros Valencians

132.0 1676.0 517.0 74.0 que sembla poden fer vaca

132.0 1725.0 498.0 62.0 ab lo porquet de la estaca

130.0 1767.0 552.0 74.0 bruts de roba, cara y mans ,

130.0 1818.0 527.0 77.0 que no son sino uns truans

130.0 1864.0 572.0 99.0 tontos sens fondo ni maranya.

130.0 1911.0 190.0 93.0 Castanya.

177.0 1984.0 410.0 64.0 Pero si podem lográ ,

128.0 2031.0 450.0 72.0 ya que son de regadiu ,

128.0 2087.0 583.0 70.0 ques tiguian dintre de un riu ,

126.0 2126.0 494.0 83.0 quels netegia aquí ó allá ,

130.0 2184.0 386.0 64.0 y que puguen refiná

124.0 2232.0 413.0 70.0 son aygualit servellet.

126.0 2275.0 171.0 112.0 Panallet.

911.0 90.0 546.0 81.0 Si ve aquí algun canastrero

859.0 132.0 532.0 91.0 dels que rodan pels carres ,

857.0 190.0 451.0 74.0 venent mistos y papers

855.0 237.0 523.0 75.0 ó altres cosas que son cero

853.0 291.0 548.0 68.0 que no se com ho pot ferlo,

853.0 332.0 565.0 83.0 ni si l'aygua que beu guanya.

843.0 380.0 209.0 78.0 Castanya.

907.0 429.0 492.0 93.0 Pero si es que vol dir clá

841.0 477.0 537.0 105.0 mes que siguia de amagat ,

845.0 545.0 430.0 72.0 confesan be la veritat

841.0 586.0 482.0 75.0 de las trampetas que fa

851.0 642.0 453.0 66.0 y que ab la canastra va

847.0 688.0 515.0 74.0 per no dir que es gandulet.

837.0 737.0 192.0 79.0 Panallet.

893.0 801.0 454.0 79.0 A los senyors escribents,

839.0 863.0 467.0 60.0 amanuenses de advocats

828.0 915.0 486.0 60.0 que van tots estarrufats

839.0 961.0 467.0 64.0 y semblan uns opulents,

835.0 1004.0 510.0 76.0 sent axis de que las dents

843.0 1049.0 591.0 85.0 y el ventre als arman maranya,

837.0 1103.0 196.0 66.0 Castanya.

886.0 1155.0 511.0 95.0 Pero als pobrets escribents

831.0 1215.0 510.0 66.0 quen diuen memorialistas,

839.0 1264.0 601.0 97.0 que sempre ab las caras tristas

835.0 1312.0 394.0 74.0 están é impacients ,

835.0 1359.0 467.0 81.0 que la falta de aliments

831.0 1417.0 423.0 62.0 suplex algun cigarret.

828.0 1457.0 180.0 72.0 Panallet.

878.0 1519.0 397.0 80.0 Al senyor procuradó

810.0 1570.0 570.0 91.0 dels que jon dich Don Patés ,

816.0 1626.0 413.0 60.0 que maneja los dinés

810.0 1665.0 469.0 81.0 no seus, sino del senyó ,

810.0 1725.0 482.0 75.0 que á nal pobre pagadó

812.0 1771.0 546.0 89.0 com si fos un turc reganya ,

810.0 1818.0 209.0 75.0 Castanya.

870.0 1866.0 345.0 91.0 Pero si regonegut

812.0 1940.0 465.0 68.0 conexen lo mal que fá ,

810.0 1988.0 527.0 60.0 tracta en un tot de esmená

808.0 2039.0 556.0 64.0 lo mal modo que ha tingut,

806.0 2087.0 494.0 58.0 pensant ques un estornut

816.0 2139.0 471.0 62.0 y que propi res te en net,

804.0 2174.0 188.0 78.0 Panallet.

859.0 2229.0 470.0 93.0 A toda aquesta briballa,

804.0 2300.0 413.0 87.0 ho dihemne canalleta
