1860 2629
1312 156 238 70 (Núm. 87.)

511 1086 908 110 TROVOS NUEVOS Y DIVERTIDOS,

359 1176 1204 127 PARA OBSEQUIAR UN FINO AMANTE A SU DAMA.

647 1342 614 99 Cuando den gritos las peñas

603 1393 489 70 y el sol deje de correr,

603 1439 596 74 y el agua del mar se acabe,

598 1502 457 71 te dejaré de querer.

333 1554 454 67 Todo el mundo con idea

286 1606 424 60 se divierte en cortejar,

286 1648 463 56 mas yo te adoro de veras

289 1692 361 60 y el olvidarte será

291 1726 564 81 "cuando den gritos las peñas."

334 1783 564 76 Aunque todo el vulgo piense

284 1830 499 70 que esto es vanidad necia,

287 1875 383 51 te dejaré de querer,

282 1910 448 68 mas será cuando se vea

285 1967 519 70 "que el sol deje de correr."

993 1969 404 64 "te dejaré de querer."

1019 1559 472 64 En mi corazon combate

971 1603 404 70 una fuerte artillería,

973 1645 461 74 y como es inespugnable,

973 1695 461 73 yo te olvidaré aquel dia

967 1741 614 88 "que el agua del mar se acabe."

1015 1787 434 70 Ven acá, terca mujer,

967 1831 447 53 ingrata y desconocida;

969 1873 445 59 si dudas aun de mi fe,

962 1919 452 61 cuando fenezca mi vida

642 2035 581 55 Aunque nos vayan celando

596 2076 531 68 por balcones y ventanas,

598 2122 557 71 lograremos nuestro objeto;

598 2173 562 72 no  pases pena por nada.

328 2230 528 61 Si muchos andan buscando

284 2281 446 90 de qué poder murmurar,

967 2243 528 55 no desmayes, que callando

967 2287 522 109 nuestro fin se ha de lograr
