1753 2480
233 165 581 68 mas tambien, clavel hermoso,

235 217 556 57 "por tí me alegro y suspiro."

275 264 465 62 Por tí me veo deshecho,

235 310 492 66 por tí mi amor abrasado,

235 355 461 60 por tí nunca satisfecho,

235 394 471 79 por tí estoy enamorado,

930 172 540 70 "por tí se abrasa mi pecho."

966 219 474 57 Por tí soy comó el olivo

928 265 536 68 que en todo tiempo verdece;

930 314 501 66 por tu amor estoy cautivo,

928 352 465 64 por tí mi ternura crece,

930 396 548 94 "por tí muero y por ti vivo,"

603 465 567 70 Tengo mi amor repartido,

555 512 584 68 entre cuatro ó cinco damas;

564 558 515 68 yo me divierto con todas,

555 608 592 69 y ellas conmigo se engañan.

283 679 520 65 Yo hago como que soy fino

253 719 436 66 y me manifiesto franco,

238 763 420 63 á todas las doy oido,

241 799 522 74 y á mas para darlas chasco

241 856 539 61 "tengo mi amor repartido."

283 892 561 80 Yo soy cual tronco sin ramas

237 936 423 69 desde el dia que nací,

242 983 524 66 pero de mi amor las llamas

242 1034 390 54 me las apagan á mí

242 1062 602 95 "entre cuatro ó cinco damas."

975 676 427 65 Yo dejo correr la bola,

927 716 430 58 á todas las dejo obrar,

930 764 441 73 yo visto de toda moda,

937 811 340 63 y para disimular

930 851 533 73 "yo me divierto con todas."

968 901 501 66 A mí todas me dan vaya,

927 946 502 63 ya las unas, ya las otras,

924 992 504 64 esperando á que yo caiga,

933 1037 472 63 pero, ¡pobrecitas bobas!

917 1080 565 69 "y ellas conmigo se engañan."

602 1142 576 60 Qué poco sabes de amores,

549 1186 594 70 pero de engañar bien sabes:

552 1233 600 69 ¡oh, qué fácilmente olvidas

555 1285 620 79 á quién tanto tiempo amaste!

281 1355 441 54 Si te salen los colores

239 1395 514 61 cuando te hago un cariño,

239 1435 623 73 por Dios, no muestres rencores,

237 1492 536 58 porque diré como un niño:

241 1533 638 62 "¡qué poco entiendes de amores!"

274 1578 526 62 Con razon digo que acabes

239 1609 449 73 de mostrar tu paracer;

237 1669 500 60 no andes con falsedades,

241 1707 424 62 dices no sabes querer,

237 1756 585 54 "pero de engañar bien sabes."

963 1353 515 62 Dicen que á los homicidas

924 1390 411 60 se castiga con rigor;

924 1428 467 78 á muchos quitas la vida

924 1488 450 59 enseñándoles tu amor:

934 1508 575 87 "!oh, qué fácilmente olvidas!"

963 1581 566 62 Con gran desprecio arrojaste

926 1622 417 60 mi cariño siendo fiel,

913 1674 569 57 ¡oh, qué mal que le pagaste

919 1713 424 60 con tu proceder cruel

930 1754 599 68 "á quien tanto tiempo amaste."

610 1847 598 80 CANCION GRACIOSA

456 1924 901 77 DE LOS AMORES DE PASCUALITA Y BARTOLILLO.

283 2025 388 60 Ya no voy al monte

238 2074 373 49 á ver mis corderos;

238 2117 350 59 porque Bartolillo,

239 2165 403 50 como es tan travieso,

237 2207 390 59 luego que me atisba

237 2249 387 82 me sale al encuetro,

931 2030 358 57 el paso me impide,

928 2077 430 54 me hace tantos gestos,

928 2121 268 55 tantos gestos,

930 2165 291 62 ¡ay qué gestos!

931 2208 302 59 ¡tantos gestos!

979 2240 403 89 Y como ha estudiado
