1860 2629
431 1811 1106 115 EL SALTO DE LA GARROCHA

376 1962 375 50 Una corrida de toros

333 2003 434 63 me gusta por la alegría

334 2046 539 63 que esparce en todas las clases,

329 2087 543 64 y el ver las blancas mantillas,

335 2125 421 59 y el despejo de la plaza

333 2173 435 55 que hace la alguacilería

333 2214 401 48 seguida de los toreros

331 2256 476 48 que lucen ropas muy ricas,

331 2293 349 49 de colores variados

331 2331 484 65 de oro y seda y plata fina.

1119 1971 472 66 Sale luego el primer toro,

1082 2011 463 62 los de á caballo con picas

1079 2055 394 56 que para lucir su brío

1081 2094 439 63 esperan que les embista,

1081 2141 422 49 resistiendo sus empujes

1081 2179 431 49 con valor y sangre fría;

1074 2212 428 59 y me gusta la verónica,

1076 2256 487 61 y el juego de banderillas...

1081 2304 409 46 el salto de la garrocha

1078 2339 447 62 es lo que todos admiran.
