3506 2480
682 259 1902 216 COPLAS ESPIRITUALS

210 442 2870 138 en que se declara la gloriosa mort y passió de Jesucrist, y del modo que una alma

667.0 531.0 1945.0 192.0 arrepentida de sas culpas demana á Deu la seva salvació

241.0 1471.0 2814.0 79.0 Varios Prelats d' Espanya han concedit 40 dias de perdó á tots los fiels que devotament llegesquian ó sentin llegir lo següent.

198.0 1578.0 599.0 69.0 Anima, si ets compasiva,

194.0 1620.0 572.0 78.0 Mira atenta y considera

194.0 1669.0 579.0 79.0 Al peu de la creu María

202.0 1709.0 647.0 99.0 Veyent estar pendent d'ella

198.0 1760.0 630.0 87.0 A son amat Fill dulcíssim,

190.0 1806.0 810.0 82.0 Que está obert per cinch finestras

198.0 1860.0 738.0 97.0 Que brollan torrents de sanch,

200.0 1919.0 631.0 87.0 Y en son cap una diadema

198.0 1977.0 575.0 73.0 De punxagudas espinas,

200.0 2025.0 659.0 72.0 Rejantne la sanch per ellas,

204.0 2070.0 540.0 93.0 Que per sa divina cara

204.0 2124.0 598.0 50.0 Gotejánt cau fins á terra.

202.0 2163.0 591.0 87.0 Mira aquell color difunt,

210.0 2234.0 579.0 78.0 Y aquella boca de perlas

202.0 2289.0 691.0 44.0 Que sembla un clavell morat

204.0 2322.0 699.0 85.0 De haver caygut á las pedras:

204.0 2389.0 839.0 33.0 Son dos verdanchs, que fan llástima,

198.0 2438.0 573.0 33.0 De sas galtas las rosetas;

202 2523 826 0 Son coll tan blanch. que ab la neu

202.0 2566.0 556.0 2.0 No hi havia diferencia,

202.0 2614.0 621.0 4.0 Ara mústich y negrench:

205.0 2663.0 652.0 4.0 Muscles y espatilas obertas

200.0 2717.0 608.0 0.0 Per la creu y pe'ls assots,

200.0 2767.0 729.0 4.0 Que fins los ossos blanquejan.

198.0 2815.0 580.0 2.0 En los brassos y genolls

205.0 2864.0 629.0 4.0 També hi té llagas obertas

203.0 2920.0 685.0 0.0 De quant, portantne la creu,

1285 1562 73 43 De tanta sanch que li raja,

1205 1556 581 80 Sa Mare lo está mirant,

1205.0 1609.0 597.0 79.0 Y axí la pobre's lamenta:

1203.0 1655.0 628.0 91.0 ¡Ay lo Fill de mas entranyas!

1209.0 1705.0 657.0 80.0 ¿Quinas culpas heu comesas,

1207.0 1756.0 647.0 85.0 Que axí vos llevan la vída,

1207.0 1802.0 577.0 97.0 Sent la mateixa inocencia?

1203.0 1851.0 640.0 116.0 ¡Oh vosaltres que passau,

1207.0 1909.0 521.0 83.0 Ateneu, mirau ma pena,

1211.0 1955.0 531.0 97.0 Si ha dolor que al meu dolor

1213.0 2006.0 527.0 81.0 Puga ferli competencia!

1207.0 2066.0 601.0 81.0 Solament est Fill tenia,

1205.0 2118.0 612.0 66.0 Y per quimera y enveja,

1211.0 2161.0 577.0 91.0 Sense culpa me lo han mort.

1205.0 2229.0 628.0 81.0 ¡Ay Jesús, que me atravessa

1215.0 2263.0 668.0 72.0 Una cruel espasa'l cor!

1209.0 2302.0 624.0 72.0 ¡Ay que la nit ja se acerca,

1219.0 2362.0 544.0 68.0 Y no tinch cap sepultura,

1213.0 2434.0 577.0 35.0 ni una mortalla sisquera.

1221.0 2512.0 607.0 4.0 ni qu'il baixi de la creu!

1216.0 2560.0 491.0 2.0 ¿Que faré trista y solesta?

1216.0 2609.0 624.0 2.0 Angelets de ma custodia,

1217.0 2655.0 645.0 9.0 ¿Cóm no alivieu ma pena?

1217.0 2712.0 555.0 3.0 Los ángels lo respongueren:

1222.0 2764.0 694.0 0.0 No se'ns ha donat llicencia

1218.0 2817.0 520.0 0.0 De baixar al vostre Fill:

1222.0 2864.0 490.0 2.0 Altre fará aqueixa feyna...

1219.0 2915.0 697.0 2.0 La Verge gira la vista,

1224.0 2968.0 533.0 1.0 Y vegé casi prop d'ella

1219.0 3015.0 512.0 5.0 Una cuadrilla de gent

1215.0 3066.0 590.0 6.0 Que duyan dos escaletas.

2216.0 1552.0 642.0 88.0 Arriban los sants varons,

2216.0 1614.0 777.0 60.0 Troban la divina Reyna

2216.0 1661.0 727.0 79.0 Al peu de la creu plorant.

2207.0 1713.0 620.0 89.0 Y al seu Fill ja mort en ella.

2218.0 1775.0 605.0 74.0 A sos peus se agenollaren,

2216.0 1822.0 775.0 91.0 Y comensan ab tristesa

2224.0 1878.0 665.0 75.0 A dirli llurs sentiments;

2216.0 1922.0 663.0 95.0 Y á las paraulas primeras

2228.0 1969.0 670.0 83.0 Ab la forsa del dolor

2218.0 2019.0 607.0 93.0 A plorar tothom comensa;

2228.0 2077.0 707.0 76.0 Ploran Joseph, Nicodemus,

2218.0 2130.0 649.0 48.0 Plora la casta Princesa,

2222.0 2172.0 554.0 82.0 Y los demés que allí estavan,

2216.0 2236.0 764.0 78.0 Ab Joan y Magdalena;

2220.0 2285.0 556.0 62.0 Mes la dolorosa Mare

2220.0 2335.0 653.0 43.0 Diu: La llum del día mengua,

2213.0 2366.0 559.0 78.0 Y Joseph y Nicodemus

2218.0 2442.0 568.0 33.0 Arriman las escaletas

2228.0 2517.0 646.0 1.0 Al sant arbre de la creu.

2225.0 2569.0 723.0 1.0 Y pujant los dos per ellas,

2230.0 2616.0 503.0 0.0 La corona á Jesús treuhen,

2227.0 2669.0 800.0 2.0 Donantla ab molta finesa

2228.0 2720.0 701.0 2.0 A la Mare adolorida;

2233.0 2768.0 607.0 6.0 Y ella diu , mentras la besa:

2227.0 2822.0 563.0 1.0 Corona que al Rey del cel

2232.0 2872.0 520.0 1.0 Li serví de diadema,

2230 2920 535 6 Feu, Deu meu, que tots los homens

204 3591 622 0 Caygué tres voltas á terra;

204 3642 633 6 La tractin ab reverencia.

203 3689 636 2 Donárenli tambe'ls claus,

199 3745 552 0 Y ella humil los petoneja.

206 3794 593 0 ¡Oh durs claus que traspassareu

194 3842 707 5 Aquellas mans tan excelsas,

199 3893 696 5 Que al cel y á totas las cosas

203 3940 634 0 Daren lo ser y'l conservan;

197 3989 639 3 Feríreu mon tendre cor

203 4039 609 7 Com ab punxaguda fletxa.

201 4092 589 3 Ja baixan lo cos difunt:

199 4137 691 7 Pe'ls peus lo pren Magdalena,

201 4193 569 0 Mentres sant Joan pe'l cap,

203 4246 550 0 Y á la Verge humils lo entregan.

206 4299 566 0 Ella, prenentlo en sos brassos,

201 4344 683 7 Amorosa així se expressa:

201.0 4396.0 665.0 4.0 Veniu los que tingau set,

209.0 4447.0 544.0 7.0 Que están las fonts ben obertas;

208.0 4502.0 628.0 4.0 Veniu, si esteu famolenchs,

206.0 4550.0 591.0 3.0 A aquest pa de vida eterna;

199.0 4605.0 605.0 1.0 Veniu los que esteu malalts,

203 4652 581 2 O sufriu treballs y penas;

1222.0 3745.0 615.0 3.0 Veniu que á tots vos convido,

1217.0 3794.0 640.0 7.0 Puig á ningú may se nega.

1220.0 3841.0 590.0 10.0 Y Joseph y Nicodemus,

1217.0 3888.0 487.0 7.0 Prenent ungüents ab essencias,

1220.0 3940.0 665.0 11.0 Ungeixen lo cos sagrat,

1215.0 3987.0 618.0 11.0 Y ab un nou llensol de tela

1217.0 4041.0 494.0 6.0 Enmortallan al Senyor,

1215.0 4090.0 851.0 7.0 Criador de cels y terra.

1214.0 4142.0 600.0 4.0 Los que portan lo sant cos,

1220.0 4192.0 602.0 2.0 De alguns fiels van al darrera:

1224.0 4238.0 611.0 12.0 Nicodemus y Joseph,

1218.0 4297.0 768.0 0.0 Que han tingut sort tan inmensa;

1214.0 4343.0 667.0 9.0 Luego el Centurió, sant Joan,

1218.0 4396.0 671.0 7.0 Tres Marías companyeras

1221.0 4450.0 639.0 2.0 De la santíssima Verge,

1218.0 4499.0 567.0 4.0 De Serafins voltadeta.

1220.0 4548.0 613.0 10.0 Al arribar al sepulcre,

1211.0 4601.0 567.0 5.0 L'hi colocan ab decencia;

1218.0 4652.0 704.0 4.0 Luego'l tapan ab la llosa;

2230.0 3582.0 613.0 4.0 Tan sols mils d'Angels s'hi quedan

2230.0 3635.0 603.0 0.0 Vetllant al Senyor: los altres

2234.0 3688.0 823.0 1.0 A Jerusalem regressan.

2234.0 3734.0 684.0 6.0 Al passar per le Calvari

2225.0 3787.0 561.0 0.0 Adorá del Cel la Reyna

2225.0 3838.0 571.0 4.0 De la creu l'arbre santíssim.

2229.0 3887.0 542.0 2.0 Llavors tots junts y depressa

2219.0 3934.0 682.0 5.0 A Jerusalem caminan;

2225.0 3984.0 682.0 4.0 Mes al despedirse d'ella,

2221.0 4033.0 547.0 4.0 Com se'n separan plorant,

2227.0 4084.0 582.0 2.0 La bendició 'ls dispensa;

2230.0 4131.0 618.0 4.0 Y a Cenáculo marxá

2223.0 4182.0 592.0 1.0 Ab Joan y Magdalena,

2227.0 4236.0 497.0 0.0 Fins á la resurrecció,

2221.0 4287.0 526.0 4.0 Qu'ells ab molta fé la esperan.

2221.0 4343.0 519.0 2.0 Anem donchs á acompanyarla,

2230.0 4396.0 722.0 0.0 Y á consolarla en sas penas,

2221.0 4439.0 746.0 9.0 Que no'ns faltará aquí el premi,

2225.0 4492.0 676.0 3.0 Y després la gloria eterna.

2223.0 4544.0 772.0 4.0 FI

2230.0 4595.0 615.0 4.0 Imps. Hospital, 19 EL ABANICO
