1025 1464
167 25 49 46 24

303 23 490 46 Historia verdadera de Judas Macabeo.

128 64 844 50 niendo aviso de ello, se guardò muy bien, y governò à

129 106 839 48 Judea mas de treinta años con mucha prudencia, y feli-

126 150 842 50 cidad. Hircano tuvo por succeſlor á su hijo Aristobulo,

127 196 845 46 despues de una larga interrupcion : lo qual sucediò cien

126 235 845 49 años antes del Nacimiento de Christo. Los de su linage

127 280 844 47 continuaron la Dignidad Real en su casa hasta aquel

126 322 843 48 Hircano, que fue tan cruelmente despojado, y muer-

126 364 842 51 to por Herodes, como se dixo en la Historia de èste,

155 409 460 50 y su virtuosa muger Mariamne.

351 561 431 40 FIN.

579 619 214 55 Reimprimase.

623 701 112 62 Guemes.

133 878 846 79 Se hallarà en Murcia en la Imprenta, y

129 958 848 65 Libreria de Francisco Benedito, vive en

130 1027 847 71 la calle de la Plateria, donde se hallaràn

359 1098 379 70 de otras diferentes.
