933 1438
787 14 36 45 5

287 22 251 33 de Judas Macabeo.

66 48 790 51 En este medio los Comissarios del Rey apretaban à

9 95 848 49 que cada uno se declarasse, y sacrificasse, à tiempo que

5 138 852 45 un Judio, ò bien por atemorizado del rigor de los su-

7 181 850 51 plicios, ò porque le atraxeron con promessas, y recom-

8 226 851 46 pensas, se adelantò à sacrificar en un Altar que estaba

7 265 850 50 puesto en pùblico, dedicado à las falsas Deidades. Pero

7 312 853 47 haviendolo visto Matathias, encendido su corazon con un

7 353 847 47 ardiente zelo de la honra de su Dios, y el desprecio, y

9 397 852 48 traycion que se le hacia, arremetiò furioso al Apostata

10 438 850 51 Judio, y entre sus manos le quitò la vida; y teniendole

8 481 853 47 muerto sobre el Altar sacrilego, le hizo servir de victima

8 524 853 51 al lugar de su osado sacrificio. Despues de este sucesso, ar-

11 568 849 48 remetiò al Lugar-Teniente del Rey, que mandaba hacer

11 609 851 50 estos iniquos sacrificios de abominacion, y tambien le diò

11 654 854 49 animoso la muerte, declarando desde entonces la guerra

11 695 854 52 abierta á los enemigos de Dios, que le querian forzar á

12 739 329 48 dexar su Santa Ley.

74 782 788 49 Es cosa de admirar el considerar el poder de un hom-

11 826 854 48 bre zeloso, que no hace caso de la vida, y hace gloria de

10 868 854 50 la muerte. Este Santo viejo comenzò á juntar un peque-

11 915 854 47 ño Exercito con los cinco hijos, que tenia, y algunos pa-

11 955 854 48 rientes. Dexò la Ciudad de Modin, donde no podia bien

12 1000 853 46 assegurarse, y se retirò á un monte, adonde todos los zelo-

12 1042 852 47 sos de la defensa de la Antigua Religion venian de todas

13 1086 847 50 partes con sus mugeres, hijos, y ganados con resolucion

12 1128 848 46 de vivir, ò morir con los ilustres Macabeos. Matathias,

14 1170 848 50 viendo, que cada dia se iban aumentando sus Tropas, hi-

12 1215 853 48 zo algunas surtidas, que le sucedieron bien ; y no conten-

14 1259 851 54 tandose solo con rechazar á los Infieles, les fue á atacar en

789 1306 45 61 sus
