943 1444
815 13 44 39 21

347 10 250 43 de Judas Macabeo.

73 45 819 52 y Simon no huviessen dilatado sus hazañas con la imita-

69 92 826 50 cion de sus proezas, haciendo las maravillas que á todo

68 136 828 48 el mundo es notorio. Quedò enflaquecido el buen parti-

70 180 824 49 do por la muerte del que era el alma de toda su Patria, y

72 225 827 49 parecia que Judea avia de ser bien presto tragada de las

71 266 827 47 grandes fuerzas del Rey Demetrio. Pero la mano socor-

70 310 831 46 redora del Dios de los Exercitos no faltò à sus siervos en

69 353 402 46 lo estremo de sus miserias.

106 393 795 53 El pernicioso Alcimo, que avia levantado esta borras-

70 442 834 46 ca, quando pensò obtener sus pretensiones, fue herido

69 482 833 49 de una llaga del Cielo, y muriò presto de una estraña en-

69 527 837 48 fermedad. Demetrio, despues de aver reynado algunos

68 570 839 48 años, viò levantarse contra sì una grande sedicion, la

67 611 835 49 qual le quitò el Cetro, y la vida. Su natural sobervio,

71 657 832 46 y altivo le hizo menospreciar á los Reyes sus vecinos,

67 697 840 48 hasta ofenderlos de palabra, y obra. Levantòse contra

67 740 840 54 él un hombre, llamado Pompalo, que despues se puso

67 786 839 47 por nombre Alexandro. Este, para conseguir mejor sus

69 831 837 45 fines, quiso tener de su parte á los valerosos Macabeos;

73 868 833 51 y assi le escriviò con sumo cariño á Jonatás, ofrecien-

70 911 840 46 dole su Estado, y Pontificado de su Nacion, califican-

73 957 837 50 dole con nombre de amigo, y embiandole la Purpura

75 1001 834 44 con una Corona de oro. Demetrio, á quien la necessi-

75 1042 836 48 dad le avia hecho muy cortès, le hizo tambien por otra

77 1087 833 50 parte mil promessas, por atraerlo á su partido. Ambos

77 1128 834 50 á dos Reyes buscaban á Jonatas, solicitandole con gran-

77 1170 834 53 des ansias. Llegaron las de Demetrio á tanto, que le hi-

80 1215 830 47 zo todas estas promessas. Haciale essento de todos los

80 1257 828 57 tributos, le quitaba las guarniciones, le daba presenta-

834 1301 47 43 das
