942 1444
126 14 47 48 20

383 16 231 41 Historia verdadera

101 49 818 54 da, si nuestra hora es ya llegada : muramos valerosamante por

101 98 824 46 nuestros hermanos, y no dexemos mancha ninguna en el explendor

101 141 435 48 de la honra que hemos adquirido.

147 181 765 46 Con esta exhortacion los traxo à todos á su autoridad, y

102 225 831 47 se resolvieron à vencer, ò morir. Empezaron á sonar las

103 270 828 49 trompetas de una y otra parte : resonaba la tierra con el

105 312 828 48 ruido de las armas, y gritos de los Soldados. Bachides

105 354 816 48 hizo abanzar à sus Dragones armados de flechas, y hon-

106 400 827 49 das, que trabaron la escaramuza, y el choque, que du-

105 442 829 46 rò desde la mañana hasta la tarde : los unos peleando por

109 487 808 45 muchos, y los otros por valor. Como el Macabeo viò, que

108 528 829 45 las mejores Tropas estaban al cuerno derecho junto á la

110 570 824 48 persona de Bachides, se resolviò de atacarlos, y lo hizo

111 616 818 48 con prodigioso valor, haciendoles dexar el puesto, y mal-

108 657 829 48 tratandolos con mucha pèrdida, y confusion. Pero los

109 701 828 48 del cuerno izquierdo, que estaban de refresco, viendo la

112 744 812 48 desorden de sus compañeros, vinieron sobre Judas, y to-

113 786 815 49 da su Tropa, que estaba cansadisima de matar tanta gen-

113 831 817 45 te. Defendieronse valerosamente; pero la multicud, que

112 876 814 44 por todas partes les rodeaba, los acabò; y el incompara-

110 915 824 47 ble Macabeo, despues de aver recibido muchas heridas,

112 961 824 48 abriò otras tantas puertas sangrientas á su generosa alma

112 1002 399 49 pará bolar al otro mundo.

157 1042 780 53 No ay Colosos, ni Pyramides que puedan igualar los

114 1088 801 48 hechos de este generoso varon. Nunca persona peleò me-

113 1131 821 47 jor, ni por mas buena causa. Su corazon era una fuente

111 1176 803 45 de llamas bizarras: su mano era el mismo rayo: su vir-

111 1218 811 47 tud un milagro: su vida un exemplo; y su muerte venia

111 1260 818 54 á ser el fin de toda su Patria, si sus hermanos Jonatàs

890 1313 7 53 y
