908 1454
121 3 47 55 14

359 11 235 49 Historia verdadera

128 53 746 47 Hase notado en muchas Historias, que los Tyranos

83 100 790 48 muy sangrientos no han acabado con la espada, sino con

82 143 789 49 alguna enfermedad estraña, y llagas visibles, que les qui-

80 186 793 49 taban la vida poco á poco, y les hacian testigos de su pro-

80 229 792 49 pria deshonra, y de sus proprios funerales. Assi murieron

79 273 793 47 Herodes, Tyberio, Alcymo, Copronimo, Leon, y otros.

79 313 794 45 Este desdichado Rey Antioco dexò un hijo de pequeña

79 355 793 49 edad, llamado Antioco Eupator, que succediò á su pa-

79 401 795 45 dre, assi en la desdicha, como en el Imperio. Tomòle a

79 441 795 51 su cargo Lysias, haciendo de Governador, y principal

79 483 793 51 Ministro de Estado en el Imperio de este joven Rey.

79 530 791 48 Grangeabale por el gusto que le daba de su grandeza, y

79 571 793 50 sus delicias, acompañadas de mil promessas, de que le

79 615 794 50 haria vivir el mas contento, y mas triunfante Monarca

79 654 177 45 del mundo.

121 699 752 52 El nuevo Governador, fuesse por el odio que tenia

78 743 794 53 à los Judios, ò por desear luciessen las armas de su Prin-

78 789 788 49 cipe, ò por las quexas que cada dia oìa de las hazañas,

79 832 792 49 progressos del Macabeo, juntò un formidable, y grues-

78 879 795 44 so Exercito, y vino con èl contra Judea. Compomianse

77 918 793 48 estas Tropas de cien mil Infantes, y veinte mil Cavallos,

77 962 793 47 con treinta y dos Elefantes armados, repartidos en dife-

78 1006 794 48 rentes Legiones, que traìan encima torres de madera

79 1050 793 47 muy grandes. Treinta y dos hombres peleaban en cada

79 1091 791 47 una, y al rededor de ellos marchaban quinientos de à ca-

80 1133 790 48 vallo con mil Infantes. Nada le atemorizò á nuestro gran

79 1176 790 47 Macabeo tan formidable Exercito ; porque como tenia

81 1218 789 50 puesto todo su corazon en el Dios de los Exercitos, à quien

79 1261 791 45 veneraba, y adoraba con todas sus ansias, se reìa de tanta

78 1305 790 56 multitud de Paganos, q para su infinito Poder eran un soplo.

807 1349 42 48 Ju-
