926 1448
270 31 253 34 de Judas Macabeo

8 57 816 51 de la victoria, y tuvo harto que hacer en salvar la vida,

763 16 30 56 9

8 103 817 49 contentandose con huir despues de aver tenido esperan-

4 149 202 40 zas de vencer.

36 185 789 50 Lyfias, que era Privado del Rey Antioco, rabioso

6 230 819 49 de verse atajado con un tan pequeño Exercito de gentes

4 272 820 48 abatidas, y no sabia què cuenta dar al Rey su Señor, à

8 312 813 50 quien avia prometido que destruiria todo el Pueblo He-

4 354 818 51 breo, sin que de él quedasse memoria, escogiò en diferen-

7 399 815 44 tes veces tres de los mejores Generales de todos los Exer-

11 441 808 48 citos, que fueron Ptholomeo, Gorgias, y Nicanor. Ptho-

8 485 810 49 lomeo no hizo mucho ruido, Gorgias fue muy vano pa-

19 529 799 49 ra prometerse la victoria, y sepersuadia, que èlera muy

1 571 820 46 temido. Pero Judas, aunque á la sazon no tenia mas de

4 612 816 50 tres mil hombres mal armados, le derrotò, y fe apoderò de

0 658 820 47 su Campo, que estaba lleno de grandes riquezas, lo que

2 696 817 51 d'ò harta tentacion al Exercito Judaico, que pedia le de-

10 741 805 51 xassen gozar del despojo. Pero su Capitan, que sabia muy

2 784 816 49 bien las materias de la guerra, y como muchos, por afi-

0 826 818 48 cionarse á los despojos, avian perdido la honra, y la vi-

0 868 819 49 da, mandò, que de ninguna manera se tomasse á la presa

0 911 818 49 de los Infieles hasta fenecer la batalla, y diò orden de se-

0 955 818 50 guir al enemigo, que estaba en desorden ; y despues de

44 997 690 49 aver muerto mucha gente, puso á los demàs en fuga.

51 1040 766 47 Nicanor, que era el tercero de los Generales, des-

8 1081 811 47 pues de aver experimentado todo el valor de Judas, con

19 1125 801 48 pèrdida de los suyos, no se avia resuelto de aventurar su

0 1168 819 44 credito á la incertidumbre de las batallas, antes bien dexò

0 1253 818 52 prender á Judas por traycion, pues era invencible por

12 1296 806 57 fuerza. Hizo muestra de buscarle de paz, y con color

387 1336 32 46 B

753 1345 37 49 de
