943 1450
361 20 245 38 de Judas Macabeo.

835 10 37 51 23

78 50 837 55 metor, que estaba afrentado de los procederes de su

80 95 835 53 yerno, debaxo del pretexto de moderacion, metiò la

78 140 838 51 mano, y tirò á juntar la Corona de Syria con la de

78 184 836 53 Egypto; y assi diò al joven Demetrio su hija Cleopatra.

78 228 835 50 Este tambien se viciò mucho despues que se viò en el

79 274 835 48 Trono ; y esto fue causa de nuevas sediciones, que se le-

78 315 839 50 vantaron en su Reyno. Tripon, que avia sido de las

76 360 842 47 Guardias de Alexandro Capitan, tenia en su poder un

75 401 843 51 hijo pequeño, que su Señor avia dexado, y tuvo el

74 447 842 49 atrevimiento de proponerle por Rey, y verdadero suc-

74 489 845 49 cessor de la Corona. Como viò que Jonatás, que estaba

74 531 844 49 unido con Demetrio, el mozo era capàz de oponerse à

74 575 844 49 sus designios, y deshacer la trama de sus ambiciones, le

75 618 840 49 cogiò con una detestable traycion, y le hizo matar con

75 662 149 46 sus hijos.

140 702 775 51 El malvado Tripon matò despues á su Pupilo, fin-

79 747 839 48 giendo, que avia muerto de enfermedad, y tomò la

78 788 831 53 Diadema, diciendo era èl el vengador del tyrano, y

78 831 835 52 el Rey legitimo de Syria. A èste persiguiò Antioco Sy-

78 875 836 51 deses, y aviendole sitiado en la Ciudad de Dora, vien-

79 921 838 48 dose desesperado de socorro, se matò con sus proprias

79 963 836 48 manos. El vencedor acordòse, que los Macabeos en los

81 1008 835 48 alborotos de Syria avian hecho grandes progressos, y los

82 1051 835 47 quiso reprimir haciendo guerra à Simon, que avia suc-

81 1092 837 47 cedido á su hermano Jonatàs, y en un banquete fue

83 1135 835 49 muerto por Ptolomeo, aviendo aprobado el Rey este

83 1178 834 42 cruel insulto. Dos de sus hijos fueron embueltos en la

83 1219 832 51 desdicha de su padre. Los matadores quisieron hacer lo

83 1267 828 52 mismo con Hircano, hijo del mismo Simon : pero te

812 1316 72 34 nien-
