903 1428
310 26 248 42 de Judas Macabeo.

777 28 31 43 17

16 60 833 51 trio se declarò, y tomò la Diadema con un general aplau-

16 105 836 48 so de los de Tyro, que hacian una gran faccion. Lysias

18 146 834 48 con su Eupator se hallò asustado con esta nueva, y estu-

20 191 828 47 vo mucho tiempo en determinarse, si iria à recibirle, y

19 233 833 47 darle batalla, ò retirarse à la Ciudad de Antioquia, y

20 274 836 50 aguardarle fortificado. Este ultimo medio le pareciò mas

21 322 834 46 seguro; pero era menos glorioso encerrarse luego al pun-

22 362 834 46 to al primer ruido de una sedicion, y como un cobarde

23 406 836 47 animal, esconderse en su cueva. Los que deseaban mas

23 447 837 46 la ruina de Lysias eran los que mas le adulaban con el

25 490 835 48 valor, y generosidad, no deseando mas, que verle en

24 531 834 52 campaña. Esto fue lo que le hizo salir de Antioquia, por

26 576 835 48 ir à encontrar à Demetrio. Pero èl, que parecia iba bien

26 619 834 50 acompañado, se hallò casi solo en el peligro; porque sus

26 662 834 51 proprios Soldados le cogieron con traycion, y le vendie-

26 706 834 50 ron, apoderandose del Rey mozo; y de el, para entre-

29 747 272 50 garlo à Demetrio.

65 790 797 49 Este estaba aun con grande incertidumbre del sucesso;

31 833 834 50 pero breve le dieron las nuevas, de que Lysias, y su

31 877 833 50 Pupilo el Rey, estaban presos por consentimiento de to-

30 921 833 50 das las Legiones, y que ya los traìan à su poder. Llega-

32 963 834 50 ron, pues, con ellos; mas Demetrio no quiso ver á Ly-

32 1005 835 50 sias, ni à su sobrino, como nos lo assegura la Historia Sa-

34 1051 838 48 grada, ò bien porque su corazon se enterneció por su

37 1092 834 51 sangre, ò porque fue astucia de hombre politico, que no

37 1137 836 48 queria parecer, que hacia lo que siempre procuraba se

38 1178 838 48 hiciesse, porque le vituperassen menos la accion, y pu-

38 1220 834 49 diesse èl justificar facilmente en el Senado Romano so-

39 1266 837 52 bre la muerte de este Rey mozo. Los Soldados acabaron

464 1307 31 51 C

810 1305 33 44 lo
