1860 2629
261.0 354.0 629.0 75.0 que antes que se pase un mes

261.0 409.0 491.0 66.0 esposos seremos ambos,

265.0 449.0 485.0 70.0 poseyendo una fortuna

258.0 508.0 647.0 61.0 que envidiaran mas de cuatro.

258.0 547.0 538.0 70.0 Quedándose muy confusa

263.0 606.0 482.0 60.0 ella le dice que al cabo

261.0 646.0 443.0 70.0 le confiesa sin rodeos

263.0 705.0 653.0 59.0 que se encuentra sin un cuarto,

267.0 753.0 452.0 61.0 pues lo poco que sacó

263.0 799.0 476.0 66.0 ya se lo lleva gastado.

258.0 845.0 522.0 66.0 Sin esperar un momento

261.0 900.0 440.0 55.0 el doncel enamorado

263.0 939.0 541.0 66.0 dos mil duros que llevaba

258.0 983.0 606.0 72.0 le pone al punto en la mano,

263.0 1040.0 533.0 66.0 y en el momento deciden

263.0 1093.0 537.0 63.0 que porque no sufra tanto

261.0 1141.0 519.0 61.0 partirán los dos en busca

254.0 1183.0 504.0 74.0 de su padre acongojado,

258.0 1233.0 432.0 70.0 y pedirán su perdon,

256.0 1288.0 505.0 63.0 quedando fijado al cabo

252.0 1327.0 436.0 64.0 el dia en que felices

252.0 1384.0 531.0 57.0 se unirán por tierno lazo,

256.0 1424.0 577.0 74.0 porque puedan con envidia

254.0 1474.0 535.0 72.0 dulces esposos llamarlos.

252.0 1518.0 517.0 72.0 Llega la noche y los dos

252.0 1575.0 625.0 72.0 en la estacion se encontraron,

254.0 1616.0 500.0 70.0 y como él en su cartera

252.0 1669.0 539.0 66.0 lleva el dinero encerrado,

252.0 1719.0 478.0 66.0 pues ella así se lo dijo

252.0 1770.0 447.0 54.0 para mas asegurarlo,

247.0 1816.0 564.0 68.0 en tanto que él los billetes

936.0 350.0 467.0 88.0 iba á sacar: temerario,

943.0 418.0 476.0 63.0 dice la dama, ¿no veis

951.0 466.0 501.0 72.0 que millones encerrados

940.0 514.0 461.0 66.0 llevais en esa cartera

951.0 554.0 503.0 74.0 y que pudieran robaros?

951.0 598.0 551.0 85.0 Traedla, y mientras venis

945.0 666.0 533.0 67.0 aquí con ella os aguardo.

936.0 701.0 419.0 76.0 Apenas el caballero

947.0 731.0 616.0 103.0 volvió la espalda, de un salto

945.0 795.0 493.0 63.0 sale á la calle la dama,

947.0 845.0 592.0 72.0 y á un coche, con su lacayo,

954.0 893.0 590.0 73.0 (que no es otro que la amiga

945.0 944.0 623.0 79.0 que inventó con ella el chasco)

943.0 992.0 511.0 77.0 se sube, dando la órden

945.0 1049.0 482.0 55.0 de con paso apresurado

943.0 1088.0 502.0 70.0 llegar á la otra estacion,

947.0 1137.0 559.0 78.0 pues antes se equivocaron.

943.0 1198.0 544.0 63.0 Llegan allí y al momento

938.0 1235.0 546.0 83.0 antes que puedan notarlo,

943.0 1283.0 388.0 73.0 billetes para París

938.0 1321.0 514.0 81.0 las dos al punto sacaron,

938.0 1391.0 522.0 65.0 donde llenas de contento

938.0 1437.0 524.0 68.0 de mil placeres gozando,

943.0 1483.0 467.0 63.0 vieron pasarse los dias

938.0 1529.0 487.0 65.0 las semanas y los años.

934.0 1581.0 491.0 68.0 Mientras lleno de pesar

934.0 1627.0 460.0 73.0 el crédulo americano,

936.0 1682.0 415.0 61.0 renegó toda su vida

936.0 1700.0 575.0 98.0 de aquel amor desgraciado,

940.0 1774.0 448.0 64.0 que le dejó sin mujer,

938.0 1800.0 632.0 101.0 y lo que es más, sin un cuarto

824 2013 165 112 FIN

368.0 2328.0 1084.0 127.0 MADRID.—Despacho: Sucesores de Hernando, Arenal, 11.
