1753 2480
171.0 157.0 531.0 84.0 por el cual así se hallaba,

169.0 208.0 504.0 75.0 segura de que al saberle

167.0 260.0 529.0 64.0 la tendria quizá lástima.

167.0 297.0 599.0 81.0 Se apoyó luego en su brazo,

167.0 353.0 647.0 70.0 subió al coche que aguardaba,

169.0 398.0 529.0 77.0 saltó despues al pescante

171.0 448.0 451.0 70.0 el lacayito con gracia,

177.0 496.0 488.0 80.0 y el coche partió ligero

171.0 549.0 451.0 106.0 á la casa de la dama.

458.0 657.0 69.0 93.0 III.

225.0 744.0 388.0 64.0 Apenas al otro dia

173.0 785.0 519.0 70.0 del reloj las dos sonaron,

173.0 839.0 453.0 64.0 diligente el caballero

173.0 884.0 600.0 68.0 subió á su coche exclamando:

183.0 932.0 590.0 70.0 —¡Ah! por fin voy á admirar

173.0 983.0 424.0 68.0 aquel serafin amado

175.0 1027.0 484.0 74.0 á quien juré desde ayer

173.0 1070.0 598.0 81.0 hacerme su humilde esclavo,

173.0 1128.0 600.0 83.0 si es que mis ánsias escucha

179.0 1182.0 496.0 72.0 y al espresarse mi lábio

177.0 1225.0 484.0 72.0 jura pagarme mi amor

171.0 1264.0 558.0 77.0 dándome su blanca mano.

177.0 1324.0 457.0 66.0 Así el gallardo doncel

175.0 1368.0 527.0 74.0 llega á la casa, y bizarro

173.0 1415.0 505.0 73.0 despues de con ligereza

171.0 1463.0 529.0 78.0 subir hasta el sotabanco,

171.0 1510.0 606.0 71.0 se encuentra con la doncella

177.0 1560.0 498.0 80.0 (que se parece al lacayo)

177.0 1618.0 443.0 70.0 y le dice que su ama

173.0 1661.0 544.0 70.0 ansiosa le está esperando.

173.0 1700.0 608.0 79.0 Entra por fin y se encuentra

173.0 1752.0 658.0 79.0 que el cuartonoestá amueblado

171.0 1810.0 593.0 72.0 nada mas que con decencia,

175.0 1862.0 505.0 72.0 pero está ella, y borrado

173.0 1907.0 529.0 70.0 queda ya de su memoria

171.0 1946.0 657.0 77.0 si es rico ó pobre el mueblario.

171.0 2006.0 434.0 58.0 Con finura la saluda

177.0 2050.0 498.0 74.0 y con ella es contestado;

177.0 2105.0 484.0 71.0 pregunta si está mejor,

177.0 2141.0 575.0 105.0 y entonces vertiendo llanto

851.0 148.0 560.0 64.0 que al caballero conmueve

851.0 204.0 459.0 62.0 le dice: será muy raro

851.0 243.0 438.0 71.0 que disfrute de salud

849.0 295.0 651.0 66.0 quien sufre en el mundo tanto.

849.0 338.0 509.0 71.0 Yo, señor, soy heredera

849.0 396.0 649.0 62.0 de un marqués muy millonario,

855.0 446.0 389.0 62.0 y como única hija

853.0 487.0 538.0 68.0 me mimó mi padre tanto,

851.0 537.0 598.0 68.0 que nunca tuve un capricho

853.0 591.0 560.0 68.0 sin cumplirle al poco rato.

853.0 636.0 567.0 70.0 Mas quiso mi mala estrella

851.0 682.0 614.0 70.0 que viera á un señor gallardo

853.0 735.0 546.0 66.0 sin que él se fijara en mí,

857.0 785.0 492.0 68.0 y mi casa abandonando

855.0 832.0 575.0 60.0 tras de sus huellas me vine

855.0 882.0 490.0 58.0 tan solo con mi lacayo.

857.0 917.0 629.0 72.0 Y cuando al fin frente á frente

855.0 975.0 534.0 72.0 en el paseo le he hallado,

855.0 1025.0 596.0 74.0 fué tan grande la impresion

855.0 1072.0 602.0 75.0 que produjo en mí este acaso

855.0 1118.0 532.0 68.0 que pensé perder la vida

853.0 1173.0 527.0 67.0 al encontrarle á mi lado.

864.0 1217.0 527.0 74.0 ¡Oh cuando mi padre sepa

857.0 1264.0 532.0 69.0 lo que un amor temerario

857.0 1316.0 530.0 66.0 ha trastornado mi mente,

855.0 1366.0 521.0 64.0 me mata sin mas reparo!

857.0 1409.0 587.0 62.0 —No os matará, bella dama,

855.0 1454.0 486.0 67.0 dijo el galan estasiado,

853.0 1502.0 496.0 70.0 al menos que muera yo

859.0 1556.0 486.0 70.0 para no poder salvaros;

859.0 1609.0 472.0 71.0 pues si me dejan vivir

857.0 1657.0 492.0 66.0 os juro que de contado,

855.0 1694.0 544.0 77.0 he de ver á vuestro padre

847.0 1742.0 558.0 72.0 y de él el perdon alcanzo:

851.0 1793.0 622.0 79.0 dando de pues nuestra union

855.0 1851.0 536.0 62.0 como el mejor desagravio

855.0 1899.0 499.0 64.0 de lo que pueda alterar

847.0 1946.0 587.0 66.0 vuestro honor inmaculado,

859.0 1990.0 457.0 76.0 y ya que solo por mí

857.0 2035.0 546.0 70.0 sufre vuestro pecho tanto

857.0 2097.0 463.0 58.0 desechad esos pesares,

857.0 2134.0 577.0 100.0 vivid tranquila y pensando
