1669 2324
809 83 158 56 — 18 —

257 149 1233 47 cía á fin de dar cuenta de la emboscada: El pobre capellan y el postillon ase-

259 170 1231 64 guraban con juramento haber visto doce hombres armados, que no podian

258 209 1232 54 ser otra cosa que ladrones. El rumor de esta ocurrencia cundió en breve por

258 247 1234 55 toda la ciudad causando una gran sensacion, y á esto más que nada debió el

258 286 1234 52 reverendo Collet los cuidados é interés con que el clero de la poblacion se

258 317 1235 58 apresuró á rodearle y ofrecérsele con la mayor solicidud. Las beatas de Grasse

258 353 1235 57 no tardaron en agasajarle con obsequios positivos como en demostracion de

259 395 1235 54 profundo respeto. Pasado aquel dia el fingido obispo se hallaba en medio de

259 432 1236 53 una numerosa reunion de mujeres devotas, á las que significó sin dar impor-

259 463 1238 56 tancia alguna á sus palabras, que á consecuencia del suceso ocurrido, y ha-

259 497 1238 59 llandose algo indispuesto, retardaria su partida de aquella ciudad, en la cual

260 538 1235 55 al mismo tiempo que acudia á su total restablecimiento, esperaria noticia de

260 570 1237 60 su mayordomo á quien acababa de escribir manifestándole que se hallaba ne-

262 606 1235 61 cesitado de dinero, y que la tardanza en enviárselo podria ocasionarle algu-

263 648 1235 50 nos disgustos. Cuando hubo acabado de pronunciar estas palabras, observó

264 684 1234 55 no sin placer, que entre aquellas buenas mujeres se cruzaban algunas miradas

264 716 1235 62 de inteligencia, de cuyas señales, como buen inteligente, sacó por sí la con-

268 755 598 54 secuencia de una buena especulacion.

321 781 1180 59 Salió Collet de la estancia, no sin echar antes su bendicion á aquellas bendi-

267 827 1235 56 tas almas que le rogaron con el mayor ahinco se dignara volver al siguiente

267 859 1234 61 dia, pretestando la necesidad en que se hallaban de que Su ilustrísima les acla-

268 897 1123 57 rase ciertas dudas que se les ofrecian en altas cuestiones de conciencia.

326 932 1176 54 El señor obispo prometió á medias satisfacer aquel justo deseo; pero no

268 970 1233 52 contentas las ovejas con aquel incierto ofrecimiento, suplicaron de nuevo y

269 1007 1235 56 con tales instancias al pastor, que lograron alcanzar la formal promesa de una

271 1041 1233 57 nueva visita al mediar el dia próximo. En efecto, el reverendo prelado cumplió

271 1076 1236 55 leal y religiosamente su palabra, presentándose otra vez y como á hurtadillas

273 1114 1233 53 á la cita, en la que el primer espectáculo que se ofreció á su vista fué el de una

273 1149 1233 58 bien compuesta mesa cubierta de suculentos manjares, capaces de escitar el

273 1191 1146 49 apetito de un muerto. «¡Qué magnifica entrada!» pensaba para sí Collet.

303 1225 1207 54 Algun tiempo despues, refiriendo esta ocurrencia de su vida, decia el cé-

276 1257 1234 59 lebre aventurero: «Yo veia que aquellas beatas se miraban con confusion y se

272 1292 1236 62 hacian algunas señas, por lo cual inferí que tenian algo que decirme. Adivina-

273 1328 1237 58 ba el objeto de aquella mímica; pero obligado por mi carácter y autoridad á

277 1364 1233 66 guardar el secreto de la iniciativa, me impuse el deber de no dar pábulo á la

277 1403 1234 57 confianza de mis buenas beatas, las cuales seguian haciéndose gestos y de-

277 1437 1234 64 mostrándose su turbacion hasta el punto de obligarme á morder los lábios pa-

280 1475 1228 53 ra no soltar la carcajada. Por último, al servirse el café reinó más animacion,

280 1510 1228 63 y merced á ella una de las buenas mujeres me disparó un Monseñor... y quedó

279 1551 1231 59 confusa. Yo levanté los ojos para mirarla y la hallé turbada; creí pues que en

273 1585 1235 61 aquella ocasion estaba en el caso de animarla, é invitándola á esplicarse con

282 1619 1226 63 más libertad y confianza, la aseguré que tendria un gran placer en oirla y una

282 1655 1230 59 completa satisfaccion en complacerla. Entonces se le escapó un segundo Mon-

284 1688 1232 62 señor... y añadió: ayer manifestásteis que habíais escrito á vuestro mayordo-

285 1730 1232 62 mo á fin de que os remitiese algunos fondos, y nosotras; adelantándonos á

289 1767 1227 53 vuestro deseo, nos hemos tomado la libertad de reunir una pequeña cantidad

279 1804 1234 59 que tenemos la honra de ofreceros, esperando os digneis disimular este corto

289 1837 1228 60 obsequio, en gracia de la buena voluntad con que os le presentamos. Y esto

291 1872 1229 65 diciendo, me ofreció un bolsillo de terciopelo. Collet admitió los 8.000 fran-

298 1913 1223 62 cos que el bolsillo contenia, no sin manifestar alguna resistencia. Esto no

291 1944 1228 74 era más que un preludio. Al dia siguiente tomó prestados á un banquero
