1625 2289
729.0 132.0 132.0 34.0 — 7 —

136.0 162.0 1231.0 57.0 reció fácil y ligera. Complacido el superior de la conducta del novicio, mandó

136.0 204.0 1231.0 54.0 darle la tonsura clerical, y tres meses despues el obispo de la Valina le confi-

137.0 245.0 387.0 46.0 rió las órdenes menores.

189.0 274.0 1180.0 51.0 El convento enviaba todos los años una porcion de obreros destinados á

137.0 316.0 1232.0 48.0 la Pouille, y uno de ellos fué Collet. Apenas se pusieron en marcha dirigió el

137.0 349.0 1232.0 52.0 novicio la palabra á sus compañeros en los términos siguientes: «Hermanos

136.0 389.0 1234.0 47.0 mios, mis estudios son harto pobres para que pretenda aspirar al honor de ha-

137.0 423.0 1232.0 52.0 cer triunfar entre los fieles la palabra divina: por otra parte soy el más jóven,

136.0 460.0 1235.0 53.0 de modo que las funciones más humildes me tocan por derecho; llevad á bien

137.0 494.0 567.0 59.0 que yo me encargue de la colecta.»

189.0 534.0 1184.0 50.0 No habia razon ninguna para que fuera rehusada aquella carga, que era á

138.0 576.0 1235.0 44.0 la vez la más trabajosa y desagradable, y hé aquí á nuestro Collet con su palabra

138.0 611.0 1235.0 48.0 dulce, sus maneras de hombre corrido, sus oportunos chistes y sus contestacio-

139.0 643.0 1234.0 52.0 nes espirituales; ved aquí á nuestro hermano que empieza á vendimiar en la

139.0 680.0 1234.0 47.0 viña del Señor. Los primeros dias fueron las limosnas las más abundantes que

139.0 722.0 1232.0 43.0 se habian hecho hasta entonces, aumentándose la fama del hermano colector.

138.0 756.0 1236.0 46.0 De cierta táctica se valió Anselmo que en menos de un mes era tenido por el

139.0 789.0 1236.0 51.0 más hábil colector de la cristiandad, sin embargo de haber ahorrado 6.OOO fran-

138.0 830.0 1198.0 48.0 cos, que juntos á los que poseia ponia su caja particular en muy buen estado.

194.0 860.0 1180.0 51.0 Encantando el superior de la conducta y modestia del jóven clérigo, habló

141.0 899.0 1237.0 48.0 de la próxima ordenacion; pero Collet manifiesta con la mayor humildad que no

142.0 934.0 1229.0 56.0 se creia bastante digno aun, y á fin de captarse más la voluntad del superior,

141.0 971.0 1232.0 50.0 solicitó ser el encargado de doctrinar los niños para la primera comunion, cu-

141.0 1010.0 1234.0 49.0 yo cargo le fué conferido. Entre los que enseñaba era uno de ellos el hijo único

139.0 1047.0 1235.0 50.0 del síndico de Cardinal, circunstancia que Collet aprovechó para hacer alguna

139.0 1086.0 1235.0 45.0 que otra visita á aquel magistrado, que le recibió en su despacho donde tenia

139.0 1117.0 1231.0 52.0 las hojas de los pasaportes en blanco firmados por él; Collet, en unas de sus vi-

139.0 1158.0 1232.0 44.0 sitas robó una docena. Desde entonces todas las puertas se las encontraba fran-

139.0 1191.0 1231.0 53.0 cas. Era jóven, audaz, instruido; tenia oro... tenia papeles. Falta advertir que

139.0 1232.0 1228.0 48.0 Anselmo reunia al ardor de un jóven la sangre fria de un criminal consumado,

141.0 1266.0 1228.0 51.0 de modo que solo le faltaba ponerse en carrera. Así fué que determinó abando-

139.0 1303.0 912.0 44.0 nar el convento, queriendo hacerles un saludo digno de él.

197.0 1331.0 1176.0 58.0 Tenian los misioneros de San Pedro, en Nápoles, un banquero encargado

137.0 1369.0 1229.0 55.0 de cobrar las rentas de la comunidad, el cual venia con frecuencia á Cardinal,

138.0 1405.0 1232.0 52.0 donde poseia considerables bienes. Sobre esta base hizo girar Anselmo su tren

138.0 1440.0 1231.0 56.0 de batir, y aproximándose un dia al superior, le dijo: Padre mio, yo poseo en

138.0 1478.0 1231.0 51.0 Francia un beneficio de 10.000 francos; pero habiendo desertado, como ya sa-

139.0 1517.0 1228.0 56.0 beis, y no pudiendo dar á conocer mi retiro sin esponerme al mayor riesgo, he

138.0 1557.0 1228.0 51.0 cesado de percibir mis rentas. Por tanto, si vuestra reverencia accede á ello,

139.0 1588.0 1228.0 52.0 podré zanjar este negocio con el banquero ordinario de la casa, lo que me pue-

138.0 1630.0 1229.0 61.0 de poner en posicion de probar como deseo mi gratitud á la comunidad, á cuya

138.0 1660.0 592.0 52.0 generosidad debo tan venturoso asilo.

190.0 1698.0 1177.0 55.0 Al escuchar estas palabras el buen Abad, se conmovió hasta el punto de

139.0 1734.0 1228.0 60.0 derramar lágrimas. Id, hijo mio, le dijo con efusion; id á Nápoles y conducid

138.0 1773.0 868.0 48.0 ese negocios como mejor os plazca... ¡que Dios os guie!

176.0 1804.0 1186.0 65.0 —Yo confio en que vuestra reverencia no me negará una carta de recomen-

137.0 1837.0 420.0 52.0 dacion para el banqnero...

175.0 1874.0 1191.0 65.0 —Os la daré con toda mi alma... Pues qué ¿puedo yo rehusar algo á aquel

138.0 1910.0 505.0 54.0 á quien Dios no rehusaria nada?

189.0 1948.0 1167.0 58.0 Al dia siguiente por la mañana se dirigió Collet á Nápoles provisto de la car-

137.0 1987.0 1215.0 66.0 ta y además de una caja que contenia una sortija de gran valor que el superior
