1686 2199
745 233 151 22 — 21 —

197 247 1212 65 iras tuvieron todas las apariencias de la verdad. Collet, en tanto que hablaba,

188 290 1219 56 meditó sacar algun partido de su entrevista con el viejo señor de San German,

188 328 1223 62 pues nuestro caballero de industria estaba acostumbrado á no desperdiciar la

185 366 1223 60 más insignificante ocasion. Así pues, hizo creer al buen anciano que la for-

190 401 1215 55 tuna le habia favorecido como á un niño mimado, añadiendo que era rico, pe-

185 436 1221 62 ro que el oro no le bastaba: que su único deseo era el de servir de algo á su

186 469 1220 68 país, y que este deseo vehemente se habia hecho en él una necesidad; por lo

186 506 1219 59 tanto esperaba que su antiguo protector le apoyaría con su crédito é inmensas

186 547 1220 60 influencias, ofreciéndole en cambio un eterno reconocimiento. Creyendo de

184 576 1221 62 buena fé el señor de San German cuanto Collet le dijera, prometió su más efi-

184 616 1221 60 caz cooperacion, toda vez que tenia más crédito que fortuna; despues de esto

184 652 1221 57 le convidó á comer para el siguiente dia, á cuya invitacion quedó agradecido

183 687 1218 58 Collet, ofreciendo no faltar, promesa que cumplió puntualnente. En efecto,

183 729 1213 52 llegada la hora se presentó Collet en casa del viejo, y al sentarse á la mesa vió

182 763 1224 60 este encima de la servilleta un cartucho que contenia cien napoleones, can-

180 796 1225 65 tidad más que suficiente para producir el efecto que siempre produce el oro.

180 841 471 53 Collet logró su primer objeto.

237 861 1166 65 Pasados alguuos dias, Collet se hallaba sentado á la mesa del señor de San

179 905 1227 62 German en medio de dos jefes de division del ministerio de la Guerra. Durante

182 940 1221 62 la comida se habló largamente del jóven oficial Breciano, que era el mismo

180 977 1226 63 Collet. Se hizo mencion de todas sus desgracias y de las fatales ocurrencias que

182 1012 1220 60 le habian precisado á abandonar las filas, y por último, del modo expléndido y

179 1050 1226 64 noble con que pensaba emplear su inmensa riqueza. Lo cual unido á un mag-

179 1087 1227 57 nífico regalo enviado á cada uno de los jefes militares, produjo el efecto que

179 1123 1227 59 se apetecia. No se hizo esperar el resultado; pues dos dias despues el atrevido

179 1158 1227 58 ladron recibia el nombramiento de teniente destinado al 47 de línea. Los pre-

179 1197 1228 60 parativos de su viaje fueron tan rápidos como todas sus empresas, é inmedia-

179 1233 1223 59 tamente se trasladó á Lorient donde se hallaba el depósito del regimiento; pre-

180 1272 1227 58 sentóse al estado mayor, y tomó posesion de su empleo con destino á la tercera

180 1309 1225 54 compañía del tercer batallon. De este modo nuestro famoso criminal llegó á

179 1341 1228 56 obtener la posesion legal de un honorífico empleo en la milicia. Su riqueza

179 1375 1227 65 habida por medio del robo, contribuyó á hacerle representar un brillante pa-

179 1415 1228 58 perl entre sus compañeros de armas, y grangearle el favor de los jefes. Bien es

178 1450 1228 59 cierto que Collet, fuera de ser un malvado, tenia un aire distinguido y una pre-

179 1501 350 49 sencia de gran señor.

230 1503 1176 75 Pero Collet no podia vivir por mucho tiempo en una vida tan tranquila y

178 1557 1231 62 honrada. El mismo, al referir más tarde este período de su existencia, solia

179 1596 1229 55 decir, que su ambicion no quedaba entonces satisfecha; pues los felices resul-

179 1633 1230 62 tados que habian tenido todas sus empresas aumentaban su audacia, y le ins-

179 1674 832 52 piraban el deseo de arriesgarse en nuevas aventuras.

233 1693 1175 63 Poco tiempo tardó en amistarse con todos los oficiales del regimiento, y ha-

179 1739 1230 56 biéndolos convidado á un gran banquete, les trató como á príncipes; porque

180 1775 1229 61 Collet tenia formada la idea de probar fortuna en aquella ocasion, sin renun-

182 1814 1226 63 ciar por esto al carácter de oficial que consideraba como una especie de sal-

183 1854 437 49 vaguardia para lo sucesivo.

233 1870 1173 71 Supo Collet que por aquel tiempo habia en ltalia cierta clase de religiosos

178 1920 1227 52 de la órden de San Agustin, los cuales por bula del Santo Padre eran enviados

178 1957 1224 53 por toda la cristiandad con objeto de hacer la colecta ó cobranza del diezmo,

178 1996 1227 50 que casi siempre ascendia á sumas bastante respetables. No aguardó mucho

179 2032 1226 46 nuestro caballero de industria á poner en plata la idea que le sugi.iera esta

178 2064 1227 73 noticia. Inmediatamente falsificó una bula por la cual aparecia ser nombrado
