1668 2302
721 122 161 63 — 13 —

188 198 1217 42 salzando la humanidad del Salvador del mundo, en la Cátedra de la verdad. El

191 228 1212 49 adron, asesino, el falsario manchado de mil sacrilegios, es el mismo que ver-

181 264 1220 50 tiendo un torrente de lágrimas, habló de Dios hecho Hombre y de los crueles

180 306 1223 49 tormentos que le esperan al que le plugo nacer en un establo: que llamó á sí á

180 338 1220 50 los pobres y á los débiles y que consuma la redencion de los hombres á true-

180 375 1215 52 que de su sangre. Tal fué el efecto de su discurso que al descender del púlpito,

180 410 1219 54 recibió la felicitacion de todo el clero, ínterin los sacerdotes de los cercanos

179 447 956 54 pueblos le rogaban se dignase ir á predicar á sus parroquias.

228 482 1170 55 Collet en estremo orgulloso no cabia en sí de alegria, y en muchos meses

177 528 1221 44 no pasó una festividad en que no arrancase un lauro más su elocuencia, ya en

180 563 1218 44 Gap, ora en las parroquias vecinas. Creció de un modo tan notable su reputa-

180 593 1218 56 cion que habiendo vacado el curato de Monottier, el Obispo no creyó poder dis-

179 629 1215 57 pensarse de ofrecerlo al P. Liborio. Esto operaba en la posicion un cambio,

185 666 1210 54 y á Collet sobre todo eran los cambios lo que más le placia. Aceptó, y sin per-

177 699 1219 54 der tiempo dispuso su marcha. Recibió dos horas antes de verificarla la visita del

179 736 1217 56 alcalde de Monottier, que venia á hacerle presente los homenajes de sus futuras

177 773 1219 54 ovejas, ansiosas de ver y admirar á su querido y deseado pastor. El magistrado

176 809 1219 55 lugareño se empeñó en acompañarle hasta la parroquia, deshaciéndose en cum-

177 847 1218 61 plidos ofrecimientos al paso que le servia de guia. Salieron á recibirle las perso-

177 883 1218 58 nas más notables, arengándole en un estilo florido y patético. Al siguienle dia

176 920 1218 51 era domingo y ya Collet en el ejercicio de sus funciones, cantó la misa mayor,

177 955 1217 61 luego las vísperas seguidas de un sermon ó discurso paterno, el que fue aco-

179 998 1109 54 gido con respeto y admiracion, pues nunca obtuvo menos su elocuencia.

231 1025 1165 64 Al entrar en el presbiterio oyó los entrecortados sollozos de una anciana

176 1069 581 57 que vertia un torrente de lágrimas

209 1106 660 50 —¿Qué teneis, buena mujer? le preguntó.

207 1139 1187 56 —¡Ah señor! Hace veintitres años que sirvo en esta santa casa y hoy me

177 1177 1213 50 veo espuesta á morir de hambre, pues presumo que vos tendreis quien os sirva.

211 1209 1181 62 —Quedaos y estad tranquila, buena mujer. El curato antes que á mí os per-

181 1250 684 53 tenece. Continuad pues vuestros servicios.

232 1284 1150 60 El lunes partió Collet para Gap, con el objeto de trasportar sus muebles

176 1321 858 53 volviendo á Monottier con el criado que habia tomado.

231 1356 1160 53 Multitud de personas se agrupaban para descargar los carruajes; pero se

173 1388 1219 62 contenta con darles las gracias y convidarles á comer para el dia siguiente. Los

173 1427 1218 62 semblantes de aquellos honrados cuanto sencillos campesinos estaban animados

172 1468 1222 58 por la más viva alegría. Nuestro nuevo cura es más rico que el Obispo, decian

172 1503 1222 57 entre sí, y sobre todo, que es un buen hombre. ¡Oh!... ¡Es un gran hombre

172 1539 1219 59 nuestro cura.! ¡Pobre rebaño! que tan cándidamente te abandonan en las gar-

172 1571 1223 62 ras de un lobo cubierto con la piel de oveja. ¡Pobres ovejas, el lobo ha entrado

172 1611 919 51 en vuestro redil!... ¡Desconfiad de sus tramas engañosas!

199 1643 1193 61 La llegada del dean en el domingo siguiente tuvo por objeto la instalacion

172 1679 1223 57 del nuevo cura, el que lo hizo en nombre del Obispo. El mencionado dean di-

171 1716 1223 57 rigió á los fieles una enérgica aunque corta alocucion probando la ventaja de

173 1758 1221 54 tener un pastor acepto á los ojos de Dios. Hallábase Collet halagado por las

173 1790 1221 56 ilusiones más lisonjeras, y reconocido á su obsequioso panegirista le convidó

173 1827 1216 52 á comer en union de las personas más notables de la parroquia: sobre mesa,

172 1862 1218 56 se habló con bastante extension de la confianza que Collet inspiraba á sus su-

171 1897 1221 60 periores, del amor que animaba á sus feligreses y de los ópimos resultados que

170 1936 1164 56 produciria tan buen precedente utilizados por el nuevo é inteligente curita.

223 1970 1166 53 Collet estaba en estremo contento: habian halagado su orgullo con demasía

167 2006 897 65 y ya sabemos que en Collet, era esta la pasion dominante.
