1709 2354
858 215 129 59 3—

283 286 1233 42 por el Papa canónigo honorario de San Agustin con' autorizacion de colectar

290 317 1229 51 y formar un establecimiento religioso de aquella órdens en Francia. Al mismo

285 354 1231 51 tiempo fingió una carta que hizo creer le remitia su familia, por la que le ins¬

285 385 1232 58 taban á que se presentase con objeto de arreglar asuntos de interés, para lo

285 427 1234 46 cual era necesaria su cooperacion. Collet mostró esta carta á su comandante

285 464 1234 47 quien le dió ámplia licencia; manifestando no hallar reparo en concederla por

286 496 1231 55 el tiempo que solicitaba, siendo tan urgentes los negocios para que se le llamaba.

338 530 1178 58 Con el mayor apresuramiento terminó Collet los preparativos de su viaje,

287 568 1233 50 habiendo alcanzado antes del coronel el permiso para dos meses; permiso que

289 608 1231 52 obtuvo no sin algun trabajo, pues por aquel tiempo eran estas gracias muy ra¬

290 642 1231 48 ras y dificiles de lograr. Inmediatamente despues de cumplidas estas formalida¬

289 682 1232 43 des, salió de Lorient resuelto á visitar todos los departamentos del Norte. Dis¬

289 712 1232 51 frazado nuevamente con la setana se presentó á los prefectos y principales au¬

291 751 1230 53 toridades de los pueblos, manifestando que era el designado para formar y di¬

293 789 1231 51 rigir en Francia una nueva institucion religiosa, lo cual acreditaba por medio

295 826 1229 46 de sus despachos y autorizacion de colectas. El éxito coronó sus intentos; pues

295 863 1229 51 habiendo esplotado los departamentos de Ville et-Vilaine, L'ome, la Mayen¬

297 898 882 48 ne y algunos más, hizo provision de considerables sumas.

353 928 1172 58 Mas tarde pasó á Boloña, en cuyo punto agregó á su depósito una buena

299 967 1225 51 porcion de oro procedente de las arcas públicas; pero el sub-prefecto del dis¬

299 1005 1226 47 trito, sospecbando si tal vez aquel reverendo agustino podia ser un ratero dis¬

300 1040 1225 48 frazado con habito, dispuso la prision del canóigo colector. Pero las devotas

300 1081 1227 48 hijas que cuidaban á la paternidad de Collet previnieron á este la tempestad

299 1119 1228 46 que estaba próxima á estallar sobre su cabeza, y con tal aviso nuestro astuto

303 1154 1224 43 ladron tuvo tiempo de ponerse en salvo escapando apresuradamente de Bolo¬

303 1188 1225 50 ña. Apenas se detuyo en la primera posada, vistió un uniforme de comisario

300 1222 1227 49 ordenador que lucia sin el menor escrupulo; y derramando el dinero á trueque

302 1262 1226 44 de conseguir buenos y ligeros tiros de posta, llegó sano y salvo á Lorient donde

303 1294 1225 50 fué recibido por sus camaradas con el mayor agasajo, toda vez que ni uno solo

304 1335 1224 48 pudo sospechar el uso que Collet habia hecho de sus dos meses de licencia. Ya

303 1367 1225 54 pasado el emsancio del viaje, su mayor cuidado fué el preparar un espléndido

304 1403 1224 55 banquete á todo el estado mayor del regimiento, para cuyos gastos contaba con

303 1441 1225 48 orosuficiente; pues la cobranza del diezmo en los dos meses, le habia producido

306 1479 549 51 sobre co ooo francos más ó menos.

358 1517 1170 49 Hecha pública esta resolucion de Collet todos se esmeraron en felicitarle por

304 1549 1007 56 su pronto regreso elogiárdole el modo con que hacia las cosas.

358 1585 1173 54 Al principio de la comida, Collet era un escelente amigo; poco despues era

306 1622 1223 54 un escelente mozo y el compañero más cordial que haya existido; á los postres

308 1659 1223 55 y ya que las cabezas estaban llenas con los vapores de esquisitos vinos, Colles

307 1694 1227 55 era tenido y respetado como lo hubiera sido un Dios entre los paganos. Hé aquí

306 1732 1226 54 justificado aquel axioma que dice: «el hombre en un banquete es un esclavo:»

307 1768 1224 57 porque efectivamente; la comida lo puede todo, y todo se consigue comiendo.

361 1804 1171 55 Cuando nuestro héroe hubo comprendido que los espiritus de sus convida¬

306 1841 1226 56 dos se hallaban en disposicion de sujetarse á sus miras, entonces se propuso

307 1879 1025 55 aprovechar la ocasion y sacar todo el partido que le fuese posible.

363 1910 1168 54 Una vez meditadas rápidamente las consecuenencias del proyecto que iba á

308 1952 1224 55 realizar, se dirigió á sus compañeros y les dijo: señores; despues de la bondad

308 1987 1224 67 que me habeis demostrado felicitándome por mi viaje, es deber mio revelá¬

308 2027 299 60 roslo, todo, todo...

352 2050 952 65 —Sí, Sí: bablad, replicaron á una yoz todos los concurrentes.

346 2093 1185 72 —Pues bien, ya que lo deseais, sabed que la causa primordial de mi viaje ha
