1733 2369
788 146 247 59 — 32 —

288 206 1239 55 —Porque aseguran que tiene en su cuerpo todos los diamantes de la corona

279 249 364 43 —Y cuándo saldrá?

318 284 386 45 —Cuando los restituya.

335 309 1088 55 Un instante despues oyó Collet al ayudante de la víspera que decia:

329 355 670 46 —Se ha abierto el calabozo á ese hombre?

283 390 370 49 —No.

327 431 649 46 — Pues que no se abra sin mi presencia.

323 466 173 43 —Basta.

310 485 1221 66 El ayudante no tardó en volver. Hizo algunas preguntas sobre Collet, y di-

283 535 866 46 rigiéndose al bandido le preguntó cómo se encontraba.

330 571 1197 51 — No muy bien, le contestó Collet, y extraño mucho este trato cuando en na-

283 604 994 60 da he faltado á los reglamentos. Conducidme ante el comisario...

322 642 299 48 —Nada más fácil...

287 671 1237 66 Y el ayudante desapareció, cerrando la puerta tras de sí y dejando á Collet

288 722 230 43 esperándole.

341 733 1190 75 El consuelo empezó á penetrar en el corazon de Collet, cuando el 25 de Di-

284 785 1246 54 ciembre, quince dias antes de cumplir su condena, fué atacado de una grave

284 825 1006 47 enfermedad que le habia de conducir poco despues al sepulcro.

337 855 1195 55 Collet, que veia reflejar el sol de su libertad en la cadena, quiso luchar con

285 892 1241 56 la muerte; ¡pero era lucha desigual! debia morir, y murió. La venganza divina

285 939 193 49 le alcanzó.

341 967 686 52 Las últimas palabras de Collet fueron estas:

346 1000 1184 56 «Un solo pesar me acompaña al bajar al sepulero. El pesar de morir galeote.»

345 1043 800 52 Tal fué la vida de Collet... tal fué su muerte.

341 1075 1190 58 Al decir estas palabras aquel hombre audaz, aquel bombre sin temor ni

288 1110 1243 66 vergüenza á todo lo de este mundo, cerró los ojos para no volverlos á abrir

288 1154 116 55 jamás.

849 1482 109 89 FIN.
