1657 2279
695 134 147 59 — 5 —

141 193 1238 55 modo que sin despedirse de ninguno de sus conocidos se marchó á casa de su

141 234 1233 47 tio materno, cura de la parroquia de San Vicente en Chalon-sur-Saone. El buen

140 267 1231 49 cura acojió tiernamente á su tierno sobrino y escribió al abuelo que él tomaba

141 302 1230 56 á su cargo la educacion y porvenir de Anselmo. Los acontecimientos políti-

140 339 1231 50 cos turbaron, empero, la tranquilidad del venerable pastor: pretendieron hacerle

140 381 1231 49 jurar la fidelidad á la república, negóse él á prestar tal juramento y en su con-

140 410 1231 53 secuencia se vio obligado, para no perder la vida ó la libertad, á huir á Italia á

140 452 1230 51 donde se llevó á su sobrino á quien amaba con toda su alma. En cuanto llega-

139 478 1227 61 ron á Florencia, el arzobispo de Albi, Francisco de Bernis, detiene al tio y

139 519 1229 58 le agrega en calidad de capellan á su servicio, y Anselmo es conducido al con-

141 557 918 48 vento de San Lázaro, en donde debia seguir su educacion.

196 597 1172 44 Pasaron cuatro años, en los cuales Collet se familiarizó, por decirlo así, con

140 626 1228 55 la liturgia, la que de mucho le servió para la ejecucion de sus detestables bro-

140 663 1225 57 mas, y aprendió el italiano con tanta facilidad que lo hablaba ya como un hijo

139 702 1227 52 del país. En cuanto á lo demás, su educacion fué tan descuidada que apenas

139 743 1227 45 sabia las nociones preliminares de aritmética, cuando terminados los trastornos

139 772 1227 57 revolucionarios, regresó á su país. Llegado que hubo á su pueblo se encargó

139 815 1229 49 de su educacion un hermano de su padre, y por su influjo entró en el Pritaneo

139 844 1227 61 de Fontainebleau, escuela militar establecida para la instruccion de los oficia-

138 886 190 50 les jóvenes.

190 915 1173 54 A principios del año 1801, diez meses despues de su entrada en el colegio,

138 953 1226 53 salia Collet con su despacho de subteniente con destino al regimiento núm. 101,

138 990 1227 57 que entonces se hallaba en Brescia, y fué colocado en la 5.ª compañía del ter-

138 1029 1227 49 cer batallon.—De este modo iba adquiriendo Anselmo los conocimientos que

138 1063 1226 53 debian servirle en el porvenir para fingirse obispo, general, inspector, etc. etc.;

138 1097 1227 56 lo que á la verdad era más fácil de lo que á primera vista parece. Muchos

138 1138 1226 50 eran los sacerdotes que en aquella época de trastorno general sufrieron los azares

136 1169 1228 55 de la emigracion, por lo que no era fácil que hubiese en el personal del clero

138 1211 1226 55 una grande regularidad, y con esto la facilidad de abrogarse cualesquier título

138 1244 1225 53 eclesiástico. Por otra parte, la Francia estaba en guerra con la Europa entera;

136 1280 1228 55 los oficiales superiores, hoy estaban en una parte, mañana en otra, y á esto

138 1314 1227 59 puede añadirse que el ministerio más de una vez descuidaba el dar á conocer

138 1350 1227 62 oficialmente la mision de que se encargaba á este ú otro general. En el con-

138 1390 1225 63 texto de la historia veremos las grandes ventajas que supo sacar Collet de este

138 1438 272 56 estado de cosas.

632 1542 252 62 CAPITULO II.

138 1642 1228 67 De cómo Collet persuadido de que no todo es brillo en el servicio militar, se

167 1688 1199 55 prometió formalmente abandonarle para siempre.—Primer goce de

169 1720 1197 58 Collet.—Determínase á tomar el hábito de novicio en el convento de

169 1756 1197 57 S. Pedro de Cardinal, donde hace patentes sus cualidades de estafa-

168 1794 1195 59 dor.—Collet hecho marqués de motu propio se salva en  fuerza de su

167 1835 576 57 audacia de un inminente peligro.

184 1921 1182 61 Jamás faltaron á Collet ni valor ni audacia; pero su ambicion más era por las

134 1967 1234 48 riquezas que por la fama, de modo que ningun apego tenia á la profesion de

135 2008 1228 72 las armas. Poco alternaba con sus compañeros, y en vez de asistir á sus reu-
