1733 2189
800 164 168 19 — 31 —

233 182 1237 68 rente, se habia captado la voluntad de sus superiores. Por su desgracia un dia

235 226 1235 59 le sorprendieron unas cartas que habia recibido de fuera, sin que tuviese no-

235 261 421 49 ticias de ellas la autoridad.

289 299 1176 63 De resultas de este contratiempo, y por haber faltado á los reglamentos,

232 334 635 57 fué trasladado á la cárcel de Rochefort.

287 368 1180 61 Segun dice el mismo Collet en una relacion de este penoso viaje, no tuvo

232 407 1234 64 motivo mas que para elogiar á la gendarmeria; cuando llegaron á las puertas

233 445 1233 62 de la ciudad salió á recibirlos un ayudante encargado de la cárcel, cuya her-

231 481 1234 60 mosa figura causó una impresion muy grata á Collet. El cuartel-maestre echan-

233 516 754 62 do pié á tierra, dijo señalando á nuestro héroe:

269 550 848 66 —Este hombre no es tan criminal como se pretende.

268 586 1196 71 —Tanto mejor, exclamó el ayudante; sin embargo, ponedlo en lugar seguro.

287 627 1177 63 La ciudad de Rochefort se puso en movimiento para ver á Collet; su fama

231 659 1232 68 le habia precedido, fué necesario usar del rigor para abrir camino á Collet por

233 701 1233 65 entre los grupos del pueblo que en revueltas oleadas estorbaban el paso. Collet

231 740 1233 63 estaba acostumbrado á estas ovaciones, aunque no sin esperimentar cierto sen-

229 771 1235 68 timiento de religion á las curiosas miradas de la multitud. Tal es nuestra mi-

231 809 1234 70 seria; el mal del prójimo nos divierte, y si casualmente la vista de algun galeo-

227 843 1236 69 te se fija en la nuestra, tenemos un momento de sensibilidad y de compasion

229 881 1231 68 hácia aquel desgraciado, pero bien pronto nosotros mismos sabemos apartar-

229 920 1234 68 nos de ella con esta reflexion:—Quien la hizo que la pague; él se tiene la

231 952 130 47 culpa!!!

287 985 1173 77 Y vemos la cárcel que baña sus deformes pies en las olas. El preso suspira

228 1031 1226 67 mejor en su encierro, aunque su situacion es la misma: el arrepentimiento y

226 1056 703 73 la paciencia le ayudarán á soportar su rigor.

282 1100 1173 74 El comisario recibió á Collet en su despacho, y lo entregó en seguida al ayu-

228 1130 727 75 dante que le habia salido á recibir, diciéndole:

266 1169 498 61 —Haced lo que os he ordenado.

282 1205 907 70 Una órden tan terminante y enérgica desconcertó á Collet.

280 1245 1170 69 ¿Qué van à hacer? Porque ellos lo pueden hacer todo... Ref̃lexionó el ban-

226 1280 1226 73 dido, ¿habrán imaginado festejar mi instalacion con una paliza de mano de

227 1323 159 43 maestro?.

279 1348 489 68 ¡Quién sabe! dejémosles hacer!

262 1396 1186 62 ¡El cordero ofrece su cuello al tajo, y el esclavo las espaldas á su señor!

278 1426 461 60 Hé aquí lo que habia pasado.

276 1466 1172 68 Se sospechaba que Collet tenia los diamantes de la corona y por asegurar-

221 1503 1229 63 se de ello se le registró escrupulosamente en un rincon del vestíbulo. Conclui-

222 1533 776 64 do el registro se le encerró en el calabozo núm. 2.

274 1574 1176 68 Los calabozos están dispuestos de manera que los huéspedes que han de ha-

218 1610 1227 70 bitarlos puedan oir todo lo que los jefes hablan, por cuya razon saben los pre-

218 1645 1058 69 sos los más grandes secretos. ¡Esto á lo menos es una compensacion!

274 1684 1176 74 Hé aquí la que tenian dos celadores, y que Collet escuchó sin perder una

221 1717 137 46 palabra.

259 1751 315 61 —¿Llegó el obispo?

259 1792 1185 68 —Llegó, y si viéras lo gordo que viene y lo medrado; pero no temas, que

218 1829 1221 75 cuandohayan pasado algunos años por él en estos encierrosno estará tan rollizo.

257 1858 433 68 —¿Y dónde lo han llevado?

256 1894 228 50 —Al calabozo.

259 1927 356 68 —¿Pero qué ha hecho?

255 1966 134 45 —Nada.

249 1998 575 85 —Nada, ¿pues por qué le encierran?
