1678 2294
798 174 168 66 — 28 —

286 240 1204 58 gendarmrs repuestos inmediatamente desnudarou los sables; pero ya era tarde

276 280 1214 56 el hecho se habia consumado. El juez y el escribano se habian quedado como

279 316 1211 52 estatuas en sus sillas; aquel golpe inesperado les habia aterrado de tal modo

274 353 1216 57 que no podian articular palabra; fué un chasco completo. En el acto se me co-

276 389 1215 58 gió bruscamente, atándome á la pared de mi calabozo. Tres meses trascur-

270 426 1219 64 rieron en este estado horrible, hasta que se me sacó de él para seguir la cuer-

271 461 721 78 da de presidiarios que debia marchar á Tolon.

751 675 237 80 CAPITULO X.

275 844 1215 65 De cómo Collet hallándose otra vez entre sus compañeros de armas, es

308 885 1186 61 nuevamente preso y procesado por estafador, sufriendo por último la

308 920 942 57 condena en un presidio, de donde salió al cabo de un año.

330 1074 1169 60 El largo periodo de un año permaneció nuestro héroe en la cárcel de Galeo-

275 1111 1220 65 te, donde se mostró muy resignado, al cabo del cual logró su libertad y fijó su

275 1149 1221 62 residencia en el pueblo de Pausin, departamento de Ain. Todo galeote despnes

276 1190 1220 53 de cumplida su condena es vigilado por la policía, y hay alguna s ciudades en

276 1227 1220 56 que la autoridad ejerce esta vigilancia con sumo rigor. Las autoridades de Pau-

276 1260 1219 59 cin observaron tal couducta con respecto á Collet, que le hicieron su yugo in-

277 1293 1218 63 soportable. Desesperado de las persecuciones de que todos los dias era objeto,

276 1330 1220 56 huyó provisto de todo el dinero que pudo reunir y marchó á Tolosa, donde en-

276 1367 1220 56 contró el modo de ser admitido entre los hermanos de la doctrina cristiana.

276 1403 1218 58 El director de aquella santa casa en que Collet depositó una fnerte cantidad de

276 1443 1223 53 dinero, trataba al bandido con las mayores atenciones. Seis meses hacia que

279 1479 1219 59 se encontraba en aquel asilo del cual no pensaba salir en mucho tiempo ha-

277 1517 1218 56 siendo propósito de reparar sus crímenes, por medio de una penitencia y ob-

280 1550 1216 55 servando una cónducta sin tacha. Un dia tuvo un encuentro que hizo cambiar

279 1587 1219 59 del todo su propósito; un tal Baudin que habia conocido en las cárceles de

280 1622 1219 56 Montpellier, le reconoció. Collet le hizo callar á fuerza de oro, Baudin aumen-

280 1655 1220 60 taba sus exigenclas, de modo que nuestro héroe no tenia ni encontraba más

279 1693 1220 58 recurso que la fuga. Teniendo que dejar á Tolosa, determinó dejar la ciudad

281 1730 1221 60 por no fugarse con las manos vacías. Fingió nuestro astuto ladron una carta

280 1771 1218 56 en que se anunciaba el envío de 100.000 francos, producto de la venta de

280 1803 1218 60 una de sus propiedades. Los directores de la doctrina cristiana preguntaron á

280 1840 1218 56 Collet en qué pensaha emplear aquella cantidad tan enorme, á lo que respon-

279 1874 1212 56 dió que sus intenciones eran comprar una finca en beneficio de la órden, y

280 1910 1222 60 en agradecimiento de haberle admitido en el número de sus religiosos. Los

279 1951 1223 53 buenos hermanos le abrazaron y dieron gracias al Señor, bendiciendo el dia

280 1985 1218 57 en que abrieron las puertas de su casa á un hermano tan bueno y que tan in-

280 2017 738 52 mensos sacrificios hacia por el bien de la órden.

327 2058 1172 63 Algunos dias despues Collet, habia combinado sus planes; fué á visitar al
