1641 2342
514 170 446 91 HISTORIA.

262 305 1013 90 DE LAS CÉLEBRES AVENTURAS

419 438 694 122 DE ANSELMO COLLET.

581 754 393 59 CAPITULO PRIMERO.

165 860 1243 95 Orígen, carácter y educacion del héroe de esta verídica historia.—Pri-

193 917 1212 75 meros hechos que justifican su reputacion de hombre astuto.—Es admi-

186 952 1232 83 tido en clase de educando en el convento de San Lázaro, en Florencia.

193 999 725 74 —Su entrada en la carrera de las armas.

162 1105 1247 77 DAREMOS principio á la historia de nuestro héroe, relatando en pocas palabras

162 1146 1244 75 algunos pormenores de su infancia. Nació el 10 de Abril de 1785. Su cuna

163 1186 1245 70 fué Belley, pueblo situado en el departamento del Ain. Apenas contaba ocho

165 1219 1246 69 años, cuando á consecuencia del sistema de terror que dominaba en Francia, el

167 1255 1246 68 padre de Collet, artesano que tenia algunos intereses, determinó alistarse en el

167 1293 1243 70 batallon de voluntarios de su pueblo, y al poco tiempo obtuvo la graduacion de

167 1327 1243 70 capitan y despues la de jefe del batallon, con cuyo grado murió en el sitio de

170 1367 1241 70 Montone. El jóven Anselmo (tal era el nombre de nuestro héroe), quedó huér-

169 1399 1242 75 fano de padre, al cuidado de su madre, cuyos recursos para en adelante de-

171 1439 1243 72 bian de ser algo escasos, y así fué enviado á casa de su abuelo para que este se

171 1472 1243 75 encargara de su educacion. Débil el anciano y astuto el niño, más de una vez

173 1513 1244 69 se vió perplejo el pobre abuelo sin saber de qué medio valerse para cortar en

174 1548 1008 67 su principio las contínuas travesuras de su endiablado nietecito.

184 1582 1234 69 —Amigo mio, le dijo un dia el general D... que vivia cerca de su casa, de

174 1622 1247 69 poco os apurais. Oid un consejo y de fijo que os surtirá efecto: acariciad con

175 1658 1244 72 una baqueta de fusil las espaldas de vuestro revoltoso nieto, y ya sabreis decir-

176 1692 1243 74 me el resultado. El viejo siguió el consejo de su amigo; pero Collet que lo ba-

176 1725 1246 71 bia oido dar, guardó en su corazon el deseo de la venganza; y se vengó. Al dia

179 1763 1242 74 siguiente salió en busca de todas cuantas nodrizas pudo encontrar cerca de Be-

178 1799 1244 75 lley; las decia que iba de parte de la generala D... que efectivamente se hallaba

179 1839 1244 73 en cinta, y ya bastante adelantada. El primer dia encontró nueve, y las citó pa-

180 1873 1242 72 ra que se presentaran el domingo próximo á las doce en punto en casa del ge-

182 1910 1244 71 neral. Muchas fueron las nodrizas que reclutó el niño Anselmo durante los cin-

182 1947 1244 68 co dias que empleó en sus diligencias, y á todas encargó que se presentaran el

183 1985 1244 79 mismo dia, á la misma hora y en el mismo sitio. La idea de ser nodriza de un
