1623 2360
699 154 164 54 — 11 —

143 197 1242 78 do que así que los tuvo en su poder, aceleró su apresto de viaje y sale de Roma,

149 243 1245 67 no sin que antes lo hubiera bendecido el cardenal. Viajaba á cortas jornadas:

141 275 1247 72 cómodamente llegó por último á Turin donde su estrella estuvo á punto de

141 317 1239 69 eclipsarse. Apenas se habia apeado del carruaje cuando un agente de policía

141 350 400 56 le pidió sus documentos.

190 386 1190 75 —Me equivocais sin duda, replicó el bandido, eso no se pide al que posee la

140 430 619 47 confianza y amistad del cardenal Fesch.

179 460 970 59 —Precisamente por aviso del cardenal, es por lo que lo hago.

177 499 1221 68 Todo se ha descubierto, amiguito, y sé que traeis una suma de mas de 300.000

139 534 1236 67 francos. Lo que no comprendo, señor ladron, es como despues de un negocio

139 571 610 53 tan bueno viajais á pequeñas jornadas.

191 604 1181 69 Collet conoció que toda la audacia seria inútil, pues que estaba descubier-

139 641 1234 73 to y tan bien enterado, y se decidió á hablar con franqueza al comisario, di-

139 677 157 49 ciéndole:

175 715 1197 69 —Puesto que todo lo sabeis, debiérais tambien saber que no se prende á un

139 752 1014 60 hombre tan facilmente, cuando este es dueño de 3OO.OOO francos.

191 793 984 57 El comisario soltó una carcajada que no desconcertó, á Collet.

178 829 1191 67 —No se le prende, continuó Collet, cuando el hombre está dispuesto á ce-

136 862 533 49 gar al otro sacrificando mil luises.

173 900 454 49 —¡Oh! sois muy lisonjero...

167 930 1202 66 —Pues bien, tomad; y sacando de su cofre mil piezas de á 20 francos, las

135 967 1237 76 entregó al agente de policia que salió diciendo que no habia tratado en su vida

133 1013 374 45 otro hombre tan bueno.

184 1043 1025 70 Diez minutos despues, Collet se dirigia rápidamente á Lugano.

621 1232 267 84 CAPITULO IV.

216 1410 1046 109 Donde se dicen mil curiosidades que podrá saber quien lo lea.

177 1628 1182 64 Solo tuvo necesidad Collet de pasar algunas horas en Mandoví para trasfor-

125 1663 1232 70 mar todo su tren: compró un traje de teniente general, uno de Obispo y otro

124 1699 1230 67 de simple sacerdote; contrahace los papeles necesarios para ser tenido por un

123 1735 1229 71 sacerodte de Nápoles, con cuyo carácter entró en Lugano. En esta ciudad des-

122 1773 1229 71 cansó algunas horas, no haciendo alarde del oro, por no hacer recaer sospe-

120 1814 1232 63 chas sobre él. Cuando ya se juzgaba seguro para abandonar su retiro, se enca-

120 1844 1227 67 minó á Francia. En Brianzon recibe al clero de la ciudad, les habló y aquellos

122 1881 1225 64 sacerdotes se admiraban de que un sacerdote napolitano hablase tan correcta-

120 1919 1226 68 mente francés. Collet les mostró su acta de eclesiástico; esto era suficiente pa-

120 1952 1227 67 ra destruir la más grave sospecha, y aquellos buenos eclesiásticos para hacer,

119 1990 1229 72 los honores de su iglesia á su hermano de Nápoles, le rogaron que dijese la mi¬

118 2028 703 68 sa mayor al dia siguiente, que era domingo.
