1687 2387
840 201 144 56 — 3O —

274 267 1236 43 nuel 6.000, y 100 luises por último del comisario de policía, cuya casa habi-

277 295 1230 51 taba. Hecha esta recoleccion, su excelencia desapareió riendo á más y mejor

275 336 1232 47 de estas inocentes burlas que acababa de dar á las que se proponia añadir otras

275 371 663 45 tan pronto como se le presentase ocasion.

330 397 1179 60 Collet llego á Maus, patria de los más astutos rateros: poca variacion hizo en

277 445 1230 45 su persona de conde de Golo, se trasformo en conde de Gallat; y con este nue-

277 478 1230 52 vo título se presentó en aquella poblacion, en la que poco despues habia de

275 515 1232 55 caérsele la máscara. Apenas llegó se instaló en una suntuosa habitacion, se

277 551 1226 48 rodeó de un número considerable de criados, repartió limosnas numerosas, y

277 584 1229 56 compró algunas fincas sin reparar en el precio. Pronto adquirió infinitas rela-

278 623 1228 51 ciones, tenia además muchos miles de francos, y crédito sobre propiedades;

279 659 1228 51 esto, como se deja facilmente comprender, le daba mucha importancia. La pri-

278 692 1229 54 mer finca que más agradó al señor conde fué la Chouanais que pertenecia á

282 733 1225 50 Mr. Duronceret. Cerrado que fué el trato, el propietario rogó á Collet que con-

279 771 1230 47 servase á los arrendadores, atendiendo su honradez y su celo por el bien de

279 804 1228 46 la finca. El señor conde no tenia motivo para obrar de otro modo, y accedió

278 840 1231 49 al ruego de Mr. Duronceret. Pasados que fueron algunos dias, trató de la ven-

281 872 1228 50 ta de aquella propiedad con Mr. Trolait-Gabaut, joyero, á quien se la enagena

279 912 1228 45 en cambio de diamantes; no satisfecho con haber vendido una finca que aun

279 950 1227 48 no habia pagado, vende al mismo joyero unas tierras que no existian sino en

278 979 1228 48 la imaginacion de Collet. Este hecho que parece increible y que nosotros no

281 1017 1226 51 nos atreveríamos á estamparlo en este lugar si no resultase probado en las jus-

279 1051 1228 56 tificaciones, de cuyas resultas nuestro héroe fué enviado por segunda vez á la

281 1088 749 45 carcel de Galeotes, de donde no debia salir mas.

334 1120 1172 65 En Maus como en Tolosa, como en todas partes, Collet empezaba por pro-

281 1155 437 47 digar el oro á su alrededor.

336 1180 1170 58 El objeto de estas solicitudes del bandido eran los pobres, y esta especie de

279 1233 1227 42 aureola de algunos benefieios hábilmente distribuidos, con que le habian co-

278 1270 1227 45 ronado, le libró algun tiempo, pero llegó un dia en que la justicia divina ha-

279 1303 1227 46 bia de mostrarse propicia hácia aquellos seres á quienes tan hábilmente habia

279 1342 1226 47 escamoteado. Collet supo que circulaban rumores sobre él en la ciudad; sin

281 1376 1225 49 pérdida de tiempo compró un carruaje y caballos que paga con un billete fir-

278 1416 1225 45 mado por conde Gallet, y á la media noche, con los abundantes productos de

279 1445 1224 54 sus raterías dejó aquella ciudad; pero todo fué inútil: la policía le persigue con

277 1485 1226 50 ardor, hasta que por fin cae en su poder, conduciendole á Maus y encerrándo-

277 1518 285 45 le en una prision.

330 1548 1173 57 El velo que ocultaba á aquel miserable se descorrió con la sumaria que hu-

275 1587 1224 54 bo que formarse al bandido: entonces se vió tal como era á Anselmo Collet.

277 1624 1222 46 Súpose su decision, su fuga del convento de misioneros, sus escamoteos de Ná-

275 1658 1224 71 poles, de Roma, de Valencia, de Avignon, de Nimes, de Montpellier, de Tolo-

275 1696 576 49 sa, de la Rochebacour y de Maus.

326 1721 1172 65 Llegó por fin el gran dia de los debates. Collet no negó nada de sus decla-

274 1766 1225 58 raciones, confiesa sus crímenes, mostrándose arrepentido para implorar la pie-

275 1808 1223 51 dad de sus jueces, pero los jueces inflexibles necesitaban un ejemplo. El tri-

273 1837 1220 52 bunal observó que eran demasiado numerosos los crímenes de Collet, habién-

273 1877 1220 56 do perseverado en ellos demasiado tiempo para que desconociese la necesidad

271 1912 1226 53 de imposibilitarle para que en adelante no pudiese cometerlos. Habia además

271 1949 1219 54 reincidido, y este hecho debia agravar su condena. Por último, Collet fué con-

270 1986 1223 58 denado á veinte años de trabajos forzados, y espuesto por segunda vez en la pi-

270 2024 1147 54 cota, á la vergüenza pública. Despues fué conducido á la cárcel de Brest.

318 2056 1176 84 Por espacio de cinco años su prision fué tolerable. pues con su dulzura apa
