1691 2389
755 144 156 67 — 25 —

192 199 1241 65 de la caja 117.000 francos qua halló en las de la ciudad, y sin más detencion

195 242 1087 56 tomó la vía de Marsella, acompañado siempre de su brillante escolta.

250 280 1180 50 En Marsella y ante una multitud inmensa pudo Collet lucir de nuevo toda

195 318 1234 53 la brillantez de su magnífico uniforme, sus distinguidas condecoraciones y su

193 354 1237 52 hermoso estado mayor, pasando una gran revista á la guarnicion. compuesta

195 390 1237 51 de dos mil hombres, que presentaban las armas al futuro galeote. Collet agregó

193 428 1237 51 seis oficiales más a su comitiva, los cuales se lisongearon bien pronto con la es-

193 463 1239 49 peranza de algun ascenso, ó cuando menos la merced de ser condecorado con

193 501 1239 45 la cruz de la legion de honor. La ciudad entera se puso en movimiento para

193 536 1237 46 festejar dignamente al Excmo. Sr. Inspector General, á quien obsequiaron así-

193 569 1239 48 mismo las bandas de los regimientos, y para que la alegría fuese completa has-

193 611 1240 48 ta las arcas públicas se le abren, ofreciendo á su vista el espectáculo de 200.000

193 645 652 43 francos que toma sin el menor escrúpulo.

248 678 1185 50 Habiendo pasado á Nimes halló solamente 30.000 francos, con los cuales

193 716 1237 44 muy á pesar suyo se contentó el modesto general... por no haber más. Des-

196 751 1238 49 pues de tres dias salió para Montpeller, donde hizo su entrada con la serenidad

197 792 1235 45 y sangre fria que le eran propias. Acto contínuo las autoridades y personas más

193 826 1240 43 notables se apresuraron á rodearle: este tiene que hacerle una súplica; aquel

193 858 1239 49 desea impetrar una gracia y todos le agasajan y felicitan... hasta el mismo sub-

193 898 1239 45 prefecto, que se humilla á sus piés como el más necesitado pretendiente. Co-

191 931 1241 59 llet le halaga y colma su satisfaccion prometiéndole el cordon de la legion

193 970 805 45 de honor, en la que será alistado como gran oficial.

242 1002 1190 51 Pasó aquel dia empleado por Collet en hacer brillantes promesas, y al si-

193 1045 1239 44 guiente toda la guarnicion se halllaba formada en el campo de Marte, á fin de

188 1076 1241 57 cumplimentar las órdenes de S. E. el Inspector General. Montpellier entero

189 1114 1243 55 se agrupaba alrededor de las filas, esperando con impaciencia el momento en que

189 1149 1241 57 habia de principiar la revista. He aquí que ese momento llega, el tambor ma-

192 1185 1237 50 yor hace un gallardo molinete con su gran baston ricamente adornado, y la mar-

189 1221 1247 57 cha real tocada por las bandas, y acompañada del confuso rumor de la multitud

189 1259 1241 56 manifiestan que Collet se ha presentado ante las filas. El mentido general res-

189 1295 1240 65 plandeciendo en fuerza del oro y pedreria de que iba cargado, parecia un

191 1329 282 53 príncipe oriental.

240 1351 1189 73 Cuando la revista hubo finalizado, el prefecto suplicó al señor inspector le

191 1405 1239 64 permitiera la honra de acompañarle á comer, favor que dispensó gustosamente

192 1437 259 52 el astuto Collet.

240 1457 1186 74 La comida preparada en la prefectura fué una verdadera comida de reyes.

187 1513 1241 53 Cuadrúpedos, aves, peces, esquisitas legumbres, y aromáticos y delicados vi-

188 1548 1240 53 nos, todo armoniosamente dispuesto, se halla cubriendo el inmenso mantel

189 1584 1240 56 adamascado, que adornado con guirnaldas y ramilletes de olorosas flores, trae

187 1619 1241 51 la admiracion de los concurrentes. Verdaderamente el gasto de este magnífico

187 1661 1238 49 convite es un furioso ataque hecho contra el presupuesto de gastos de la casa;

188 1696 1241 51 pero el prefecto halla un consuelo en la recompensa, toda vez que el señor

188 1728 1238 61 inspector no cesa de repetir á sus oidos estas encantadoras palabras: «Sereis

188 1763 557 51 gran oficial de la legion de honor.»

234 1783 1188 72 Así pues, la comida es alegre; cruzan los brindis en obsequio del señor con-

185 1834 1237 61 de de Borromeo, y en su obsequio tambien las músicas de la guarnicion festejan

188 1875 680 49 el convite con deliciosas y variadas tocatas,

240 1900 1184 64 Mas hé aquí que de repente una seccion de gendarmes rodea la prefectura,

189 1947 1235 54 y un jefe de escuadra seguido de algunos soldados se presenta en la sala del

188 1986 1233 51 estin donde invocando el nombre del rey, prende al señor inspector genea l,

187 2017 1092 73 en medío del asombro de los convidados y del terror del mismo Collet.

1133 2066 37 57 4
