1683 2283
734 77 160 61 — 23 —

192 131 1218 57 sido el designio que tenian mis parientes de hacerme contraer matrimonio...

194 172 926 52 —¡Bravo, muy bien! Y luego si la novia es admisible....

192 206 937 55 —Es bonita, y además posee una renta de 12.000 libras.

201 230 1226 71 —¡Magnífico! ¡Ultramagnífico! Eso se llama una brillante proporcion, un

199 279 142 49 premio.

198 296 1232 71 —Lo mismo he creido yo, y en su consecuencia me he resuelto á llevarlo á

198 348 1232 61 cabo, lo cual será causa de que en breve me vea en la necesidad de solicitar

201 394 309 47 un nuevo permiso.

234 408 1197 73 —Y bien? repuso el comandante. El permiso se concederá y nosotros bau-

200 466 584 47 tizaremos al primer tenientillo... ¿he?

248 471 1184 78 A estas palabras siguieron innumerables aplausos; y despues de servido el

201 526 1229 63 ponche, la exaltacion de los convidados llegaba á su colmo. Entonces fué cuan-

203 563 1227 55 do todos unánimemente pensaron en que un hombre tan espléndldo como Co-

203 599 1228 57 llet, era digno de ocupar los más altos empleos; opinion que agradó sobre ma-

205 635 1226 61 nera al comandante, quien habiendo recibido anteriormente por via de prés-

204 673 1230 58 tamo 200 francos que le entregara Collet, aseguraba formalmente que seria

204 708 1230 61 un desdoro para el gobierno el retardar la concesion del ascenso á capitan, á

208 755 1034 44 un hombre tan guapo, tan generoso y tan honrado... como Collet.

256 771 1180 71 Antes de contar tres meses, ya el astuto aventurero habia preparado una

204 815 1231 63 nueva espedicion que segun su cálculo debia ser mucho más lucrativa que nin-

205 852 1233 56 guna de las anteriores, si bien era la más espuesta y comprometida. En una

204 887 1232 59 palabra, Collet queria representar al vivo nada menos que el alto papel de ins-

203 928 1235 57 pector general del ejército, con plenas facultades para organizar los cuerpos

205 958 1235 64 de la armada de Cataluña, y poderes ámplios á fin de disponer del dinero de

204 996 1236 60 las tesorerias públicas con objeto de cubrir los gastos que ocasionaran las ne-

206 1031 1237 59 cesidades de aquel ejército imaginario. El fingido inspector general tardó al-

209 1067 1237 59 gun tiempo en proveerse de los documentos necesarios, pero al fin logró reu-

208 1105 1235 61 nirlos en su poder. En aquella época, Napoleon, dedicado esclusivamente á la

209 1144 1232 58 guerra del Norte, cuyas provincias eran combatidas por el gran ejército impe-

209 1173 1231 67 rial. apenas se acordaba de la España en la que los soldados franceses, eran, no

205 1216 1235 61 obstante su valor, rechazados con ignominia. Así pues, las circunstancias no

210 1258 748 48 podian ser más favorables á las miras de Collet.

264 1264 1176 84 Este, ya que lo tuvo todo completamente arreglado, volvió á París donde

210 1315 1229 68 se presentó bajo el nombre de Cárlos Alejandro, conde de Borromeo, cuyo título

210 1352 1230 63 se habia apropiado sin el menor escrúpulo, marcando con él sus documentos

206 1385 1230 63 falsos. En la córte de Francia se hizo vestir el traje propio á su nueva dignidad,

211 1421 1228 73 y satisfecha esta exigencia, salió inmediatamente dirigiéndose hacia las provin-

211 1457 1234 68 cias del Mediodia, fundando su esperanza en su agudo ingenio y en el auxilio

209 1505 701 62 de la fortuna que jamás le habia sido infiel.

691 1615 281 83 CAPITULO VIII.

214 1722 1225 90 De cómo Collet bajo el título de conde de Borromeo pasa revista á dife-

229 1782 1116 60 rentes guarniciones, siendo por último conducido á la cárcel.

234 1884 1205 62 Apenas hubo llegado á Valencia el fingido conde de Borromeo, cuando vis-

214 1925 1236 71 tiendo su gran uniforme comenzó á desempeear las funciones del empleo que
