1656 2279
804 94 138 42 — 4 —

249 132 1227 92 hijo de general tenia la cabeza trastornada á aquellas pobres mujeres que con

249 167 1223 90 grande ansiedad aguardaban el dichoso domingo. Todas procuraban contentar

249 200 1223 96 al tierno emisario; unas le regalaban dulces, otras juguetes, de modo que el

247 239 1221 93 revoltoso niño hizo su gusto. Pero esta burla no satisfacia del todo la vengan-

247 274 1220 96 za de Anselmo, y para que esta fuese completa, se presentó el sábado por la

247 313 1218 93 tarde al mejor pastelero de la ciudad, y le dijo: que iba de parte del general

247 344 1220 102 D... para que le tuviese preparados para la mañana del dia siguiente quince do-

245 389 723 66 cenas de pastelillos y otras tantas de bizcochos.

296 417 1168 97 No dudó un momento el pastelero de la verdad de cuanto acababa de decirle

242 449 1216 104 el jóven Collet, pues sabia que su familia era amiga y vecina de la del general;

242 486 1218 107 de modo, que poniendo un par de bollos en manos del travieso chico, mandó

240 527 1218 99 á todos los dependientes de la casa que pusieran mano á la obra. Como la

239 562 1219 105 cantidad del pedido era algo crecida, tuvieron que velar toda la noche; pero al

238 598 751 78 dia siguiente por la mañana estaba ya concluido.

291 634 1162 105 Llegó por fin el domingo, dieron las doce, y una nube de nodrizas se vió

236 668 1217 111 asaltar por todas partes la casa del general. A los pocos momentos toda ella

234 705 1218 105 estuvo llena: corral, patio, antesalas, salones... por todas partes, solo se veian

230 740 1219 109 nodrizas. Al ver un espectáculo de especie tan rara, todos los vecinos se aso-

228 781 1221 102 maban á los balcones y ventanas, y se preguntaban los unos á los otros, si el

228 820 1213 106 general tendria la comision de formar algun nuevo regimiento de Amazonas,

228 853 1218 104 cuyo destino, diferente del que tuvieron sus antepasadas, fuera la propagacion de

224 887 1220 109 los héroes que se batian entonces en Italia y en Alemania. Loco estaba el ge-

221 928 1220 100 neral de oir tantos gritos, tantas súplicas, tantas solicitudes, todos á la vez y en

221 962 1220 110 todos los tonos que encierra el pentágrama. En medio de aquella confusion se

220 997 1219 104 oyó una voz atronadora que hizo calmar por un momento los desaforados gri-

219 1034 1221 106 tos de aquella jauría de mujeres. «Fuera, repitió la voz: abrid paso,» y al mo-

216 1072 1222 109 mento dividiéndose en dos partes aquel mar mujeril, dejó sitio para que pasa-

214 1107 1224 103 ra el pastelero con sus aprendices que llevaban al general las quince docenas

214 1140 1222 105 de pastelillos y otras tantas de bizcochos. Figúrese el lector con qué ojos no fue-

211 1183 1223 102 ron contemplados por la turba femenina aquellos incitantes frutos del arte de

210 1214 175 48 repostería.

262 1249 1169 108 La presencia de esta nueva comitiva hace dudar al general de si está dur-

206 1286 1225 109 miendo ó despierto, y creyéndose ya juguete de alguna pesada burla, arroja á

205 1324 1224 107 puntapiés á los aprendices del pastelero. Mas no era este argumento para po-

205 1361 1221 106 derse emplear tambien con las nodrizas, de modo que no sabia el buen hombre

202 1395 1227 106 qué partido tomar. Fuera de sí, juraba y perjuraba que romperia los huesos al

201 1433 1224 106 autor de la burla, pero los juramentos y los perjuros de nada servian. Las no-

198 1468 1226 108 drizas estaban siempre erre que erre, y ya en situacion tan crítica no le que-

197 1501 1228 113 daba al pobre general otro medio más que transijir. Mandó, pues, distribuir

196 1539 1226 109 entre aquellas mujeres las quince docenas de pastelillos y las quince de bizco-

195 1576 1226 109 chos, á lo que añadió quince botellas y al momento cesaron los gritos, y un

196 1610 1220 109 sepulcral silencio sucedió á aquella escena de alboroto y confusion. Comer y

193 1651 1224 102 gritar á la vez, no es posibte; de modo que aprovechando el general aquel mo-

192 1683 1225 108 mento de calma dijo en alta voz, que habia elegido la nodriza que debia criar á

197 1719 1214 113 su futuro vástago, y dicho esto las despidió en tono imperioso, lo que ejecutó

196 1752 693 88 con alguna resistencia aquella falanje mujeril.

244 1791 1167 109 Collet, que desde una ventana de la casa vecina estaba observando la fun-

193 1828 1212 101 cion desde su principio, soltó una estrepitosa carcajada al ver el feliz resultado

193 1862 1210 109 de su venganza y se consideró ya remunerado de los golpes de baqueta que

188 1896 1217 109 or consejo del general le habian dado. Aun cuando niño no se le ocultó á An-

182 1935 1219 113 selmo las malas consecuencias que podria tener para él tan pesada broma, de
