1703 2353
844 137 146 60 — 8 —

289 213 1237 48 enviaba al banquero para que le comprase otra de igual precio, que habia de

289 243 484 48 remitirle con su recomendado.

344 271 1181 55 El banquero le recibió con los brazos abiertos, y el asunto se llevó á cabo

287 311 1239 48 sin dificultad, recibiendo el jóven francés, nombre que daba á Collet en su

287 352 1238 46 carta el superior, al dia siguiente 22.000 francos porsus pretendidas rentas y la

287 385 1238 52 caja con las sortijas, cuyo valor ascenderia á 5 ó 6.000. Compra inmediatamen-

289 419 1236 52 te traje de paisano, ahorca los hábitos, llena con el nombre de Marqués de Dou-

289 462 1236 47 la uno de los pasaportes que habia sustraido del despacho del síndico de Cardi-

289 498 1236 44 nal, sale en seguida de Nápoles, y en un carruaje alquilado en las cercanías se

287 529 1236 54 dirige á Cápua. No bien hubo llegado á la puerta de la ciudad una nube de

289 569 1237 50 agentes de policía rodea el carruaje y le pide su pasaporte; él les entrega el

287 603 1236 51 que acaba de fingir, y los agentes al recibirlo le preguntan el nombre de la po-

289 641 433 46 sada en que se hospedaría.

324 679 1201 49 —En la fonda de los extranjeros, respondió Collet procurando á duras penas

289 715 289 51 serenar su rostro.

324 746 1164 51 —Pues bien, á la fonda de los extranjeros se os llevará vuestro pasaporte.

338 783 1185 52 Collet quedó petrificado. Poco faltó para que saltase del carruaje y echase

289 827 1233 42 á correr como un loco; pero repuesto inmediatamente, volvió á recobrar su san-

289 857 1233 50 gre fria, resolviendo seguir el hilo de aquella aventura. Llega á la fonda de los

290 899 1232 46 extranjeros, hace brillar el oro, manda á lo magnate y todos se humillan ante

289 932 1233 45 él. Solo Collet no estaba satisfecho de sí mismo. Se sienta á la mesa y no bien

289 967 1233 48 lo habia verificado cuando se presentó el comisario de policía; pero Anselmo

289 1006 1140 42 era tal, que á medida que aumentaba el peligro, se aumentaba la audacia.

326 1044 1196 43 —Señor marqués, dijo el comisario, yo espero que tendreis la bondad de no

289 1075 1232 53 imputarme la falta de que mis agentes se han hecho culpables para con vos;

289 1112 1232 46 falta, cuyo perdon he querido venir á implorar yo mismo, así como á delvolve-

286 1152 846 46 ros el pasaporte que no debió salir de vuestra cartera.

338 1185 1181 54 Collet, que un momento antes sintió agolparse la sangre á su corazon, re-

286 1223 797 48 cobró su calma completamente, y dijo al comisario:

324 1252 1198 56 —Vuestros agentes han cumplido con su deber y en vez de quejarme de su

287 1288 1234 63 conducta la aplaudo. Con tales agentes no lo han de pasar muy bien los mal-

287 1326 162 45 hechores.

339 1349 1179 64 El de la policía hizo un saludo respetuoso. Collet tuvo la audacia de con-

287 1402 1231 55 vidarlo á comer, y héte aquí amigos al ladron y al comisario, que se miran ca-

285 1434 699 53 ra á cara y que se hacen cumplidos á porfía.

321 1465 1198 68 —Vuestras funciones en estos tiempos de revueltas deben de ser muy pe-

289 1505 111 50 nosas.

320 1537 1201 64 —Por favor, señor marqués, no me hableis de eso. Siempre estamos con el

285 1573 1232 63 alma entre los dientes. No parece sino que todos los ladrones de Europa se

283 1613 796 58 han dado cita en Cápua. Yo no como ni duermo...

320 1648 481 55 —Qué os parece esta trucha?

319 1682 1102 65 —Esquisita, señor marqués... ¡Los criminales me matan á fuerza de...

320 1721 1038 55 —Oh! basta veros para conocer que hareis correr á los perillanes,

321 1759 1193 58 —Les hago una guerra á muerte; para mí ni el oro, ni el traje, ni el nom-

278 1792 1235 64 bre... Un ladron me dá á mí en la nariz somo al gato la tempestad. Siento á

281 1828 821 59 los bribones desde una legua... Collet se conmovió.

319 1868 1164 61 —Qué os sucede, señor marqués? exclamó el comisario. ¡Os poneis pálido!

317 1905 1099 59 —Sí, en efecto, el cansancio del viaje, la falta de aire!... Estoy malo!

333 1938 1182 62 El comisario, á quien los ladrones le daban en la nariz, abrió las ventanas

278 1973 1241 74 para que el señor marqués se restableciera: esto bastó para conformarse del

278 2015 77 79 todo
