1702 2296
746 176 157 63 — 27 —

196 247 1235 43 ma vuelta. En esta carta tampoco se olvidó del supuesto inspector, y hablando

199 267 1229 58 largamente de él, pensaba, y con razon, alejar de sí toda sospecha. En fin,

199 304 1231 55 juzgando suficiente el tiempo transcurrido para alejar de sí toda pesquisa,

200 341 1232 55 nuestra caballero de contrabando abandona á Montpellier, atraviesa rápida-

200 377 1230 63 mente les Calenne y entra en Tulle. Apenas llega, cuando olvidado de los pe-

200 419 716 45 ligros que ha corrido, medita nuevas arterías.

253 446 1181 55 En el hotel que se hospedaba vivia tambien un comisionado de la casa co-

199 484 1235 54 mercio de Grenoble titulada de Derranol, cuya voluntad y afecto se grangeó

199 526 1235 48 en muy pocos dias, consiguiendo entrar con él en relaciones mercantiles, y que

200 558 1232 51 le negociase una letra falsa de 12 OOO francos, que no tuvo dificultad en verifi-

200 595 1234 55 car, deslumbrando con el brillante oropel y régio fausto que ostentaba el pre-

201 632 1231 50 tendido millonario. Embolsada esta suma, parte para Lorent, y sus compañe-

202 669 1230 52 ros al estrechar sus manos le daban pruebas de no estinguida simpatía. Pero

204 705 1227 52 ¡ay! esos fantasmas de prestados brillos, se eclipsan luego que el motor de sus

202 744 1229 51 fuegos desaparece. Estas reputaciones y esas fortunas se derrumban y se des-

204 780 886 51 ploman al empuje de la mano del tiempo y de la justicia.

256 811 1175 52 Descubierto el engaño, el comisionado de la casa Derranol persigue al falsa-

202 854 1228 51 rio por la supuesta letra; lo halla en Lorent, lo denuncia, lo prenden, y encau-

204 889 1227 48 sado nuevamente y conducido á Grenoble lo condenan á cinco años de traba-

202 922 1228 57 jos forzados y á una hora de exposicion á la vergüenza en la picota. Su familia

204 960 1226 47 recibe la noticia de la infamia que ha recaido sobre uno de sus indivíduos, y á

202 994 1228 50 fuerza de oro y en virtud de recomendaciones y activas diligencias, consiguió

202 1034 1228 52 que el condenado no pasara á galeotes y permaneciese en Grenoble, donde á

202 1068 1229 50 excepcion de la libertad de nada carecia. Cuatro años habian pasado cuando un

204 1105 1227 46 viejo oficial, un venerable militar, llegó á visitar el establecimiento penal de

204 1142 1222 48 Grenoble. Collet habia compuesto parte de su estado mayor con este oficial, y

204 1178 1226 51 al reconocer al pretendido inspector general, lo denuncia y es de nuevo incomu-

204 1214 1226 56 nicado inmediatamente. Algunos dias despues dos gendarmes lo conducen á la

205 1251 1223 58 sala de declaraciones, siéntase al lado de la chimenea, y poco despues llega el

204 1289 770 54 juez y el escribano principiando el interrogatorio.

261 1308 1167 61 «Mi horizonte se nublaba horriblemente»—decia Collet algunos años des-

201 1361 1227 51 pues al narrar este episodio de su vida. Temiendo, como era natural, una senten-

202 1398 1226 48 cia más grave que la de cinco años antes impuesta, invoqué mi génio tutelar y

202 1438 1226 48 me insdira la idea de quemar mi proceso. La chimenea, á cuyo lado estaba, ar-

202 1469 1226 55 dia con una llama viva y roja; los jendarmes estaban uno á cada lado, y yo ur-

206 1508 1224 50 gaba las ascuas con las tenazas medio empabonadas. Con esta resolucion me

202 1545 1225 51 dirigí al juez encargado de interrogarme, y le confesé, fingiendo sinceridad y

202 1580 1226 53 arrepentimiento que yo era efectivamente el autor de algunos chascos que apa-

202 1622 1229 46 recian en el sumario; pero no de todos; que tenia cómplices, cuyos nombres da-

202 1653 1228 51 ria á conocer al tribunal, suplicándole me confiase por un momento el proceso

205 1692 1226 44 y le marcaría aquellas burlas de que me confesaba culpable; teniendo gran cui-

204 1730 1223 57 dado de asegurarle que contaba con la indulgencia de la corte a favor de mis

202 1762 193 51 confesiones.

227 1776 1205 83 —Yo me comprometo á ser vuestro defensor, me dijo e  juez. Vamos, señalad-

205 1841 651 45 me los chascos de que os reconoceis autor.

262 1853 1172 73 Yo alargué la mano para tomar el legajo: despues de haberme detenido á

204 1906 1230 55 buscar algunos de mis escamoteos, llamando en mi ayuda á mi audacia, sacudí

209 1942 1222 56 violentamente á los dos jendarmes que me rodeaban, cayendo á mis pies sillas

207 1982 1223 53 y guardias. Los papeles babian sido devorados por las llamas; tuve la precau-

204 2019 1222 48 cion de prevenirme con un par de tenazas con las que impedia que los jendar-

204 2056 1221 69 mes se aproximasen al hogar donde ardia el proceso de mis crímenes. Los
