1713 2386
730 113 167 60 — 17 —

190 184 1236 50 cosa que le embarazaba: la compañía de su capellan. ¿Cómo podria deshacerse

190 216 1233 53 de él? La imaginacion de Collet, altamente sábia, le sugirió al efecto una en-

193 249 1229 50 cantadora idea. Apenas hubo apeado en Cannes, hizo que le presentaran un la-

190 284 1231 57 brador pobre, pero celebrado en el pueblo por su extraordinaria fuerza, al

192 319 1083 57 cual nuestro fingido Obispo consigue engañar con la siguiente farsa.

228 355 1195 58 —Buen hombre, le dice, el capellan que me acompaña ha servido algunos

190 392 1231 54 años en las banderas del rey, y al referirme las acciones de guerra en que se

192 433 1229 56 ha visto, lo hace siempre ponderando su propio valor. Yo quisiera probar si es

190 465 1231 58 o no cierto el arrojo y valentía del digno sacerdote, y para esto justamente os

189 503 312 45 he mandado venir.

241 536 1178 56 Dentro de breves horas saldremos de este pueblo, y quisiera yo que os hi-

188 573 1231 55 ciérais acompañar de dos ó tres amigos vuestros, con el objeto de que al pasar

188 612 1230 57 por algun sitio dificultoso fingiéseis una sorpresa y nos pidiéseis la bolsa ó la

190 646 91 64 vida.

242 680 1175 58 Naturalmente, para que la broma tenga todo el carácter de verdad, dispa-

188 718 1229 58 rareis dos ó tres pistoletazos, pero de manera que no nos ofendan, y hallán-

188 758 1224 51 doos anticipadamente disfrazados, os presentareis como si fuérais malhechores.

188 794 1226 57 Entonces, yo mismo os daré una cajita que contendrá 50 luises para que po-

188 828 409 60 dais brindar á mi salud.

237 862 1179 55 El aldeano, creyendo lealmente que no habria otro fondo que la broma en

185 901 1231 53 aquella proposicion, aceptó gustoso 25 luises que le dió á buena cuenta Co-

185 941 1231 53 llet, y salió de la estancia á fin de reunirse á otros dos amigos para llevar á

185 971 813 48 cabo la empresa. Todo se verificó á pedir de boca.

238 1008 1176 57 Llegado que hubo el coche á cierto paraje emboscado y desierto, apare-

184 1044 1230 57 cen tres hombres completamente armados y disfrazados, los que despues de

185 1081 1228 53 saludar á los viajeros con las palabras de ordenanza, la bolsa ó la vida, dis-

182 1118 1234 55 paran algunos tiros al aire y concluyen por desenganchar los caballos del car-

182 1158 112 56 ruaje.

220 1186 1193 60 —Señor capellan, dice Collet al sacerdote, ¡esta es la ocasion de probar

182 1231 1231 52 nuestro valor! ¡Ea, disputemos la vida á esos pícaros! Pero el desdichado cape-

181 1261 1241 64 llan nada oia, el peligro que tan cerca amenazaba le habia trastornado com-.

182 1301 218 56 pletamente.

236 1330 1177 60 Entonces, y para terminar aquella farsa, asomóse Collet á la ventanilla del

180 1367 1230 64 coche, y dirigiéndose á los fingidos ladrones, ¡pasad! les grita; vuestra es esta

178 1413 1232 50 caja que os entrego y que contiene 80.000 francos; pero os ruego que perdo-

178 1442 1231 58 neis nuestras vidas! Y diciendo esto, les entregó la cajita con los 25 luises

178 1484 1231 58 restantes de la cuenta pactada; con lo que se retiraron los labriegos, y el car-

177 1511 778 63 ruaje se vió en liberdad de seguir su marcha.

232 1549 1180 61 La anterior escena habia causado en los viajeros bien distintos efectos: el

178 1584 1227 61 señor obispo se mordia á cada instante los lábios para contener la risa; el no-

178 1625 1232 63 bre capellan habia casi perdido la razon en fuerza de su espanto, y el postillon

176 1659 1180 69 cuidaba prudentemente de aligerar á latigazos el trote de los caballos.

654 1769 279 58 CAPITULO VI.

165 1829 1237 113 De como Collet se hace amigo de la generala Laferriere, y lo que le apro-

627 1899 319 76 vechó su amistad.

212 1977 1180 82 Muy poco hacia que habia llegado Collet á Grass cuando se presentó á la poli-

1120 2049 47 114 3
