1651 2354
854 151 141 75 — 6 —

286 226 1227 48 niones preferia pasar los rátos libres con el superior del Convento de capuchi-

286 260 1225 57 nos de Brescia, lo que dió lugar á que fuera el objeto de los contínuos chistes

286 292 1226 57 de los oficiales y soldados de su regimiento.—A poco aquel cuerpo se marchó

285 329 1226 62 hácia el enemigo, y en la primera batalla fue Collet gravemente herido por un

285 366 1228 59 casco de bomba, en el costado derecho. El jóven oficial fué llevado al hospital

285 406 1224 58 provisional y luego al de San Jaime de Nápoles, en donde juró no volver á es-

285 443 352 43 ponerse á la metralla.

340 472 1172 64 Este era el ánimo de Collet, cuando uno de los jefes del batallon fué con-

281 511 1228 60 ducido al hospital peligrosamente herido, y colocado en una cama vecina á la

282 545 1229 61 de Collet. El jóven subteniente que ya estaba bastante mejorado, prodigaba á

283 588 1226 52 su compañero de desgracia los cuidados más esquisitos; pero la situacion de

281 619 1228 57 aquel jefe fué empeorando de dia en dia, hasta desaparecer toda esperanza de

282 655 1225 61 vida. En su último momento el jefe veterano puso en manos de Collet su reloj

279 691 1228 64 que era de mucho precio, unas cuantas joyas y sobre 3.000 francos que era to-

279 728 1229 65 do cuanto poseia.—No tengo herederos forzosos, le dijo el veterano, recibid

278 766 1229 57 todo lo que poseo, en recompensa de los muchos cuidados que os he merecido,

279 801 1095 63 y continuad sirviendo á la república como la sirven los valientes.

332 839 1175 56 Este acontecimiento, decia despues Collet, fué el primer goce de mi vida.

333 874 1176 58 Goce singular que empieza por un casco de bomba recibido en medio del

277 912 1231 59 cuerpo, y acaba por la muerte de un veterano oficial. Pero Anselmo no enten-

276 950 1232 54 dia ni á principios ni á fines. La vista del oro ensanchaba su corazon. Hasta

274 987 1233 55 entonces no habia poseido ni la décima parte de aquella suma, y esa cantidad le

276 1020 1231 58 deja entrever placeres infinitos. Ahora la vida será para mí alegre, decia Co-

276 1055 1231 63 llet. Qué importa á aquel viejo oficial encerrado en la tumba que la república

276 1091 1194 66 tenga un defensor más ó menos. ¡Lleve el diablo la guerra y viva la alegría!

327 1128 1180 66 Pero este dinero se concluirá, y es preciso proveerse de medios para el

273 1163 160 53 porvenir.

328 1199 1179 61 Aquí comienza la larga cadena de crímenes y delitos que debian eslabonar

272 1233 1232 72 uno á uno los dias de este hombre. Sus primeros recursos fueron la hipocre-

270 1276 599 50 sía, que le valió el favor del capellan.

317 1307 1187 66 —¡Ay padre mio! le dijo Collet un dia. ¡Cuánto me pesa haber abrazado una

268 1344 660 55 carrera en que es tan difícil la salvacion!

306 1378 1055 69 —¿Por qué no renunciais á ella y entrais en el camino de la salud?

304 1417 930 67 —Yo no soy dueño de mí mismo, y á no ser desacertado...

304 1451 1195 68 —Tranquilizaos. Este es uno de los casos en que el fin justifica los medios.

268 1489 1229 67 No penseis ahora más que en restableceros, que yo os prometo orillar este ne-

266 1527 1233 72 gocio. Sois jóven, teneis algunos estudios, podeis completarlos, y si quereis

264 1561 339 52 entrar en la órden...

302 1596 768 67 —¡Oh padre mio, me abrís las puertas del cielo!

317 1633 1182 69 El religioso estaba encantado. Collet se regocijaba de poder abandonar la

262 1671 804 63 carrera de las armas, á la que no tenia inclinacion.

320 1709 1176 69 No es esto decir que se sintiera más dispuesto por la Iglesia, sino que siem-

261 1747 1235 62 pre es un arbitrio ahorcar los hábitos; á más, Anselmo entrevia ya el medio de

261 1778 1234 73 llegar á la opulencia por el camino del Cielo. Cuando se hubo restablecido, el

260 1815 1235 72 capellan le buscó un traje de paisano en cambio del de militar, y le condujo al

259 1853 1233 73 convento de misioneros de San Pedro en Cardinal, en el que por recomenda-

259 1888 1058 68 cion suya fué recibido Collet como novicio el 5 de Febrero de 1806.

316 1926 1176 70 Collet estudió con ardor, porque su resolucion estaba tomada, y conocia muy

260 1960 1215 76 bien que la ignorancia podia ser un escollo en la senda en que pensaba lanzar

257 1999 595 60 se. De este modo se pasaron dos años.

310 2037 1159 81 Anselmo en otra época habia ensayado el yugo del Señor, y su carga le pa
