1689 2309
318 173 1177 54 El fingido conde de Borromeo es conducido á la cárcel, y entretanto el pre.

261 215 1231 50 fecto adivina parte de la verdad, que solo sirve para hacerle sentir la pesada

260 255 1232 50 burla de que es víctima. Poco despues de haber salido de Valencia el intrépido

260 293 1231 45 Collet, el comandante de armas, que no podia persuadirse de que la mision del

260 328 1231 51 inspector general fuese tan secreta, que ni un simple oficio se le hubiese pasa¬

263 363 1228 48 do por el ministerio de la Guerra, deseoso de aclarar sus dudas sobre este par¬

260 404 1231 44 ticular, escribió á París, é inmediatamente que se recibió en el ministerio la

256 438 1237 43 comunicacion del comandante, se espidió órden para prender al inspector. Ya

254 470 1237 80 hemos visto como tuvo efecto esta prision en medio de la alegría de un esplén¬

255 509 249 73 dido banquete.

746 688 284 80 CAPITULO IX.

256 858 1226 55 De como Gollet disfrazado de cocinero huye de la prision para anudar el

506 905 694 50 hilo de sus interrumnidas aventuras.

811 110 147 67 — 26 —

308 1017 1178 55 Reconcentrando largo tiempo sus ideas, estuvo Collet aguardando á que le

254 1050 1233 55 registraran; pues á pesar del tiempo que llevaba encerrado, aun no se habia

256 1083 1226 59 procedido al registro de costumbre, y esta circunstancia, luego que se hubo re-

252 1121 1235 56 puesto de su estupor, le valió la feliz ocurrencia de ocultar entre las suelas de

254 1157 1229 52 sus botas y bajo el forro del sombrero 100.000 francos en billetes. Pero el pre-

254 1195 1232 56 fecto que no podia perdonar á Collet la burla de que habia sido objeto, pensó

254 1232 1229 52 vengarse de él haciéndole sufrir un humillante sonrojo, presentándole ante las

254 1264 1228 70 autoridades á quienes tambien habian engañado las apariencias, al fin de un

254 1304 952 55 espléndido banquete, y como un objeto de befa y de irrision.

306 1337 1175 59 Mas no obstante, el astuto ladron aun corservaba su acostumbrada sangre

251 1372 1230 60 fria. En un rincon de la estancia á que se le habia conducido halla un cofre;

254 1414 1225 57 le abre y ve un chaleco redondo, un gorro blanco y un delantal ó mandil tam-

252 1446 1229 58 bien blanco perteneciente quizas á algun cocinero ausente. ¡Qué fortuna! Hé

252 1485 1227 53 aquí mi salvacion, se decia á sí mismo, y despojándose de su traje se viste las

252 1521 1230 56 nuevas prendas, murmurando la célebre máxima de audaces fortuna juvat, co-

254 1557 1225 58 ge un plato en la mano, y dando un fuerte puntapié á la puerta, pasa por me-

250 1594 1227 56 dio de los gendarmes con el mayor descaro, y adquiere de nuevo la libertad.

259 1629 1218 59 Fácil es comprender la rabia del prefecto, cuando al término del festin se

251 1663 1227 59 le anunció la fuga del prisionero. En el momento se dieron órdenes precisas

255 1702 1223 60 y determinantes á la policía, que tendió sus redes por doquiera en su busca.

251 1738 1226 59 Ofreciéronse 6.000 francos al que le presentara, y se practicaron las mas vi-

254 1775 1225 56 vas diligencias para hallarle; pero todo era en vano. Collet en tanto dormia

251 1811 1228 70 tranquilamente en casa de un albañil á quien ganó con oro, y cuya conciencia

251 1852 488 45 persuadió por el mismo medio.

306 1877 1175 66 Sin embargo, esta situacion no podia prolongarse, y Collet pensó en refu-

251 1922 1228 52 giarse en su regimiento, número 47, al que habia pertenecido. Escribió á sus

251 1956 1227 56 camaradas, mintió una larga y penosa enfermedad que lo habia detenido largo

251 1989 1231 71 tiempo en Montpellier, y les anunciaba al par que su restablecimiento su próxi-
