1685 2349
773 151 175 52 — 14 —

281 214 1201 41 —Senores... decía él; vosotros sois demasiado buenos é indulgentes... Mis

245 251 1236 41 escasos méritos son muy inferiores á vuestros atentos elogios. ¡Oh! yo prometo

244 280 1159 50 que procuraré corresponder á vuestra confianza con mi celo y cariño.

278 321 1203 48 ¡El insigne Collet, el nuevo pastor; se instaló en el presbiterio! La menciona-

242 353 1238 51 da veterana sirvente y un criado, son las únicas personas que le acompañan.

245 392 1236 50 Todos rinden tributo al reverendo padre, pollos y frutas abundan en su cocina.

242 430 1239 47 Su mesa es la más opípara de diez leguas á la redonda, y los toneles en su cue-

245 465 502 43 va se llenan como por encanto.

297 498 1185 55 Veloz y feliz corria el tiempo para Collet, pues al par de su buena reputa-

240 532 1241 51 cion merecia la confianza de personas á quien ni era digno de servir como es-

240 574 1241 49 clavo; pero ojos que no ven corazon que no siente: y era grande ver á nuestro

240 613 1241 46 Collet cómo bautiza, confiesa, predica, entierra y casa; mientras su renombre

241 649 1236 47 de opulento le franquea la casa del rico, como el triste hogar del pobre y mi-

247 682 166 47 serable.

292 712 1188 55 El deplorable estado de la iglesia parroquial, debido á los trastornos polí-

241 756 1240 50 ticos y continuas revoluciones, hacia temer una pronta ruina. Las sagradas

242 793 1236 46 aras se veian contínuamente azotadas por la lluvia y el viento: no parecia sino

245 828 860 47 que Dios habia apartado sus ojos de su santa morada.

298 863 1186 49 Las más asiduas diligencias que antes se habian practicado con el objeto de

242 896 1239 55 recaudar para las necesidades más urgentes, no produjeron ningun resultado

245 931 1236 50 favorable. Hoy se reune la hermandad de la Fábrica citada por Collet. ¿Obten¬

244 973 1237 48 drá el mismo resultado que hasta aquí? No es difícil la resolucion de este pro-

244 1008 1241 50 blema, teñiendo presente la distancia que media entre Collet y sus anteriores.

244 1046 1237 44 Collet no se contentaba con seguir la senda de estos; necesitaba dinero y esta ne-

244 1077 1238 53 cesidad para él era una ley que no tenia efecto retroactivo. Escita pues el celo de

245 1117 1237 44 las personas más notables de la parroquia; hace el reparto y consigue recaudar

244 1154 1237 42 unnos 6.000 francos. Pequeño en demasía era para nuestro aventurero este ne-

244 1190 1240 49 gocio; pero por fortuna sabia que no siempre se cazon garzas y que muchas

245 1224 1237 49 veces está la ciencia en saberse contentar con algun aguilucho. En fin, hizo

244 1259 1237 52 presente á los hermanos de la Fábrica que si le permitian edificar en su iglesia

244 1297 1237 47 una capilla dedicada á su patron, bajo la cual erigiria un sepulero para que le

244 1335 1237 44 sirviese de última morada, él se éncargaba de reedificar la iglesia suministran-

244 1368 439 46 do los fondos que faltasen.

294 1406 1184 51 Con mil muestras de entusiasmo fué aceptada esta proposicion, apresurán-

242 1442 1238 52 dose los cándidos hermanos á remitir los 6.000 francos á su generoso pastor. Ya

241 1477 1239 47 empezaba á serle enojoso á Collet el ministesio de cura, y con el objeto de engro-

245 1516 1236 51 sar el depósito que se le habia confiado, so pretesto que no se habia realizado

242 1546 1238 57 la remision de sus rentas, pide prestado dos mil escudos al alcalde, dos míl al

242 1582 1239 50 notario y mil á cada uno de su sociedad. Pretesta hacer por sí mismo la com-

244 1622 1236 56 pra de los ornamentos necesarios para la iglesia. Collet desaparece. Pasa un

242 1657 1236 57 dia, una semana, dos... y Collet no vuelve; pasa un mes... y por último, ¡Co-

244 1689 328 47 llet no pareció más!

300 1725 1181 61 Esto era lo que Collet llamaba una bancarrota honrosa y de buen

244 1763 152 83 género.
