1695 2336
777 173 166 74 — 15 —

699 351 282 56 CAPITULO V.

220 489 1242 76 De cómo Collet hace progresos en el difícil arte de falsificar letras de

292 532 1086 88 cambio y se elevó á la dignidad de Obispo por su propia virtud.

236 673 1217 34 El buen pastor abandonó á sus ovejas y se dirigió á Grenoble, atravesando el

220 680 1232 61 Tarantaise y el monte Cénis y llegó finalmente á Turin. Como una falta consi-

215 712 1233 65 deraba Collet el no dejar en esta ciudad una señal de su tránsito. Apenas habia

212 752 1237 60 llegado cuando fingió una letra de 10.000 francos que logró negociar con la casa

214 786 1235 67 Banelti. lo cual arreglado, llena su bula de Obispo, firmada por el cardenal

208 822 1240 68 Fesch, toma unos caballos de posta, se reviste para el camino la sotana d e

212 863 1239 61 color de violeta, y con este traje que solo pueden usar los elegidos para prínci-

211 898 1234 62 pes de la lglesia, llegó á Salpelegu, donde el clero entero le recibió con los mas

211 936 1232 63 rendidos homenajes. Aun cuando la posicion de Collet no dejaba de ser algo

210 973 1233 63 comprometida, el oro, y más que el oro, la audacia, le daban cierta seguridad

210 1008 1234 62 para con todo el mundo. Recibe al clero con amor, le da su bendicion, le llena

207 1049 1234 59 de seductoras promesas y toma á un eclesiástico en clase de capellan y se mar-

207 1081 1233 63 cha con él á Nica, en donde su astucia y su saber debian sufrir peligrosas prue-

207 1121 1233 56 bas. Entró en la ciudad en traje de Obispo y aun cuando no fué advertida su

207 1157 1232 61 entrada, muy pronto se divulgó por toda Nica la noticia de que habia llegado

207 1193 1229 60 un prelado: el color de la sotana debia producir su efecto. Apenas se habia

205 1228 1227 61 apeado Collet del carruaje cuando se le presentaron dos vicarios generales pa-

203 1269 1231 58 ra suplicarle en nombre del Obispo de la ciudad que se sirviera admitir para

203 1304 1231 58 alojamiento el palacio de su ilustrísima. Con la mayor sangre fria dió Collet

205 1341 1226 52 su bendicion á los dos enviados, hízoles besar el sagrado anillo, y mostrándo-

202 1376 1234 60 les en seguida su bula de institucion, marchó con ellos al palacio episcopal

202 1411 598 46 con toda la gravedad de un superior.

255 1445 1179 63 En cuanto entraron en la habitacion del Obispo de Nica, este se levantó

201 1489 1227 54 para estrechar entre sus brazos á Collet, y con una gravedad verdaderamente

199 1524 1231 59 apostólica permitió el futuro galeote que le diera el digno prelado un abrazo

198 1558 184 48 fraternal.

228 1591 1200 55 No teniendo Collet ningun obstáculo plausible que oponer á las instancias

198 1632 1228 56 del prelado, vióse en la necesidad de acceder, para lo cual mandó que le tra-

197 1665 1228 54 jeran su equipaje. Pero luego las dificultades se hicieron mayores. Para obse-

197 1702 1226 57 quiarle se prepara un espléndido banquete al que son convidados todos los pre-

195 1737 1228 55 lados del alto clero. ¿Qué papel podia representar nuestro héroe en una reu-

195 1779 1226 53 nion en que probablemente se habian de discutir las cuestiones más delicadas

194 1810 1223 61 de teología? Otro cualquiera en semejante caso tendria por perdida la jugada;

194 1854 1224 52 pero él esperaba el momento de prueba con la más intrépida y admirable se-

193 1886 1224 50 renidad. En el instante del peligro se le ve hablar mucho con una locucion lle-

193 1923 1219 50 na de facilidad y fluidez, lo que da motiyo á que se interesen por escucharle.

190 1955 1223 57 Refiriéndose á Roma, dice tales cosas que solo cabe esplicarlas á una persona

190 1994 1222 49 instruida en los secretos del Vaticano; distrae á sus oyentes contándoles varias

190 2029 1214 57 anécdotas del Papa y elogia la esplendidez y magnificencia del Cardenal Fesch,

188 2063 1220 69 á quien ensalza sobre las nubes, haciendo creer que se halla en buenas rela-
