1712 2368
769 182 192 67 — 16 —

242 263 1246 31 ciones con el; y entre tanto cuida mucho de no mezclarse en ninguna contro-

246 284 1239 42 versia teológica hasta que toque al punto de su resolucion, en cuyo caso no

244 319 1240 45 hay temor de equivocarse uniendo su parecer al de la mayoría. Así, pues, todo

247 359 1238 47 sale á maravilla; suspéndense las cuestiones filosóficas y no se hace otra cosa

248 392 1016 48 que aplaudir la capacidad y buenas dotes del prelado extranjero.

306 427 1178 46 Al siguiente dia se le presentaron á Collet nuevos apuros. Convida el Obis-

243 461 1242 54 po de Nica á visitar los seminarios, y habiendo aceptado nuestro héroe, celebró

244 506 1240 41 el sacrificio de la misa en la capilla del palacio episcopal, pasando en seguida

244 538 1241 51 al refectorio donde se le sirvió el chocolote, concluido el cual manifestó que

244 576 1240 44 estaba en disposicion de hacer la visita, bien persuadido de que hasta sus más

246 610 1235 50 insignificantes movimientos eran espiados escrupulosamente. Los seminaristas,

244 649 1240 45 prevenidos ya de antemano, se arrodillaron á la llegada de los prelados y des-

246 682 1238 54 pues de recibir la doble bendicion, se formaron á modo de procesion entonando

248 719 1167 53 el cándico Laudate como para más obsequiar al recien venido Obispo.

298 755 1187 55 ¡Ay! solia decir más tarde Collet hablando de este hecho: si los seminaris-

247 791 1236 53 tas hubieran podido adivinar lo que dentro de mí pasaba, es bien cierto

246 828 1234 53 que en vez de entonar el Laudate me hubieran recibido con el Miserere.

297 870 1029 45 Pero el atrevido ladron era todavía el niño mimado de la fortuna.

297 905 1187 46 No habiendo ocurrido incidente alguno durante la visita en el seminario, el

244 944 1239 43 prelado de Nica regresó á su palacio fascinado completamente por los modales

244 980 1237 40 de su colega. Este, creyéndose ya seguro de nuevos peligros, respiraba tranqui-

243 1010 1238 52 lo, cuando estando á lo mejor de la comida ocurriósele á uno de los convidados

247 1052 725 49 dirigirse á Collet para hacerle esta pregunta:

264 1081 1220 53 —Monseñor, puesto que venís de Roma, es indudable que sereis portador de

242 1120 1242 54 gracias é indulgencias, y en este caso suplico á vuestra ilustrísima tenga á bien

242 1160 1242 46 relevarme de la ceremonia de órdenes para que he sido citado y que debe ve-

243 1201 500 47 rificarse este próximo jueves.

297 1231 1187 52 Al oir semejante proposicion, nuestro fingido prelado se creyó perdido, pero

238 1268 1245 48 bien pronto se vió dueño de su imperturbable calma, bajo cuyo aspecto intentó

240 1308 1239 47 evadirse de este nuevo compromiso alegando pretestos que fueron desechados,

242 1344 1239 49 por lo que el caballero de industria, precisado en tan serio lance á alternaren-

240 1377 1239 49 tre el descubrimiento de su intriga ó pasar por esta nueva prueba, se decidió

242 1416 783 44 á arrostrarlo todo antes que arrojar la mascarilla.

296 1447 1188 50 La ceremonia de la ordenacion empieza... el ladron, el falsario, el astuto

240 1482 1240 55 Collet hace sesenta curas de almas de otros tantos seminaristas. Y esto lo hace

242 1529 1237 40 delante de un inmenso público presidido de todas las autoridades eclesiásticas,

240 1558 1241 48 militares y civiles de la ciudad. Así que dió fin á la ceremonia, el futuro galeote

240 1594 1237 50 sube al púlpito y con su acostumbrada admirable sangre fria, dice un discurso

240 1631 1244 50 que Bourdalone recitó en otra ocasion semejante y que él supo encubrir lo su-

240 1669 1241 50 ficiente para que no se conociera. Despues todo terminó y Collet mereció los

248 1711 470 49 más lisonjeros elogios.

292 1744 1188 51 El Obispo de Nica, que ni aun remotamente sospechaba el horrendo sacrile-

240 1783 1233 50 gio que en presencia suya y casi bajo su responsabilidad aeababa de efectuarse,

240 1816 1240 53 suplicó, aunque en vano, por repetidas veces á su colega, le hiciera el placer de

239 1852 436 54 quedarse en su compañía.

293 1893 1187 44 Pero Collet conocia perfectamente los peligros á que se exponia en su falsa

238 1927 1242 51 posicion y resolvió prudentemente el renunciar á todas las honras que le me-

239 1964 1238 52 recia el carácter episcopal; pues tantos peligros le habian ocasionado y tantas

242 1999 1233 51 veces se habia visto aquejado de congojas mortales. Tomada su resolucion,

236 2037 1241 46 tardó poco en realizarlo saliendo de la ciudad y no pensando en otra cosa que

236 2075 1245 65 en desnudarse para siempre de la violada sotana. Sin embargo, aun tenia otra
