1679 2294
771 197 150 50 — 29 —

215 239 1226 63 notario Mr. Payant, le informó de su peticion y proyecto, preguntándole si sa-

215 282 1220 58 bia de alguna posesion para establecer un noviciado en aquellos alrededores,

215 321 1225 53 Mr. Payant le indicó una casita en el término de Cugnaux, perteneciente á

218 356 1218 54 Mr. Lajus. El notario se avistó con el propietario y convinieron en el dia y

215 397 1225 42 hora en que irian á visitar la posesion. Collet notició el resultado de esta di-

215 432 982 49 ligencia á los directores que prometieron acomparle á la visita.

268 470 1170 48 La finca convenia perfectamente al objeto para lo que la querian destinar.

215 502 1221 47 Despues de celebrada la escritura fueron remiiidas las llaves al nuevo propie-

214 540 1222 44 tario. Collet retiró los fondos y joyas que habia puesto en poder de sus her-

215 578 1223 46 manos; los directores le dijeron que no solo podia disponer de lo que cedió á

215 616 1220 44 la comunidad, sino de todo cuanto esta poseia, entregándole al mismo tiempo

216 649 1219 51 las llaves del arca del dinero que colocaron en su celda. Al otro dia escribió

214 681 1220 50 Collet á Mr. Lajus rogándole tuviese la bondad de pasar á visitarle. Llegado

216 718 1216 56 que hubo le manifestó la imposibilidad de satisfacer el importe de la finca

214 758 1221 49 hasta fines del mes. Estando en esta conversacion entró el ecónomo á pedirle

212 796 1222 46 fondos para los gastos ordinarios del establecimiento. Collet sacó del arca

215 834 1216 46 1.200 francos y se los entregó. Viendo todo esto Lajus, exclamó sonriéndose:

211 866 625 52 ¿sois, pues, el tesorero de la comunidad?

239 904 1193 44 —Sí, me han honrado con este nuevo cargo, y os aseguro que hubiera de-

211 943 1168 43 seado haber recibido más fondos, pues me encuentro con alguna estrechez.

240 973 1192 51 —Si eso es verdad, aun conservo en mis arcas algunos miles de francos que

210 1011 1219 53 pongo á su disposicion. Collet aceptó y recibió de Mr. Lajus 30.000 francos,

211 1047 1221 51 como préstamo; al conde Lerpinsas le pidió 20.000, á la condesa de Gruerre

211 1087 1165 47 5.000 á Mr. Bersanal, médico de la casa, 3.000, y así reunió hasta 74.000.

267 1121 1163 68 Un dia despues del último empréstito, Collet desapareció de Tolosa, lle-

211 1159 393 65 vándose 74.000 francos.

684 1296 265 77 CAPITULO XI.

210 1399 1220 80 De cómo la muerte es el FINIS CORONAT OPUS de todos los humanos pro-

745 1443 146 73 pósitos.

266 1539 1161 64 Salido que hubo de Tolosa, presentóse Collet en Rochebacour bajo el nombre

210 1595 1216 47 del conde de Golo, alquiló un habitacion amueblada en casa del comisario de

210 1627 1217 48 policía Mr. Gataud, mostrándose generoso con todos, y repartiendo abundan-

210 1664 1217 48 tes limosnas. El sagaz ladron manifestaba á todo el mundo que su intencion

210 1702 1219 49 era fijar su residencia en aquel punto, para lo cual pensaba comprar algunas

210 1737 1216 47 fincas. Al momento se le presentaron hermosas propiedades; pero el señor

209 1772 1218 49 conde de Golo no compró más que un castillo, asegurándole al propietario que

209 1808 1215 52 abonaria su importe en todo el mes, quejándose amargamente de su banquero,

209 1846 1217 50 del abandono en que le tenia por no remitirle fondos, á quien le habia escrito

209 1883 1216 50 con este objeto; y que tendria que negociar algunos valores que hubiera desea-

210 1926 1217 44 do conservar en cartera. En un momento llovieron sobre él mil ofrecimien-

210 1953 1215 50 tos, que nuestro conde no quiso rehusar, y ved aquí al ladron recibiendo nue-

214 1994 1211 50 vamente de infinidad de personas diversas cantidades que él guardaba boni-

210 2027 1216 47 tamente en su maleta. Del cura recibió 500 francos, del alcalde á cuyo hijo

210 2063 1215 57 protegia, 3.000, de un propietario llamado Mr. Lebrane 7.000, de Mr. de Ma-
