1686 2199
835 218 144 48 — 20 —

321 277 1176 50 Aparentando gran pesar con tal suceso, la condesa para calmarle le ofreció

268 315 1229 50 sus caballos y carruaje que era todo cuanto deseaba Collet, por lo cual no pu-

268 354 1231 47 so obstáculo alguno. La señora Laferriere en su consecuencia mandó dispo-

268 390 1227 44 ner el carruaje dirigido por el cochero de la casa, y acompañando al obispo

270 422 1229 52 hasta la portezuela, pidióle allí que diera su bendicion á las gentes del castillo,

271 456 1226 53 cuya gracia cumplida se despidieron con las mayores muestras de estimacion.

323 499 1180 47 Rápidamente atravesaron el camino hasta la primera posta, dondo apeándose

267 525 1236 63 Collet, pide un nuevo tiro; y regalando al cochero le despide, agradecido y con-

268 568 474 46 tento como unas castañuelas.

322 601 1179 55 Por fin se encontró el pícaro Collet libre del hombre que era su pesadilla.

312 637 1189 60 —¡Pobre abate! decia entre sí: eres el tonto más tonto de los que están de

272 673 137 51 sobra.

306 711 855 56 —Ahora veremos si te atreves á escapar de la trampa.

748 851 333 59 CAPITULO VII.

604 962 576 58 Que es continuacion del ant rior.

299 1068 1202 54 Muy poco le importó á Collet lo sucedido; al contrario, pues: Collet libre ya

262 1108 1239 55 de todo obstáculo, porque el capellan se habia quedado enfermo del terror que

263 1144 1239 54 le habia ocasionado la emboscada, no pudiendo pasar á Grasse, cansado ya

262 1185 1239 52 nuestro héroe de representar el difícil papel de príncipe de la Iglesia que des-

262 1219 1241 53 empeñara, con tan buen resultado, se determinó á descansar en la primera

263 1260 1242 52 posta, y reflexionando maduramente, resolvió renunciar por algun tiempo su

263 1288 295 57 dignidad postiza.

315 1330 1188 52 Una vez tomada esta resolucion, mandó traer una de las maletas que deja-

260 1364 1240 49 ron en el coche y sacando de ella un vestido de paisano se disfrazó en el ins-

261 1400 1241 53 tante. Guardó la sotana, y falsificando un pasaporte de una de las hojas que ha-

261 1435 1239 52 bia sustraido en el despacho del síndico Cardinal y que tenia guardada con el

261 1473 1241 54 mayor cuidado, se dirigió á París, á cuya capital llegó, presentándose bajo el

260 1509 1243 54 nombre de Anselmo Collet, creyendo que nadie trataria de conocer al pobre

261 1545 1239 54 subteniente de la armada bajo el disfraz de un hombre bien acomodado, y que

261 1582 737 51 seguramente su desercion estaria ya olvidada.

311 1619 1191 53 Pero ¿qué iba á hacer en París? ¡Entregarse á los placeres! ¡Iba tal vez á

259 1656 1241 54 derramar el oro en cambio de algunos momentos de deleite! Sin embargo de

259 1694 1241 51 que estas reflexiones ocuparon su mente por pocos instantes, la conducta del

260 1727 1235 55 fingido ex-prelado fué al principio la de un escolar recien salido del colegio.

261 1762 1238 55 Bailes, conquistas amorosas, duelos y bacanales, nada quedó por disfrutar. Pe-

260 1800 1239 50 ro cansado de una vida tan agitada bien pronto se fastidió de ella, lo mismo

260 1833 1239 56 que se habia fastidiado de otras mil cosas. Collet necesitaba movimiento y que-

261 1867 1238 62 ria ver realizadas todas las circunstancias de la vida que habia imaginado. Por

261 1903 1235 57 lo demás, el sosiego hubiera causado su muerte. Buscando un nuevo recurso,

260 1940 1232 61 halló en las Tullerías al señor de San German, su antiguo protector en el Pri-

259 1975 398 54 tanea de Fontainebleau.

315 2014 1179 55 El anciano, contento con este encuentro, hizo mil preguntas á su protegi-

256 2051 1236 55 do, preguntas á las cuales, como debe suponerse, contesto Collet con otros tan-

260 2084 1232 63 tos embustes, dichos con una serenidad y prontitud tan fáciles que sus men-
