1713 2378
707 174 158 65 — 9 —

211 241 1187 54 Collet creyéndose aun cerca de Nápoles, compró al otro dia un carruaje, y

167 286 1239 52 partió para Gaeta, no sin un gran disgusto del comisario, escelente conocedor,

166 318 1182 53 de ladrones, que así deja deslizar de entre sus manos al más osado de ellos.

190 352 1215 61 ¡Oh qué necio he sido! se decia Collet al partir. Yo he debido divertirme

166 398 1237 47 con ese hombre... pero mi pícara turbacion!.. no, vive Dios que no me suce-

169 432 235 43 derá otra vez

650 611 264 87 CAPITULO III.

169 803 1238 76 Collet robó á un oficial ciertos papeles que le proporcionan la suerte de

199 858 1207 50 relacionarse con el Cardenal de Fesch.—Se hospeda en el mismo pala-

202 903 1205 50 cio del Cardenal donde se hace llamar caballero de Tolozan.—Fingién-

206 932 1199 56 dose millonario halló el modo de estafar á un comerciante en Roma.—

204 976 1203 55 Segundo peligro en que se ve Collet y del cual se salva por su astucia

206 1010 175 52 y dinero.

220 1182 1183 57 Orgulloso nuestro caballero de industria se dirigia á Gaeta cuando en las

167 1224 1241 54 cercanías de Gondé vió á un oficial que caminaba á pié enmedio de un sol

167 1261 1241 54 abrasador. Collet mandó parar el carruaje que le conducia, y ofreció al oficial

169 1299 1239 52 un asiento á su lado. Acepto, contestó este, porque tal vez no podria llegar á

166 1334 1242 55 mi destino. Montó en el carruaje siguiendo este su interrumpida marcha. ¿Dón-

167 1371 1241 54 de os dirigís? preguntó Collet al oficial, su improvisado compañero de viaje: á

170 1409 1236 52 Terracini, le contestó este. Nuestro marques continuó haciendo mil preguntas,

170 1447 1237 44 ofreciendo al oficial su influencia con personas de elevada posicion y que no

169 1488 1241 47 podrian negarle nada. El oficiai sacó de su bolsillo una cartera que contenia

167 1523 1244 49 su hoja de servicios, su nombramiento de capitan, el diploma de caballero de la

166 1553 1239 52 legion de honor, una licencia y varias cartas. Collet examinó aquellos docu-

167 1594 1240 48 mentos sin afectacion y devolvió su cartera al oficial... ¡La cartera estaba ya

169 1635 1242 44 vacía! Luego que llegaron á Terracini, se despidieron, dando las gracias nue-

166 1661 1242 55 vamente al señor marqués, el pobre oficial que tan indignamente habia sido ro-

166 1701 1241 49 bado. Collet parte para Roma; algunos dias despues, llegó á esta ciudad, te-

165 1734 1242 58 niendo la precaucion á su llegada de abandonar á su criado para poder mudar

173 1772 1003 52 de carácter á su sabor.

198 1804 1210 56 Provisto de los papeles del desgraciado capitan, tomó su nombre, colocóse

167 1850 1241 49 en un ojal de su frac la cinta de la legion de honor, y se hizo llamar el caba-

167 1883 1240 53 llero Tolozan. Con este nombre, que era el del oficial robado, consiguió rela-

167 1916 922 57 cionarse con gran número de altos personajes.

203 1944 1209 65 Una noche estaba Collet en una reunion de personas distinguidas en la cual

167 1990 1219 59 se habia hecho presentar, cuando se le aproximó un sacerdote y le dijo:

170 2029 900 53 —Tengo el gusto de hablar al señor Tolozan de Leon?

177 2067 1160 65 —En esa ciudad he nacido, respondió Collet con extraordinario aplomo.

1130 2118 71 63 2
