1743 2373
843 150 165 21 — 24 —

292 164 1238 64 él mismo se habia otorgado. dando á conocer su autoridad. A su repentina

296 220 1230 41 aparicion en aquella capital, el comandante de armas que no habia recibido

296 246 1229 49 aviso alguno anterior de esta visita, manifestó estrañeza y aun resentimiento

295 283 1230 50 de que no se le hubiese prevenido oficialmente. Pero Collet, sin abandonar

296 326 1229 44 su aire de dignidad, se dió tal maña á satisfacerle, que con sus agradables pa-

295 354 1231 50 labras, y más que esto con sus dulces promesas, logró calmar completamente

294 394 1231 51 aquel pasagero disgusto. Una vez conseguido este ligero éxito, Collet presentó

295 435 1230 39 el nombramiento hecho á su faver de inspector genesal encargado de la or-

294 464 1232 51 ganizaciou del ejército de Cataluña, con ámplios poderes para disponer del te-

297 507 1229 44 soro público, y nombrar con libre eleccion los oficiales que habian de formar

296 541 1229 44 su estado mayor. Y como para dar valor á su palabra, Collet al tiempo de des-

294 580 1232 43 cender la mano que sin afectacion habia tenido colocada sobre su pecho, de-

295 609 1230 50 jó ver la gran cruz de la legion de honor, á cuya vista el comandante se incli-

295 648 1229 45 nó respetuosamente, é inmediatamente dió las órdenes necesarias para que la

295 685 1230 50 guardia prestara los honores de ordenanza al señor inspector general, lo que

295 726 1230 45 se llevó á efecto rindiendo las armas, y acompañándole el estado mayor á su

295 755 1229 50 alojamiento, donde anuncia que al dia siguiente pasará revista á los cuerpos

294 792 295 59 de la guarnicion.

349 823 1175 52 En efecto, á las diez de la mañana del dia prefijado, y seguido de una lu-

291 863 1231 50 cida y numerosa escolta, se presenta en la esplanada de la ciudadela, en cuyo

286 899 1236 51 punto se hallaba la tropa formada en órden de parada. Saludado por los jefes

292 936 1232 50 superiores y al compás de brillantes marchas, nuestro conde de Borromeo re-

292 979 1232 46 pasa las filas, observando con la mayor escrupulosidad los más insignificantes

292 1013 1230 42 accidentes. En una de estas observaciones, acordándose de que él mismo se

292 1046 1230 45 habia dado el derecho de crearse un estado mayor, reparó en un jefe, cuyo

291 1079 1230 54 rostro tostado y aire marcial revelaban á primera vista al militar de temple.

291 1116 653 53 Collet se detuvo ante él y le interrogó:

329 1154 645 53 —¿Cuánto tiempo llevais en el servicio?

328 1187 263 48 —Veinte años.

321 1219 865 57 —De modo que contareis muchas acciones de guerra.

323 1259 1199 52 —Ví por primera vez las balas en las campañas de Egipto, y desde entonces

291 1302 1053 53 acá he faltado solamente á una por hallarme gravemente enfermo.

326 1335 856 47 —Padeceis de algun ataque?

320 1368 1201 54 —Unicamente padezco de las heridas recibidas en campaña, que como po-

294 1405 1115 49 deis saber, mi general, no son pocas; aun cuando ninguna me inutiliza.

330 1446 1187 51 —Seguidme, pues, os hago teniente coronel y oficial de la Legion de honor.

326 1476 1195 58 —A vuestras órdenes, mi general; desde hoy me dedido todo á vuesrra ser-

287 1506 133 54 vicio.

350 1554 1171 49 Y el valiente veterano, lleno de satisfaccion por la doble merced, quedó

291 1588 434 52 completamente conmovido.

346 1624 1174 54 No tardó mucho en difundirse por las filas la ocurrencia de esta eleccion.

288 1663 1229 56 con lo que cada cual, creyéndose predestinado, á trueque de tales ventajas,

294 1698 478 51 quisiera ser de estado mayor.

344 1732 1177 55 Su excelencia el general Collet eligió de esta manera un capitan y dos te-

288 1773 1017 42 nientes, á quienes convidó á comer, dando por finalizado el acto.

290 1807 1224 54 Antes de regresar á su casa tuvo á bien visitar las cajas de fondos públicos,

290 1848 1227 43 estrayendo de ellos unos 20.000 francos. Con tal principio, fácil es colegir cua-

288 1882 1226 48 les serian sus mayores presas. En tanto que duró la comida, determinó lospue-

290 1920 1222 42 tos y atribuciones que competian á cada uno de los oficiales de estado mayor

286 1953 1231 49 previniéndoles que al dia siguiente saldrian para Aviñon. Llegados que fueron

279 1988 1242 69 á este último punto, agregó al estado mayor tres oficiales, aumentando al tota
