1625 2324
777 154 163 65 — 1O —

248 227 1211 54 —Entonces somos paisanos y además sois cuñado de mi querido amigo M.

223 264 252 51 de Courtine...

273 282 1191 67 Collet estuvo á punto de turbarse, pero recordando que entre los docu-

222 330 1242 59 mentos escamoteados al oficial, se encontraban algunas cartas firmadas por

222 365 1030 62 Courtine, sacó la cartera y entregó al eclesiástico aquellas cartas.

262 398 1204 60 —No cabe duda, sois el mismo, la letra y la firma de un amigo, exclamó lleno

220 433 1246 66 de júbilo aquel venerable anciano, engañado tambien por Collet. Yo no puedo

222 476 1242 62 permitir, continuó, que tengais otro alojamiento que el palacio del cardenal Fesch

224 520 479 53 de quien soy secretario, y...

258 555 608 47 —Os estoy agradecido, señor, pero...

257 578 1210 67 —Nada, no admito escusa. Hasta el cardenal se enfadaría si obrase de otra

226 631 140 50 manera.

282 649 1186 63 Despues de una breve discusion, Collet aceptó el ofrecimiento, pensando del

224 690 1242 60 modo siguiente. Voy á habitar el palacio del tio de Napoleon, y un hombre co-

226 728 1242 64 mo yo no debe perder esta fortuna que se presenta muy pocas veces. Mucha

231 766 974 61 desgracia habia de ser la mia para salir con las manos vacías.

295 797 1172 60 Collet al dia siguiente se trasladó al palacio situado en la Plaza Colonna, y

231 836 1238 57 esta circunstancia acreció mucho la consideracion de que ya gozaba. El carde-

231 876 1237 53 nal no se hallaba en Roma, llegó al tercer dia y fué recibido por el Abate y Co-

229 910 1240 55 llet de rodillas, levantándoles su eminencia despues de haberles bendecido. El

229 947 1237 62 Abate, presentó al caballero Tolozan al prelado, y este le recibió con afabilidad,

233 986 895 52 convidándole á una opípara comida para el siguiente dia.

291 1018 1180 54 Todo venia de molde á nuestro caballero de industria. Rogó al Abate que

233 1058 1236 53 le relacionase con algun mercader de telas; Collet le compró valor de 3.000

233 1092 1236 59 francos que pagó en el acto.—Yo espero, dijo el abate al mercader, que trata-

235 1132 1233 50 reis con conciencia á este caballero, pues á pesar de ser millonario, no se en-

235 1167 928 47 cuentra en el caso de pagar el doble del valor de las telas.

282 1207 1182 44 Lo de millonario hizo su efecto al mercader, Collet lo advirtió y pensó sacar

236 1234 1233 60 partido. Durante algunos dias hizo algunas compras en la tienda del mismo

237 1278 1234 49 mercader, procurando hacer ver mucho oro cuando pagaba. Por último, sin

238 1310 1233 58 dar importancia á la pregunta, le dijo si tenia corresponsales en Francia, á lo que

241 1354 477 44 le contestó afirmativamente

250 1385 1221 53 —Siendo así, le dijo Collet, quizás os sea posible negociarme una letra de al-

242 1418 407 55 gunos miles de francos.

275 1458 909 51 —Tendré á mucho honor haceros ese pequeño servicio.

277 1495 1198 49 —Dos condiciones exijo sobre este particular; la primera, que teneis de guar-

242 1529 1231 51 dar secreto, porque su eminencia el cardenal no me perdonaria la falta de con-

242 1569 1230 46 fianza; y la segunda que la letra no ha de circular ni salir de vuestro poder

244 1602 365 48 hasta su vencimiento.

279 1635 1194 56 —Haré, caballero, todo lo que os plazca, y lo ruego que dispongais de mi á

245 1671 245 51 vuestro antojo.

295 1706 1178 58 Aquel mismo dia falsificó Collet una letra de 20.000 francos, y al dia siguien-

244 1748 1229 53 te le remitió el mercader dicha suma, menos el descuento del giro.—Despues

246 1781 1227 51 de haber engañado á aquel honrado mercader, hizo una trampa de 30.000

245 1819 1227 47 francos, con el mismo ardid, al banquero del cardenal, y asi de uno en otro pa-

248 1852 1221 58 só revista á todos los dependientes del cardenal Fesch. Como todos ellos ofre-

249 1894 1226 52 cieron secreto, Collet estaba seguro: el ladron se encontró á poco tiempo dueño

249 1927 1227 53 de más de 300.000 francos en oro, y se proponia abandonar á Roma, cuando

250 1961 1225 57 un dia que se encontraba solo con el Abate en su desqacho sustrajo de encima

250 1996 1225 56 de una mesa una coleccion de actas de presbiterato y una bula de nombramien-

250 2038 1226 63 to de obispo. Estos papeles eran para Collet de más precio que el oro, de mo-
