1654 2359
697 224 165 52 — 19 —

149 296 1231 38 30.000 francos en cambio de un abonaré de dicha suma firmado por don Pas-

149 325 151 44 cualini.

204 353 1182 58 Averiguó Collet que el general Laferriere poseia á corta distancia de Gras-

149 393 1235 48 se, una casa de campo muy hermosa en la que habitaba ordinariamente su es-

150 431 1234 55 posa. Fingió que era amigo del general, y manifestó deseos de pasar algunos

149 466 1233 50 dias en su quinta, en tanto que se restablecia su capellan. Recomendó el enfer-

149 503 1227 48 mo á los facultativos, mandó enganchar su carruaje con caballos de posta, y

149 537 1235 55 partió para la quinta. Al llegar á ella dió dos monedas de oro al postillon y le

149 583 1079 46 mandó volver á los ocho dias. El postillon regresó con sus caballos.

203 615 1179 46 La esposa del general apenas vió el carruaje se presentó para recibir al

157 655 439 48 prelado, que le dijo:

188 685 1194 50 —No es otro mi objeto, señora, que el de ocupar un cubierto en la mesa de

148 720 382 54 mi querido Laferriere.

190 757 1192 47 —Para mí será completa la satisfaccion... Mi esposo se halla ausente: mas

149 798 1233 51 toda vez que sois amigo, yo, anticipándome á sus órdenes, os las ofrezco al

152 833 367 51 paso que mi inutilidad.

188 862 1194 56 —Gracias, señora. La amistad que profeso á vuestro esposo cuenta muchos

150 908 1231 44 años de antigüedad; pues aun cuando hoy me veis vistiendo el traje de sacerdo-

149 940 1006 48 te, he tenido en otro tiempo el gusto de servir bajo sus órdenes.

186 985 1195 37 —Es un nuevo motivo para merecer mi estimacion... Los amigos del cam-

152 1014 1230 48 pamento lo mismo que los del colegio jamás se olvidan... Tomaos la molestia

150 1051 321 45 de pasar adelante...

208 1079 1173 54 La señora Laferriere diciendo que su marido estaba ausente, no decia nada

155 1125 1231 46 de nuevo para Collet que sabia de antemano este hecho; pues á saber que el

155 1158 1159 52 general se hallaba en casa, se hubiera guardado muy bien de presentarse.

207 1197 1175 48 Inmediatamente fué conducido por la condesa á la sala de estrado donde se

150 1235 1232 44 le ofreció un sitial en el cual se arrellanó cómodamente, haciendo entonces re-

149 1267 810 52 caer la conversacion sobre los motivos de su viaje.

213 1305 1169 48 Collet dijo que habiendo sido destinado á las órdenes del general Laferrie-

149 1345 1231 41 re, este le habia agregado en calidad de oficial de ordenanzas, en cuyo tiempo

152 1381 1230 40 fué herido de gravedad y en esta circunstancia se vió precisado á abandonar

149 1412 1232 46 la carrera de las armas y dedicarse al servicio de la lglesia que habia sido

152 1452 1229 45 siempre el objeto de su vocacion, y que S. M. el emperador para recompensar

149 1488 1232 45 sus pasados méritos de guerra, le habia conferido la dignidad de Obispo, de-

149 1525 1235 46 clarando que en su nuevo estado no olvidando la amistad que conservaba á su

150 1566 1236 40 antiguo jefe, se habia visto inclinado á venir á ofrecerle su inutilidad. Añadió

149 1601 1237 46 que sentía mucho no verle, pero que este sentimiento quedaba recompensado

149 1631 1231 47 con el placer que recibia en conocer á la señora condesa. La esposa del gene-

149 1669 1235 46 ral quedó hechizada de tal lenguaje y agradeció con palabras llenas de finura

149 1705 552 48 el favor que la prodigaba S. R. I.

197 1744 1183 43 A este tiempo se presentó un lacayo anunciando que la comida estaba ser-

149 1778 1233 48 vida, y al recibir el aviso la condesa y el Obispo se trasladaron al comedor en el

148 1817 1232 43 cual se designó á Collet el sitio de preferencia, que ocupó sin afectacion alguna,

149 1854 1232 47 echando muy sério la bendicion y portándose de modo, que nadie hubiera sido

146 1885 825 49 capaz de dudar lo más mínimo en contra de S. R. I.

195 1921 1181 54 Cuando acabaron de comer, el reverendo Obispo hizo llamar al postillon,

148 1964 1234 43 manifestando la necesidad que tenia de marchar; pero habiéndole contestado

148 1998 1233 49 que el postillon habia desaparecido con el carruaje, mostró la mayor sorpresa

148 2037 194 54 y asombro.

183 2065 1193 56 —No sé cómo explicarme su marcha, dijo en alta voz, cuando sabia que me

144 2104 779 63 habia de conducir hasta el camino de Dauphini...
