1753 2480
791 16 150 54 — 2 —

186 67 432 54 y omisiones en que incurra

179 110 386 49 quien en un papel relata

176 140 440 59 lo que ha visto por sus ojos

175 174 384 57 de la terrible desgracia,

173 213 465 58 con lo que otros le contaron,

175 256 457 44 ya que en la familia humana

172 285 570 64 no hay quien vea á una misma hora

172 321 449 59 lo que en varias partes pasa.

172 360 500 58 ¡Esto no es posible al hombre;

169 392 412 51 solo Dios á tanto alcanza!

168 434 406 50 Así, con permiso de este

170 462 439 54 y dos cuartos que se pagan

166 502 429 56 por tener en malos versos

168 537 333 54 una relacion exacta,

165 574 502 55 á empezar voy, pues no quiero

163 608 386 69 ser tenido por machaca.

161 697 362 97 En la rica Barcelona,

162 779 433 60 primera ciudad de España,

163 822 457 48 por industria y por comercio

162 852 408 61 hoy como antes afamada,

146 887 405 52 dia quince de setiembre

147 925 459 53 el sesenta y dos de gracia,

154 961 451 55 noche del domingo al lunes

158 996 449 63 que es principio de semana,

161 1038 353 44 descargó tal aguacero

159 1070 371 51 con furor y saña tanta

161 1107 445 55 que allá junto á S. Antonio,

152 1139 379 55 arreciando la borrasca,

158 1179 407 51 cual preludio del suceso,

159 1215 406 49 se inundaron varias casas

157 1246 410 49 mil temores infundiendo,

154 1284 482 56 do quier sembrando la alarma

158 1321 412 56 que crecia, con lo oscuro

158 1359 364 42 de la noche malhadada.

159 1387 425 58 Y la lluvia que á torrentes

155 1430 331 49 su furor aumentaba,

154 1457 408 61 pareciendo que se abrian

152 1496 356 52 del cielo las cataratas,

152 1536 461 55 sembró el duelo y la tristeza

158 1570 372 48 en la gente atribulada,

152 1610 393 51 pues hacia algunos dias,

152 1647 362 40 en la anterior semana,

154 1680 386 50 y merced á otro diluvio

151 1711 389 55 se llenaron varias casas,

152 1748 330 52 y así los inteligentes

148 1775 394 62 la catástrofe auguraban.

148 1815 371 50 Al fin se pasó la noche

147 1855 431 55 diluviando y sin desgracias

146 1893 416 48 personales, por supuesto,

146 1928 460 47 aunque el cielo, encapotada

146 1966 398 49 su sañuda faz mostrando

144 1996 367 52 los temores redoblaba,

144 2034 507 57 sin que al mostrarnos la aurora

144 2073 385 47 de sus rayos la luz clara

144 2103 385 60 de acabarse el aguacero

143 2138 350 58 indicase la esperanza.

144 2176 392 87 A las nueve aun la lluvia

986 110 389 23 sus furores continuaba:

986 118 426 58 despues fué disminuyendo

986 157 379 46 renaciendo así la calma

983 194 379 48 en aquellos que temian

986 227 389 59 ver sus casas inundadas.

982 264 372 52 Cesa casi por completo

982 304 393 51 á las diez de la mañana,

981 340 399 52 cuando un caudaloso rio

981 373 405 47 precipitase en la Rambla

981 407 432 55 de repente, y arrastrando

979 445 466 56 cuanto á su paso encontraba

982 482 405 47 vigas, carros y personas,

978 513 449 53 produciendo mil desgracias

979 555 374 45 con aquel furor insano,

977 584 395 53 con su inesplicable saña

977 620 464 53 parecía ¡ oh Dios ! decirnos :

975 662 467 46 Lo que bombas no alcanzaran

974 695 380 54 en tus contiendas civiles,

972 726 435 59 lo alcanzaron fieras aguas.

972 759 567 60 De hoy mas quien busque á Barcino !

972 803 426 66 la hallará solo en el mapa!

999 907 412 87 Describir las mil escenas

970 969 477 64 que en aquel momento pasan,

968 1009 390 56 rasgos del valor heróico

968 1042 451 61 que distingue á nuestra raza

970 1082 437 51 y do quier se presenciaron,

966 1114 449 51 los peligros que arrostraran

964 1154 429 52 así los hombres del pueblo

963 1187 435 57 como los bizarros guardias,

963 1227 448 52 no son para nuestra pluma;

961 1255 399 52 es para ello mal cortada.

995 1292 428 51 Para el anhelado ensanche

959 1328 482 56 que á Barcino ha de dar fama.

959 1364 460 64 que con París y con Lóndres

957 1406 394 53 debe al menos nivelarla,

957 1434 354 62 con universal aplauso

956 1475 331 51 derribóse la muralla

956 1514 373 41 que la circuia, cuando

955 1543 398 57 eran muros salvaguardia

955 1583 362 52 contra fieros enemigos

953 1616 375 52 que una plaza sitiaban.

986 1658 370 43 Pues el arte de Belona

952 1686 361 48 al mostrar la ineficacia

950 1719 450 52 de los muros, dió á Barcino

950 1762 393 49 el espacio que anhelaba,

950 1789 377 59 Efecto de aquella lluvia

950 1825 421 55 tan copiosa, las montañas

946 1869 392 47 que circuyen Barcelona,

948 1906 416 47 por torrentes desbordadas

946 1941 328 44 á la llanura lanzaron

946 1972 433 56 con furor sin par las aguas.

945 2007 336 51 Su caudal enfurecido

945 2048 311 44 une la Riera Blanca

945 2083 391 44 al que con rapidez suma

946 2119 432 46 vá juntando la de n Malla;

942 2156 387 49 afluyen de todas partes,

942 2194 430 64 aguas, aguas y mis uguas
