1860 2629
1366.0 269.0 230.0 101.0 Núm. 100

107.0 1213.0 1544.0 171.0 Coplas novas, humorísticas y epigramáticas

381.0 1356.0 1005.0 85.0 Seguit de unas endevinallas modernas extretas de lletras del abecedari

508.0 1432.0 742.0 121.0 Escritas per J. F. (a) Queri

177.0 1533.0 489.0 59.0 Un pagés bastant tanoca

133.0 1581.0 459.0 55.0 va aná'l teatro una nit,

133.0 1619.0 551.0 70.0 y una entrada y una butaca

133.0 1665.0 542.0 74.0 va aná á comprá tot seguit.

131.0 1715.0 509.0 63.0 Li van dá 'l número cent,

131.0 1757.0 487.0 54.0 «y ahont era, preguntá»

135.0 1800.0 577.0 55.0 y un trempat de bona sombra

131.0 1851.0 415.0 52.0 á la comuna 'l portá.

85.0 1892.0 730.0 106.0 —Com que á las comunas hi ha 'l número cent.

179.0 2002.0 402.0 70.0 Una que venía figas

133.0 2052.0 538.0 68.0 tan gran escandol va armá,

131.0 2103.0 548.0 85.0 que hi va aná un municipal

135.0 2153.0 400.0 55.0 y'l pané li va abocá,

135.0 2190.0 474.0 70.0 Totas las figas per terra

129.0 2239.0 430.0 63.0 se li varen fer malbé;

131.0 2280.0 432.0 62.0 tan sols ne salvá una,

129.0 2322.0 533.0 87.0 de prop del cul... del pané,

83.0 2372.0 502.0 94.0 —No sé si era de coll de dama.

984.0 1533.0 404.0 64.0 A ca la meva xicota,

936.0 1581.0 434.0 62.0 jo no sé com ha sigut

938.0 1629.0 546.0 60.0 que tot fent brometa ab ella

938.0 1680.0 467.0 52.0 la petaca allí he perdut.

938.0 1715.0 496.0 61.0 Ella m'ha dit al moment:

938.0 1759.0 535.0 63.0 —Aixó ray, no'n fassis cas;

934.0 1809.0 535.0 66.0 que si tu sabs ben buscarla

934.0 1853.0 522.0 61.0 «be prou que la trobarás».

894.0 1899.0 424.0 85.0 —Palpan, palpan, pot ser.

980.0 2000.0 443.0 81.0 Un peixaté peix venía

938.0 2061.0 472.0 72.0 y anava cridant la gent

938.0 2114.0 476.0 65.0 y si'l peix li remenavan

934.0 2155.0 507.0 66.0 e'enfadava en el moment.

936.0 2197.0 505.0 85.0 Trieu pops, raps y varats,

932.0 2252.0 421.0 52.0 alsa noyas, remaneu:

932.0 2287.0 495.0 63.0 no'm remaneu la sardina

934.0 2333.0 583.0 83.0 que es lo qu'm sab més greu.

892.0 2379.0 588.0 96.0 — Com que luego's fa malvé del cap...
