1732 2476
214 241 512 68 las rendijas de las cruces

216 288 572 62 que ya se estaban cayendo...

169 336 617 74 Mat. Eso no merece el nombre.

167 385 551 85 Cam. Yo me corro de leerlo.

222 435 442 74 ¡Vea V. qué vagatelas,

220 476 547 85 para aquel que estaba hecho

214 538 409 58 á salir á los caminos

222 577 471 79 y robar los pasajeros...!

216 635 454 64 mas, sigamos el relato,

216 680 502 77 si me deja el sentimiento.

353 738 274 60 Sigue leyendo.

225 782 443 63 Todos estos embelecos

214 819 607 80 que en mi cueva están guardados

227 876 485 73 y no es justo devolverlos,

229 922 520 76 pues ninguno lo que hurta

222 975 574 71 lo devuelve en estos tiempos,

222 1019 500 68 se los dejo á Camachicos,

222 1068 570 73 mi mas estimado nieto (llora)

225 1122 534 76 á quien siempre he cuidado

229 1169 510 104 y es mi legítimo heredero.

1040 222 248 66 Deja de leer.

889 268 454 74 Ya no puedo leer mas,

893 319 516 81 porque la pena que tengo

893 381 388 68 no me deja respirar

893 412 552 77 de acordarme de mi abuelo.

846 466 613 78 Mat. Pues amigo, á la taberna.

848 524 613 61 Cam. Ella es todo mi consuelo.

846 575 555 72 Mat. Sin el vino yo no vivo.

848 614 615 75 Cam. Sin el vino yo me muero.

850 664 644 76 Mat. Dos azumbres no me bastan

900 720 452 72 para sosegar el pecho.

848 765 648 68 Cam. Cuatro pienso yo beberme

891 815 556 68 en el nombre de mi abuelo.

848 858 650 84 Mat. Pues vamos, y este sufragio

900 909 493 77 por su alma aplicaremos.

844 955 590 72 Cam. Yo le aplicaré bastantes,

900 1015 514 62 que lo quise con estremo.

848 1058 630 66 Los dos. Vámonos, pero primero

902 1116 481 66 pidamos á los presentes

900 1153 600 122 el perdon de nuestros yerros.

247 2172 1191 124 Imp. de Marés y compañía, plazuela de la Cebada, núm. 13.
