1860 2629
1390.0 214.0 151.0 75.0 (N.° 52)

554 1402 569 144 CANCIONES

344 1527 1010 83 DE DESPEDIDA QUE DIRIGEN LOS QUINTOS

565 1605 564 84 A SUS QUERIDAS DAMAS.

150.0 1746.0 424.0 70.0 Maria cara de cielo

102.0 1811.0 578.0 61.0 más bonita que la aurora,

103.0 1876.0 519.0 60.0 con esos ojos tan negros

100.0 1925.0 569.0 67.0 á todo el mundo enamora,

149.0 1990.0 394.0 65.0 Es Maria la virtud

99.0 2049.0 516.0 65.0 de este mundo generoso

96.0 2111.0 424.0 59.0 lleve la sal de Jesús

97.0 2164.0 556.0 67.0 con el vestir tan precioso.

146.0 2233.0 488.0 62.0 Con esa cara tan bella

97.0 2288.0 450.0 66.0 sale Maria al balcon,

97.0 2347.0 538.0 65.0 tus ojos son dos estrellas

106 2402 687 89 que relumbran más que el sol.

914.0 1735.0 493.0 76.0 Sal Maria á ese balcon

867.0 1802.0 604.0 70.0 con tus perlas y diamantes,

864.0 1857.0 474.0 63.0 échanos la bendicion

866.0 1916.0 619.0 80.0 que aquí tienes á tu amante.

913.0 2101.0 492.0 75.0 Mónica tú eres la luna

864.0 2161.0 461.0 70.0 Mónica tú eres el sol,

864.0 2225.0 518.0 65.0 eres la mujer más linda

863.0 2279.0 617.0 75.0 que en el mundo he visto yo.

908.0 2350.0 516.0 62.0 Eres la aurora brillante

853 2401 579 96 y eres el sol de la España,
