1842 2600
132 264 455 46 arde en su pecho valiente,

134 291 438 51 si le insultan se alborota

137 340 446 52 y así mató á un insolente

135 375 351 61 en el juego de pelota.

171 429 325 56 El respeto le faltó

134 479 416 48 disputando una jugada.

134 518 331 51 al punto le desafió

137 557 404 55 y de una sola estocada

138 598 370 62 Félix Torrellas mató.

171 647 443 65 De los Cadells la malicia

135 704 465 50 por ser Serrallonga Narro

138 748 395 47 le acusan con justicia,

140 784 439 55 y aquel joven tan bizarro

137 823 374 63 le persigue la justicia.

177 881 373 55 Barcelona abandonó

140 925 427 54 viéndose así perseguido,

141 963 431 53 hasta el nombre cambió

140 1008 440 53 por temor de ser cogido:

138 1044 451 65 por eso á Francia marchó.

177 1105 493 88 Montada una hermosa dama

138 1171 338 49 en un brioso alazán

140 1223 384 45 está á punto a perecer,

140 1250 372 61 y la liberta D. Juan

176 1310 430 52 Serrallonga diz la fama,

141 1353 501 59 siempre fué apuesto y galán,

140 1395 446 52 toda España lo proclama

141 1434 486 55 mas viendo con dulce afán,

140 1476 488 68 montada una hermosa dama.

182 1542 408 46 Unos que cazando van

144 1581 415 46 un pedreñal dispararon

145 1619 453 55 viróse al punto D. Juan

144 1666 481 48 viendo una dama asustaron

143 1700 349 52 en un brioso alazán.

160 1757 439 58 Corre y á más no poder

144 1809 409 50 el bruto con furia loca

145 1853 367 43 sin poderse detener;

143 1889 446 52 la dama grita y se apoca,

143 1924 423 65 y está á punto á perecer.

180 1981 384 55 Serrallonga al alazán

141 2020 464 67 clávale al pecho una daga

144 2069 459 52 cuando cerca el río están,

145 2113 460 58 cae en sus brazos la dama

144 2147 368 65 y la liberta D. Juan.

184 2215 369 75 Está loco, enamorado

147 2270 477 55 de aquella hermosa matrona

145 2311 425 62 por ella salió de Francia,

145 2355 431 90 por ella fué á Barcelona.

976 252 458 45 Cuando se miró abrazado

937 288 473 51 con aquella dama hermosa

937 332 400 52 que él había libertado;

941 371 479 55 y que en sus brazos reposa,

937 420 360 52 está loco, enamorado.

978 468 495 57 «Mucho os debe mi persona

937 512 462 51 caballero en este instante,

939 556 430 47 vuestro valor os abona»,

940 598 490 52 y de entonces fué el amante

939 632 486 62 de aquella hermosa matrona.

978 691 465 54 Amándola con constancia

939 735 459 58 de ella fué correspondido,

940 774 517 55 mas viendo que con instancia

940 814 470 61 quieren darle otro marido,

939 856 430 67 por ella salió de Francia.

978 915 414 57 Exponiendo su persona

940 959 509 60 pues que le sobra arrogancia

940 1006 445 55 su amor á todas pregona,

943 1041 432 55 y con valor y constancia

939 1089 429 55 por ella fué á Barcelona.

985 1152 494 61 Vé que su amada es hermana

943 1200 422 55 de su enemigo Torrellas ;

943 1245 404 46 mata á su futuro eeposo

941 1279 523 62 y marcha á los montes con ella.

983 1341 427 52 La suerte cruel é insana

944 1389 409 43 le descubre por su mal

944 1424 457 58 que la persigue inhumana

947 1466 360 55 y de su odioso rival

944 1497 532 68 vé que de su amada es hermana.

985 1562 397 54 Por políticas querellas

944 1603 429 63 su padre se vé insultado,

949 1652 410 56 y para vengar aquellas,

949 1685 456 55 vengarse el hijo ha jurado

946 1733 419 59 de su enemigo Torrellas.

988 1785 436 62 En un coloquio amoroso

949 1828 427 58 halla á Juana, don Luis,

950 1870 445 55 con Serrallonga y furioso

949 1918 400 53 para vengar un mentís

943 1955 425 67 máta á su futuro esposo.

986 2006 418 63 Para vengar la querella

949 2055 458 53 de su padre allí ultrajado,

949 2095 465 55 dice su nombre á su bella;

950 2137 494 58 á su hermano ha perdonado

949 2175 523 81 y marcha á los montes con ella.

988 2254 430 68 El Fadrí de Sau le incita

950 2305 364 59 porque sea el capitán,

953 2345 445 81 de un puñado de valientes,
