1656 2572
363 993 954 147 SEGUNDA PARTE.

104 1271 1466 126 EN QUE PROSIGUE LA HISTORIA DEL MENCIONADO

101 1343 1463 103 Cavallero: Dase cuenta como por permision de Dios, encontró

101 1398 1463 103 con el Demonio, el qual lo llevó engañado á un bosque en donde

101 1450 1462 96 se abrió la tierra, y baxaron á los infiernos donde vió al con-

101 1496 1462 107 denado que le avia negado los papeles, é instrumentos de su Legi-

171 1551 1370 100 tima. Tambien refiere como salió por una cueva junto al

207 1598 1248 108 castillo de Murviedro, con otras individuales noticias

308 1656 1021 107 que verá el curioso Lector. Sucedió dia 4.

619 1712 439 79 de Enero de 1756.

102 1935 590 107 EN la primera, quedó

98 2001 658 78 tan triste, y tan afligido

97 2046 506 74 aquel pobre Cavallero,

97 2093 582 106 rogandole á Dios propicio

829 1969 534 84 le favorezca, y ampare;

830 2027 580 79 pues vá á tomar el camino

838 2073 576 84 de la gran Reyna del Cielo

833 2121 554 136 de Monserrate, prodigio;

1371 2250 124 90 pero,
