1865 2640
303 253 465 83 pues por ser inefable,

302 313 669 81 no hay pluma, que al referirlo

302 365 519 69 no titubea en su curso,

302 413 513 76 pidiendo á vozes asilo:

300 464 590 78 En vos llevo mi esperanza,

303 517 540 68 y solo en vos me confio

297 563 556 66 Misterio de los Misterios,

302 617 544 65 y de las Personas Tríno,

299 660 619 76 Padre, Hijo, Espiritu Santo

293 723 552 61 en un solo Dios lo miro;

293 768 522 60 al Padre como Criador,

296 819 587 65 y qual procedente al Hijo,

297 866 561 69 y al Santo Espiritu vemos

293 912 688 73 que procede de ambos mismos.

296 960 587 78 Y siendo tres las Personas,

292 1011 545 71 solo es un Dios infinito;

294 1067 568 60 y aqueste me ha de valer

290 1122 552 60 en un lance tan preciso,

289 1163 619 73 en una accion tan horrenda,

289 1210 548 77 y en un caso tan impio,

287 1264 477 72 que la pluma titubea

290 1315 525 68 al aver de referirlo:

292 1361 654 79 Atencion, que ya comienzo,

283 1415 607 66 pues me es preciso decirlo.

280 1463 521 65 En la noble Tarragona,

280 1515 656 70 que en la abundante del sitío,

280 1562 644 73 en lo fertil por sus frutos,

277 1617 535 68 y fecunda, por los rios

275 1663 713 74 no ay Ciudad, q aquesta iguale,

278 1713 713 77 ni en nuestros tiepos se ha visto,

280 1765 538 68 por ser esta en Cataluña

283 1811 656 78 quien todo el lauro ha tenido.

281 1862 530 72 En esta Ilustre Ciudad,

280 1912 529 62 un Cavallero ha nacido,

278 1962 637 76 que por ser de Noble sangre,

280 2016 591 71 su nombre aqui no lo digo.

278 2060 542 71 Casose al fin con señora,

286 2110 573 78 igual á su Estírpe limpio,

280 2169 512 63 y este feliz matrimonio

283 2216 557 117 á luz les ha dado un hijo,

1030 1619 467 75 del Militar exercicio;

1043 274 505 76 de calidad tan estraña,

1046 327 544 74 tan ínclinado á los vicios

1046 384 540 60 que no pueden sujetarlo

1046 423 701 90 de la infancia en sus principios.

1046 479 541 71 Todo es hazer travesuras

1043 532 505 67 delitos, y mas delitos;

1044 580 537 69 y apenas los diez y ocho

1043 629 527 66 Abriles huvo cumplido,

1041 684 608 69 quando tuvo una pendencia

1041 728 501 66 con un Cavallero rico,

1046 781 556 56 y por ser la parte gruessa

1040 830 562 69 le fue ansentarse preciso;

1043 875 516 70 y saliendose de España,

1038 925 510 69 y tomando su camino,

1040 984 440 55 en breves dias llegó

1038 1023 485 71 á la Corte del invicto

1034 1075 563 66 Emperador de Alemania,

1034 1126 618 69 en donde haviendola visto,

1033 1176 516 63 sentó plaza de soldado

1033 1232 573 64 mostrando valor, y brio;

1035 1283 614 54 y á pocos años que estuvo

1028 1321 627 78 le han honrado sus servicios

1030 1375 501 68 con una rica Vandera,

1030 1425 503 72 en paga del beneficio.

1028 1472 618 73 Prosiguió con tanto acierto,

1024 1528 598 69 que apenas huvo cumplido

1025 1581 550 57 cavales, los veinte años

1025 1671 571 72 quando su Real Magestad

1024 1723 563 70 le dió el Baston merecido

1022 1770 520 73 de Capitan de acavallo,

1021 1823 616 74 que gustoso lo ha admitido.

1021 1875 574 72 Con este cargo se estuvo,

1021 1924 571 70 hasta que tuvo cumplidos

1021 1972 581 73 los años ciuquenta y ocho

1018 2025 522 69 de su edad; aora amigo

1016 2072 536 70 discreto Letor bolvamos

1016 2120 589 77 á sus padres, que afligidos

1015 2173 552 65 todo es hazer diligencias

1008 2229 585 100 preguntando por su hijo;

1574 2274 95 93 qué
