<?xml version="1.0" encoding="UTF-8"?>
<alto xmlns:xsi="http://www.w3.org/2001/XMLSchema-instance"
      xmlns="http://www.loc.gov/standards/alto/ns-v4#"
      xsi:schemaLocation="http://www.loc.gov/standards/alto/ns-v4# http://www.loc.gov/standards/alto/v4/alto-4-2.xsd">
  <Description>
    <MeasurementUnit>pixel</MeasurementUnit>
    <sourceImageInformation>
      <fileName>BCN_011_8.jpg</fileName>
      
    </sourceImageInformation>
  </Description>
  
  <Tags>
    <OtherTag ID="BT221" LABEL="CustomZone:impresorNum" DESCRIPTION="block type CustomZone:impresorNum"/><OtherTag ID="BT222" LABEL="CustomZone:numero_pliego" DESCRIPTION="block type CustomZone:numero_pliego"/><OtherTag ID="BT223" LABEL="CustomZone:title" DESCRIPTION="block type CustomZone:title"/><OtherTag ID="BT224" LABEL="GraphicZone:illustration" DESCRIPTION="block type GraphicZone:illustration"/><OtherTag ID="BT225" LABEL="GraphicZone:ornamentation" DESCRIPTION="block type GraphicZone:ornamentation"/><OtherTag ID="BT226" LABEL="MainZone" DESCRIPTION="block type MainZone"/><OtherTag ID="BT227" LABEL="MainZone:columns" DESCRIPTION="block type MainZone:columns"/><OtherTag ID="BT228" LABEL="MarginTextZone:colophon" DESCRIPTION="block type MarginTextZone:colophon"/><OtherTag ID="BT229" LABEL="MarginTextZone:note" DESCRIPTION="block type MarginTextZone:note"/><OtherTag ID="BT230" LABEL="MusicZone" DESCRIPTION="block type MusicZone"/><OtherTag ID="BT231" LABEL="NumberingZone:page" DESCRIPTION="block type NumberingZone:page"/><OtherTag ID="BT232" LABEL="QuireMarksZone:catchwords" DESCRIPTION="block type QuireMarksZone:catchwords"/><OtherTag ID="BT233" LABEL="QuireMarksZone:signature" DESCRIPTION="block type QuireMarksZone:signature"/><OtherTag ID="BT234" LABEL="RunningTitleZone" DESCRIPTION="block type RunningTitleZone"/>
    <OtherTag ID="LT81" LABEL="CustomLine:propriedad" DESCRIPTION="line type CustomLine:propriedad"/><OtherTag ID="LT82" LABEL="CustomLine:trailer" DESCRIPTION="line type CustomLine:trailer"/><OtherTag ID="LT83" LABEL="DefaultLine" DESCRIPTION="line type DefaultLine"/><OtherTag ID="LT84" LABEL="HeadingLine" DESCRIPTION="line type HeadingLine"/>
  </Tags>
  
  <Layout>
    <Page WIDTH="1906"
          HEIGHT="2606"
          PHYSICAL_IMG_NR="51"
          ID="eSc_dummypage_">
      <PrintSpace HPOS="0"
                  VPOS="0"
                  WIDTH="1906"
                  HEIGHT="2606">
        
        <TextBlock HPOS="292"
                   VPOS="201"
                   WIDTH="734"
                   HEIGHT="1608"
                   ID="block_0"
                   TAGREFS="BT227">
          <Shape><Polygon POINTS="1026 201 1026 1809 292 1809 292 201"/></Shape>
          
          
          <TextLine ID="line_1"
                    TAGREFS="LT83"
                    BASELINE="344 286 937 291" 
                    HPOS="341"
                    VPOS="223"
                    WIDTH="595"
                    HEIGHT="83">
            <Shape><Polygon POINTS="343 284 341 299 932 306 936 288 934 230 745 225 743 225 741 225 717 232 686 241 675 232 669 228 669 225 667 225 665 225 447 223 445 223 443 223 441 223 441 225 428 236 425 238 343 238 343 284"/></Shape>
	    <String CONTENT="maldito el pan que comia,"
                    HPOS="341"
                    VPOS="223"
                    WIDTH="595"
                    HEIGHT="83"></String>
          </TextLine>

          
          
          <TextLine ID="eSc_line_f7fe41ad"
                    TAGREFS="LT83"
                    BASELINE="343 335 849 339" 
                    HPOS="339"
                    VPOS="297"
                    WIDTH="508"
                    HEIGHT="59">
            <Shape><Polygon POINTS="341 334 339 349 843 356 847 338 843 297 341 297 341 334"/></Shape>
	    <String CONTENT="lo que bebia, maldito,"
                    HPOS="339"
                    VPOS="297"
                    WIDTH="508"
                    HEIGHT="59"></String>
          </TextLine>

          
          
          <TextLine ID="eSc_line_5d9fc2cf"
                    TAGREFS="LT83"
                    BASELINE="343 390 814 389" 
                    HPOS="341"
                    VPOS="345"
                    WIDTH="471"
                    HEIGHT="67">
            <Shape><Polygon POINTS="341 388 341 406 810 412 812 388 810 345 341 351 341 388"/></Shape>
	    <String CONTENT="y maldita mi codicia,"
                    HPOS="341"
                    VPOS="345"
                    WIDTH="471"
                    HEIGHT="67"></String>
          </TextLine>

          
          
          <TextLine ID="eSc_line_54f686dc"
                    TAGREFS="LT83"
                    BASELINE="340 435 814 438" 
                    HPOS="336"
                    VPOS="397"
                    WIDTH="476"
                    HEIGHT="63">
            <Shape><Polygon POINTS="339 434 336 449 808 460 812 436 810 399 339 397 339 434"/></Shape>
	    <String CONTENT="desordenado apetito,"
                    HPOS="336"
                    VPOS="397"
                    WIDTH="476"
                    HEIGHT="63"></String>
          </TextLine>

          
          
          <TextLine ID="eSc_line_1f9fc100"
                    TAGREFS="LT83"
                    BASELINE="338 486 943 492" 
                    HPOS="334"
                    VPOS="440"
                    WIDTH="607"
                    HEIGHT="72">
            <Shape><Polygon POINTS="336 484 334 499 423 512 425 512 938 510 941 490 938 453 738 440 736 440 336 445 336 484"/></Shape>
	    <String CONTENT="de que me sirvió el tesoro:"
                    HPOS="334"
                    VPOS="440"
                    WIDTH="607"
                    HEIGHT="72"></String>
          </TextLine>

          
          
          <TextLine ID="eSc_line_f6959592"
                    TAGREFS="LT83"
                    BASELINE="337 535 857 539" 
                    HPOS="334"
                    VPOS="495"
                    WIDTH="522"
                    HEIGHT="63">
            <Shape><Polygon POINTS="336 534 334 551 851 558 856 538 851 495 336 495 336 534"/></Shape>
	    <String CONTENT="todo en fin sea maldito."
                    HPOS="334"
                    VPOS="495"
                    WIDTH="522"
                    HEIGHT="63"></String>
          </TextLine>

          
          
          <TextLine ID="eSc_line_eb170253"
                    TAGREFS="LT83"
                    BASELINE="341 589 915 591" 
                    HPOS="336"
                    VPOS="538"
                    WIDTH="578"
                    HEIGHT="72">
            <Shape><Polygon POINTS="339 588 336 608 910 610 914 590 912 551 525 540 523 540 521 540 519 540 506 553 402 553 339 538 339 588"/></Shape>
	    <String CONTENT="En esto llegó el demonio,"
                    HPOS="336"
                    VPOS="538"
                    WIDTH="578"
                    HEIGHT="72"></String>
          </TextLine>

          
          
          <TextLine ID="eSc_line_5ff350ca"
                    TAGREFS="LT83"
                    BASELINE="338 637 898 640" 
                    HPOS="334"
                    VPOS="599"
                    WIDTH="563"
                    HEIGHT="61">
            <Shape><Polygon POINTS="336 636 334 649 893 660 897 638 895 601 336 599 336 636"/></Shape>
	    <String CONTENT="y dandole un recio grito,"
                    HPOS="334"
                    VPOS="599"
                    WIDTH="563"
                    HEIGHT="61"></String>
          </TextLine>

          
          
          <TextLine ID="eSc_line_2d5c46d4"
                    TAGREFS="LT83"
                    BASELINE="336 687 740 690" 
                    HPOS="332"
                    VPOS="638"
                    WIDTH="406"
                    HEIGHT="69">
            <Shape><Polygon POINTS="334 686 332 699 734 707 738 688 736 642 334 638 334 686"/></Shape>
	    <String CONTENT="le dize, ea declara"
                    HPOS="332"
                    VPOS="638"
                    WIDTH="406"
                    HEIGHT="69"></String>
          </TextLine>

          
          
          <TextLine ID="eSc_line_47c616b7"
                    TAGREFS="LT83"
                    BASELINE="340 738 902 740" 
                    HPOS="336"
                    VPOS="690"
                    WIDTH="565"
                    HEIGHT="63">
            <Shape><Polygon POINTS="339 736 336 751 897 753 901 738 899 699 339 690 339 736"/></Shape>
	    <String CONTENT="donde dexaste escondidos"
                    HPOS="336"
                    VPOS="690"
                    WIDTH="565"
                    HEIGHT="63"></String>
          </TextLine>

          
          
          <TextLine ID="eSc_line_3b541284"
                    TAGREFS="LT83"
                    BASELINE="331 787 892 791" 
                    HPOS="328"
                    VPOS="740"
                    WIDTH="563"
                    HEIGHT="70">
            <Shape><Polygon POINTS="330 786 328 810 888 810 891 790 891 749 330 740 330 786"/></Shape>
	    <String CONTENT="los papeles, que buscaba"
                    HPOS="328"
                    VPOS="740"
                    WIDTH="563"
                    HEIGHT="70"></String>
          </TextLine>

          
          
          <TextLine ID="eSc_line_f38546d7"
                    TAGREFS="LT83"
                    BASELINE="331 836 851 840" 
                    HPOS="328"
                    VPOS="797"
                    WIDTH="521"
                    HEIGHT="58">
            <Shape><Polygon POINTS="330 833 328 851 845 855 849 838 847 797 330 797 330 833"/></Shape>
	    <String CONTENT="aqueste pobre afligido?"
                    HPOS="328"
                    VPOS="797"
                    WIDTH="521"
                    HEIGHT="58"></String>
          </TextLine>

          
          
          <TextLine ID="eSc_line_adb4e553"
                    TAGREFS="LT83"
                    BASELINE="330 886 1001 891" 
                    HPOS="325"
                    VPOS="840"
                    WIDTH="674"
                    HEIGHT="74">
            <Shape><Polygon POINTS="328 883 325 901 995 914 999 890 999 853 328 840 328 883"/></Shape>
	    <String CONTENT="Respondio pronto el Notario;"
                    HPOS="325"
                    VPOS="840"
                    WIDTH="674"
                    HEIGHT="74"></String>
          </TextLine>

          
          
          <TextLine ID="eSc_line_55c10f07"
                    TAGREFS="LT83"
                    BASELINE="330 936 896 940" 
                    HPOS="325"
                    VPOS="892"
                    WIDTH="570"
                    HEIGHT="65">
            <Shape><Polygon POINTS="328 935 325 955 891 957 895 938 893 899 328 892 328 935"/></Shape>
	    <String CONTENT="Están debaxo un ladrillo"
                    HPOS="325"
                    VPOS="892"
                    WIDTH="570"
                    HEIGHT="65"></String>
          </TextLine>

          
          
          <TextLine ID="eSc_line_a5bbcca9"
                    TAGREFS="LT83"
                    BASELINE="327 987 883 990" 
                    HPOS="323"
                    VPOS="944"
                    WIDTH="559"
                    HEIGHT="70">
            <Shape><Polygon POINTS="325 985 323 1001 460 1014 462 1014 880 1005 882 988 878 944 325 946 325 985"/></Shape>
	    <String CONTENT="en la alcova que dormia,"
                    HPOS="323"
                    VPOS="944"
                    WIDTH="559"
                    HEIGHT="70"></String>
          </TextLine>

          
          
          <TextLine ID="eSc_line_f36264c6"
                    TAGREFS="LT83"
                    BASELINE="333 1040 868 1041" 
                    HPOS="330"
                    VPOS="996"
                    WIDTH="537"
                    HEIGHT="65">
            <Shape><Polygon POINTS="332 1038 330 1053 862 1061 867 1040 864 1003 332 996 332 1038"/></Shape>
	    <String CONTENT="dentro la tierra metidos,"
                    HPOS="330"
                    VPOS="996"
                    WIDTH="537"
                    HEIGHT="65"></String>
          </TextLine>

          
          
          <TextLine ID="eSc_line_6f2d0ab2"
                    TAGREFS="LT83"
                    BASELINE="325 1091 792 1090" 
                    HPOS="321"
                    VPOS="1051"
                    WIDTH="470"
                    HEIGHT="58">
            <Shape><Polygon POINTS="323 1090 323 1109 788 1109 791 1088 784 1051 321 1051 323 1090"/></Shape>
	    <String CONTENT="arrimado à la pared;"
                    HPOS="321"
                    VPOS="1051"
                    WIDTH="470"
                    HEIGHT="58"></String>
          </TextLine>

          
          
          <TextLine ID="eSc_line_4d53e337"
                    TAGREFS="LT83"
                    BASELINE="328 1140 935 1140" 
                    HPOS="325"
                    VPOS="1098"
                    WIDTH="609"
                    HEIGHT="68">
            <Shape><Polygon POINTS="325 1137 325 1153 391 1166 393 1166 454 1155 456 1155 460 1155 508 1166 510 1166 934 1157 934 1137 934 1105 325 1098 325 1137"/></Shape>
	    <String CONTENT="y que están alli es muy fijo."
                    HPOS="325"
                    VPOS="1098"
                    WIDTH="609"
                    HEIGHT="68"></String>
          </TextLine>

          
          
          <TextLine ID="eSc_line_489c73ea"
                    TAGREFS="LT83"
                    BASELINE="325 1190 857 1190" 
                    HPOS="323"
                    VPOS="1146"
                    WIDTH="533"
                    HEIGHT="63">
            <Shape><Polygon POINTS="323 1187 323 1205 854 1209 856 1187 856 1148 323 1146 323 1187"/></Shape>
	    <String CONTENT="Has entendido, le dize,"
                    HPOS="323"
                    VPOS="1146"
                    WIDTH="533"
                    HEIGHT="63"></String>
          </TextLine>

          
          
          <TextLine ID="eSc_line_389c5768"
                    TAGREFS="LT83"
                    BASELINE="324 1242 1008 1239" 
                    HPOS="321"
                    VPOS="1196"
                    WIDTH="685"
                    HEIGHT="61">
            <Shape><Polygon POINTS="323 1240 323 1257 1004 1255 1006 1237 1001 1196 321 1196 323 1240"/></Shape>
	    <String CONTENT="lo que el Notario te ha dicho?"
                    HPOS="321"
                    VPOS="1196"
                    WIDTH="685"
                    HEIGHT="61"></String>
          </TextLine>

          
          
          <TextLine ID="eSc_line_ec6a1da2"
                    TAGREFS="LT83"
                    BASELINE="322 1288 833 1290" 
                    HPOS="319"
                    VPOS="1242"
                    WIDTH="513"
                    HEIGHT="67">
            <Shape><Polygon POINTS="321 1287 319 1307 828 1309 832 1289 830 1248 321 1242 321 1287"/></Shape>
	    <String CONTENT="Dixo el Cavallero, si;"
                    HPOS="319"
                    VPOS="1242"
                    WIDTH="513"
                    HEIGHT="67"></String>
          </TextLine>

          
          
          <TextLine ID="eSc_line_b5a60a2c"
                    TAGREFS="LT83"
                    BASELINE="325 1344 848 1339 885 1339" 
                    HPOS="321"
                    VPOS="1294"
                    WIDTH="563"
                    HEIGHT="67">
            <Shape><Polygon POINTS="323 1342 323 1361 882 1359 884 1337 880 1294 321 1296 323 1342"/></Shape>
	    <String CONTENT="y luego alli de improviso"
                    HPOS="321"
                    VPOS="1294"
                    WIDTH="563"
                    HEIGHT="67"></String>
          </TextLine>

          
          
          <TextLine ID="eSc_line_e91993fb"
                    TAGREFS="LT83"
                    BASELINE="324 1389 989 1391" 
                    HPOS="321"
                    VPOS="1350"
                    WIDTH="667"
                    HEIGHT="61">
            <Shape><Polygon POINTS="323 1387 321 1405 984 1411 988 1389 984 1350 323 1350 323 1387"/></Shape>
	    <String CONTENT="se oyó un trueno tan diforme,"
                    HPOS="321"
                    VPOS="1350"
                    WIDTH="667"
                    HEIGHT="61"></String>
          </TextLine>

          
          
          <TextLine ID="eSc_line_f4133b15"
                    TAGREFS="LT83"
                    BASELINE="324 1441 940 1441" 
                    HPOS="323"
                    VPOS="1405"
                    WIDTH="615"
                    HEIGHT="54">
            <Shape><Polygon POINTS="323 1439 323 1459 938 1459 938 1439 938 1405 323 1405 323 1439"/></Shape>
	    <String CONTENT="que al suelo cayó aturdido:"
                    HPOS="323"
                    VPOS="1405"
                    WIDTH="615"
                    HEIGHT="54"></String>
          </TextLine>

          
          
          <TextLine ID="eSc_line_6cb395d9"
                    TAGREFS="LT83"
                    BASELINE="322 1494 875 1493" 
                    HPOS="321"
                    VPOS="1450"
                    WIDTH="552"
                    HEIGHT="65">
            <Shape><Polygon POINTS="321 1491 321 1507 871 1515 873 1491 873 1455 321 1450 321 1491"/></Shape>
	    <String CONTENT="assi estuvo un gran rato,"
                    HPOS="321"
                    VPOS="1450"
                    WIDTH="552"
                    HEIGHT="65"></String>
          </TextLine>

          
          
          <TextLine ID="eSc_line_24dca129"
                    TAGREFS="LT83"
                    BASELINE="311 1541 892 1541" 
                    HPOS="310"
                    VPOS="1494"
                    WIDTH="581"
                    HEIGHT="73">
            <Shape><Polygon POINTS="310 1539 310 1567 891 1557 891 1539 888 1494 310 1502 310 1539"/></Shape>
	    <String CONTENT="y luego, despues ha visto"
                    HPOS="310"
                    VPOS="1494"
                    WIDTH="581"
                    HEIGHT="73"></String>
          </TextLine>

          
          
          <TextLine ID="eSc_line_f0c5ca39"
                    TAGREFS="LT83"
                    BASELINE="324 1591 784 1590" 
                    HPOS="323"
                    VPOS="1550"
                    WIDTH="459"
                    HEIGHT="57">
            <Shape><Polygon POINTS="323 1589 323 1607 782 1607 782 1589 782 1554 323 1550 323 1589"/></Shape>
	    <String CONTENT="un poco de claridad,"
                    HPOS="323"
                    VPOS="1550"
                    WIDTH="459"
                    HEIGHT="57"></String>
          </TextLine>

          
          
          <TextLine ID="eSc_line_36695f4c"
                    TAGREFS="LT83"
                    BASELINE="322 1643 871 1642" 
                    HPOS="321"
                    VPOS="1598"
                    WIDTH="548"
                    HEIGHT="61">
            <Shape><Polygon POINTS="321 1641 321 1656 867 1659 869 1641 869 1598 321 1598 321 1641"/></Shape>
	    <String CONTENT="à seguirla se ha movido,"
                    HPOS="321"
                    VPOS="1598"
                    WIDTH="548"
                    HEIGHT="61"></String>
          </TextLine>

          
          
          <TextLine ID="eSc_line_ad78d495"
                    TAGREFS="LT83"
                    BASELINE="328 1692 803 1692" 
                    HPOS="325"
                    VPOS="1643"
                    WIDTH="476"
                    HEIGHT="74">
            <Shape><Polygon POINTS="588 1643 558 1650 530 1654 515 1650 495 1643 493 1643 491 1643 488 1643 486 1643 478 1652 471 1656 325 1656 325 1691 325 1717 801 1717 801 1691 799 1643 723 1654 636 1648 591 1643 588 1643"/></Shape>
	    <String CONTENT="y à pocos passos halló"
                    HPOS="325"
                    VPOS="1643"
                    WIDTH="476"
                    HEIGHT="74"></String>
          </TextLine>

          
          
          <TextLine ID="eSc_line_3ff477aa"
                    TAGREFS="LT83"
                    BASELINE="325 1741 822 1741" 
                    HPOS="323"
                    VPOS="1698"
                    WIDTH="498"
                    HEIGHT="76">
            <Shape><Polygon POINTS="323 1739 323 1763 510 1774 512 1774 515 1774 517 1774 534 1761 536 1759 725 1759 728 1759 784 1774 786 1774 788 1774 791 1774 821 1756 821 1739 819 1698 323 1702 323 1739"/></Shape>
	    <String CONTENT="un deleytable camino,"
                    HPOS="323"
                    VPOS="1698"
                    WIDTH="498"
                    HEIGHT="76"></String>
          </TextLine>

          
        </TextBlock>
        
        <TextBlock HPOS="1054"
                   VPOS="252"
                   WIDTH="714"
                   HEIGHT="1519"
                   ID="block_1"
                   TAGREFS="BT227">
          <Shape><Polygon POINTS="1768 252 1768 1771 1054 1771 1054 252"/></Shape>
          
          
          <TextLine ID="eSc_line_9f31c0c4"
                    TAGREFS="LT83"
                    BASELINE="1086 292 1736 301" 
                    HPOS="1082"
                    VPOS="254"
                    WIDTH="652"
                    HEIGHT="65">
            <Shape><Polygon POINTS="1714 254 1693 254 1671 254 1649 254 1627 254 1606 254 1584 254 1562 254 1540 254 1519 254 1497 254 1475 254 1453 254 1432 254 1410 254 1388 254 1367 254 1345 254 1323 254 1301 254 1280 254 1258 254 1236 254 1214 254 1193 254 1171 254 1149 254 1127 254 1106 254 1084 254 1084 291 1082 306 1729 319 1734 299 1732 254 1714 254"/></Shape>
	    <String CONTENT="muchas huertas, y alquerias,"
                    HPOS="1082"
                    VPOS="254"
                    WIDTH="652"
                    HEIGHT="65"></String>
          </TextLine>

          
          
          <TextLine ID="eSc_line_438977ef"
                    TAGREFS="LT83"
                    BASELINE="1087 343 1700 347" 
                    HPOS="1084"
                    VPOS="297"
                    WIDTH="615"
                    HEIGHT="72">
            <Shape><Polygon POINTS="1086 340 1084 364 1086 367 1088 367 1088 369 1091 369 1093 369 1095 369 1697 362 1699 345 1697 310 1393 297 1390 297 1086 304 1086 340"/></Shape>
	    <String CONTENT="y alli cerca vió un Castillo;"
                    HPOS="1084"
                    VPOS="297"
                    WIDTH="615"
                    HEIGHT="72"></String>
          </TextLine>

          
          
          <TextLine ID="eSc_line_50d72507"
                    TAGREFS="LT83"
                    BASELINE="1093 392 1650 395" 
                    HPOS="1088"
                    VPOS="356"
                    WIDTH="561"
                    HEIGHT="60">
            <Shape><Polygon POINTS="1091 390 1088 412 1645 416 1649 393 1647 356 1091 356 1091 390"/></Shape>
	    <String CONTENT="y preguntando, qual era,"
                    HPOS="1088"
                    VPOS="356"
                    WIDTH="561"
                    HEIGHT="60"></String>
          </TextLine>

          
          
          <TextLine ID="eSc_line_f37de7bd"
                    TAGREFS="LT83"
                    BASELINE="1086 444 1722 448" 
                    HPOS="1082"
                    VPOS="408"
                    WIDTH="639"
                    HEIGHT="54">
            <Shape><Polygon POINTS="1084 443 1082 453 1716 462 1721 447 1719 410 1084 408 1084 443"/></Shape>
	    <String CONTENT="y en que Reyno estava sito:"
                    HPOS="1082"
                    VPOS="408"
                    WIDTH="639"
                    HEIGHT="54"></String>
          </TextLine>

          
          
          <TextLine ID="eSc_line_64c8e3e3"
                    TAGREFS="LT83"
                    BASELINE="1093 493 1769 500" 
                    HPOS="1088"
                    VPOS="445"
                    WIDTH="678"
                    HEIGHT="71">
            <Shape><Polygon POINTS="1764 495 1747 458 1540 447 1538 447 1438 451 1319 456 1284 447 1275 445 1273 445 1271 445 1264 445 1247 445 1145 453 1101 445 1091 445 1091 492 1088 505 1762 516 1766 499 1764 490 1764 495"/></Shape>
	    <String CONTENT="Le dizen, como es Murviedro,"
                    HPOS="1088"
                    VPOS="445"
                    WIDTH="678"
                    HEIGHT="71"></String>
          </TextLine>

          
          
          <TextLine ID="eSc_line_bbc9c51e"
                    TAGREFS="LT83"
                    BASELINE="1079 541 1617 544" 
                    HPOS="1075"
                    VPOS="501"
                    WIDTH="541"
                    HEIGHT="63">
            <Shape><Polygon POINTS="1077 540 1075 555 1612 564 1616 542 1616 503 1077 501 1077 540"/></Shape>
	    <String CONTENT="de Valencia Reyno fixo."
                    HPOS="1075"
                    VPOS="501"
                    WIDTH="541"
                    HEIGHT="63"></String>
          </TextLine>

          
          
          <TextLine ID="eSc_line_c60d2e16"
                    TAGREFS="LT83"
                    BASELINE="1076 592 1586 594" 
                    HPOS="1073"
                    VPOS="549"
                    WIDTH="511"
                    HEIGHT="63">
            <Shape><Polygon POINTS="1075 590 1073 608 1580 612 1584 592 1580 549 1075 551 1075 590"/></Shape>
	    <String CONTENT="Admirado del sucesso,"
                    HPOS="1073"
                    VPOS="549"
                    WIDTH="511"
                    HEIGHT="63"></String>
          </TextLine>

          
          
          <TextLine ID="eSc_line_c3a73f4b"
                    TAGREFS="LT83"
                    BASELINE="1079 641 1625 644" 
                    HPOS="1075"
                    VPOS="605"
                    WIDTH="548"
                    HEIGHT="61">
            <Shape><Polygon POINTS="1077 640 1075 655 1619 666 1623 642 1621 605 1077 605 1077 640"/></Shape>
	    <String CONTENT="de Tarragona el camino"
                    HPOS="1075"
                    VPOS="605"
                    WIDTH="548"
                    HEIGHT="61"></String>
          </TextLine>

          
          
          <TextLine ID="eSc_line_2e7ba098"
                    TAGREFS="LT83"
                    BASELINE="1080 690 1628 697" 
                    HPOS="1075"
                    VPOS="651"
                    WIDTH="552"
                    HEIGHT="67">
            <Shape><Polygon POINTS="1077 688 1075 703 1260 718 1262 718 1625 710 1627 694 1625 658 1077 651 1077 688"/></Shape>
	    <String CONTENT="toma con gran ligereza,"
                    HPOS="1075"
                    VPOS="651"
                    WIDTH="552"
                    HEIGHT="67"></String>
          </TextLine>

          
          
          <TextLine ID="eSc_line_849b4b6c"
                    TAGREFS="LT83"
                    BASELINE="1080 742 1733 747" 
                    HPOS="1075"
                    VPOS="701"
                    WIDTH="657"
                    HEIGHT="69">
            <Shape><Polygon POINTS="1077 740 1075 766 1727 770 1732 744 1727 701 1077 701 1077 740"/></Shape>
	    <String CONTENT="y en breve tiempo se havisto"
                    HPOS="1075"
                    VPOS="701"
                    WIDTH="657"
                    HEIGHT="69"></String>
          </TextLine>

          
          
          <TextLine ID="eSc_line_eef11d32"
                    TAGREFS="LT83"
                    BASELINE="1085 792 1675 796" 
                    HPOS="1082"
                    VPOS="753"
                    WIDTH="591"
                    HEIGHT="59">
            <Shape><Polygon POINTS="1084 790 1082 807 1669 812 1673 794 1671 757 1084 753 1084 790"/></Shape>
	    <String CONTENT="con el Juez en Tarragona,"
                    HPOS="1082"
                    VPOS="753"
                    WIDTH="591"
                    HEIGHT="59"></String>
          </TextLine>

          
          
          <TextLine ID="eSc_line_61e26e75"
                    TAGREFS="LT83"
                    BASELINE="1074 841 1722 845" 
                    HPOS="1071"
                    VPOS="805"
                    WIDTH="650"
                    HEIGHT="57">
            <Shape><Polygon POINTS="1073 840 1071 857 1716 862 1721 844 1721 807 1073 805 1073 840"/></Shape>
	    <String CONTENT="quien yá no le ha conocido."
                    HPOS="1071"
                    VPOS="805"
                    WIDTH="650"
                    HEIGHT="57"></String>
          </TextLine>

          
          
          <TextLine ID="eSc_line_9fc726d9"
                    TAGREFS="LT83"
                    BASELINE="1077 891 1561 894" 
                    HPOS="1073"
                    VPOS="849"
                    WIDTH="487"
                    HEIGHT="60">
            <Shape><Polygon POINTS="1075 890 1073 907 1556 909 1560 892 1558 857 1075 849 1075 890"/></Shape>
	    <String CONTENT="Le dize, vaya con él"
                    HPOS="1073"
                    VPOS="849"
                    WIDTH="487"
                    HEIGHT="60"></String>
          </TextLine>

          
          
          <TextLine ID="eSc_line_e248e08b"
                    TAGREFS="LT83"
                    BASELINE="1079 941 1661 947" 
                    HPOS="1075"
                    VPOS="901"
                    WIDTH="585"
                    HEIGHT="61">
            <Shape><Polygon POINTS="1077 940 1075 955 1656 962 1660 946 1658 907 1077 901 1077 940"/></Shape>
	    <String CONTENT="un Escrivano, y testigos;"
                    HPOS="1075"
                    VPOS="901"
                    WIDTH="585"
                    HEIGHT="61"></String>
          </TextLine>

          
          
          <TextLine ID="eSc_line_de9d36f3"
                    TAGREFS="LT83"
                    BASELINE="1082 992 1642 995" 
                    HPOS="1077"
                    VPOS="946"
                    WIDTH="563"
                    HEIGHT="63">
            <Shape><Polygon POINTS="1080 990 1077 1007 1636 1009 1640 994 1638 957 1080 946 1080 990"/></Shape>
	    <String CONTENT="Los lleva à casa la viuda,"
                    HPOS="1077"
                    VPOS="946"
                    WIDTH="563"
                    HEIGHT="63"></String>
          </TextLine>

          
          
          <TextLine ID="eSc_line_ce568846"
                    TAGREFS="LT83"
                    BASELINE="1082 1042 1631 1043" 
                    HPOS="1077"
                    VPOS="1003"
                    WIDTH="552"
                    HEIGHT="65">
            <Shape><Polygon POINTS="1080 1040 1077 1068 1627 1064 1629 1042 1627 1005 1080 1003 1080 1040"/></Shape>
	    <String CONTENT="y cabando en aquel sitio,"
                    HPOS="1077"
                    VPOS="1003"
                    WIDTH="552"
                    HEIGHT="65"></String>
          </TextLine>

          
          
          <TextLine ID="eSc_line_85bb726c"
                    TAGREFS="LT83"
                    BASELINE="1071 1090 1639 1094" 
                    HPOS="1067"
                    VPOS="1057"
                    WIDTH="571"
                    HEIGHT="61">
            <Shape><Polygon POINTS="1069 1088 1067 1103 1167 1116 1169 1116 1347 1107 1388 1118 1390 1118 1393 1118 1636 1107 1638 1092 1638 1061 1069 1057 1069 1088"/></Shape>
	    <String CONTENT="encontraron los papeles,"
                    HPOS="1067"
                    VPOS="1057"
                    WIDTH="571"
                    HEIGHT="61"></String>
          </TextLine>

          
          
          <TextLine ID="eSc_line_87822190"
                    TAGREFS="LT83"
                    BASELINE="1074 1140 1633 1144" 
                    HPOS="1071"
                    VPOS="1096"
                    WIDTH="561"
                    HEIGHT="68">
            <Shape><Polygon POINTS="1073 1137 1071 1155 1627 1164 1632 1142 1627 1096 1073 1101 1073 1137"/></Shape>
	    <String CONTENT="como el Notario lo dixo."
                    HPOS="1071"
                    VPOS="1096"
                    WIDTH="561"
                    HEIGHT="68"></String>
          </TextLine>

          
          
          <TextLine ID="eSc_line_93e9572b"
                    TAGREFS="LT83"
                    BASELINE="1068 1190 1669 1193" 
                    HPOS="1064"
                    VPOS="1146"
                    WIDTH="602"
                    HEIGHT="72">
            <Shape><Polygon POINTS="1067 1187 1064 1213 1662 1218 1666 1192 1664 1150 1067 1146 1067 1187"/></Shape>
	    <String CONTENT="Eutregado de su hazienda,"
                    HPOS="1064"
                    VPOS="1146"
                    WIDTH="602"
                    HEIGHT="72"></String>
          </TextLine>

          
          
          <TextLine ID="eSc_line_c7a0a91e"
                    TAGREFS="LT83"
                    BASELINE="1073 1240 1694 1245" 
                    HPOS="1069"
                    VPOS="1200"
                    WIDTH="624"
                    HEIGHT="66">
            <Shape><Polygon POINTS="1071 1237 1069 1253 1688 1266 1693 1244 1690 1207 1071 1200 1071 1237"/></Shape>
	    <String CONTENT="dotó un Colegio excessivo;"
                    HPOS="1069"
                    VPOS="1200"
                    WIDTH="624"
                    HEIGHT="66"></String>
          </TextLine>

          
          
          <TextLine ID="eSc_line_b48b86a7"
                    TAGREFS="LT83"
                    BASELINE="1084 1291 1606 1293" 
                    HPOS="1080"
                    VPOS="1242"
                    WIDTH="523"
                    HEIGHT="74">
            <Shape><Polygon POINTS="1082 1289 1080 1316 1601 1316 1603 1292 1599 1250 1136 1253 1082 1242 1082 1289"/></Shape>
	    <String CONTENT="hizo una vida exemplar"
                    HPOS="1080"
                    VPOS="1242"
                    WIDTH="523"
                    HEIGHT="74"></String>
          </TextLine>

          
          
          <TextLine ID="eSc_line_3afe147b"
                    TAGREFS="LT83"
                    BASELINE="1084 1340 1570 1342" 
                    HPOS="1082"
                    VPOS="1298"
                    WIDTH="487"
                    HEIGHT="63">
            <Shape><Polygon POINTS="1082 1339 1082 1359 1566 1361 1569 1339 1566 1298 1082 1300 1082 1339"/></Shape>
	    <String CONTENT="en la Religion metido"
                    HPOS="1082"
                    VPOS="1298"
                    WIDTH="487"
                    HEIGHT="63"></String>
          </TextLine>

          
          
          <TextLine ID="eSc_line_cd38c88f"
                    TAGREFS="LT83"
                    BASELINE="1084 1392 1581 1393" 
                    HPOS="1080"
                    VPOS="1342"
                    WIDTH="500"
                    HEIGHT="69">
            <Shape><Polygon POINTS="1082 1389 1080 1411 1577 1411 1580 1392 1577 1352 1082 1342 1082 1389"/></Shape>
	    <String CONTENT="de la noble Compañia"
                    HPOS="1080"
                    VPOS="1342"
                    WIDTH="500"
                    HEIGHT="69"></String>
          </TextLine>

          
          
          <TextLine ID="eSc_line_393a9fcb"
                    TAGREFS="LT83"
                    BASELINE="1080 1444 1614 1443" 
                    HPOS="1077"
                    VPOS="1398"
                    WIDTH="535"
                    HEIGHT="63">
            <Shape><Polygon POINTS="1077 1441 1077 1459 1610 1461 1612 1441 1610 1398 1077 1402 1077 1441"/></Shape>
	    <String CONTENT="de Jesus, y de sus Hijos."
                    HPOS="1077"
                    VPOS="1398"
                    WIDTH="535"
                    HEIGHT="63"></String>
          </TextLine>

          
          
          <TextLine ID="eSc_line_879485ac"
                    TAGREFS="LT83"
                    BASELINE="1076 1492 1559 1491" 
                    HPOS="1073"
                    VPOS="1446"
                    WIDTH="485"
                    HEIGHT="63">
            <Shape><Polygon POINTS="1075 1491 1075 1509 1556 1509 1558 1489 1553 1455 1073 1446 1075 1491"/></Shape>
	    <String CONTENT="En esto vino à parar,"
                    HPOS="1073"
                    VPOS="1446"
                    WIDTH="485"
                    HEIGHT="63"></String>
          </TextLine>

          
          
          <TextLine ID="eSc_line_2f3612f3"
                    TAGREFS="LT83"
                    BASELINE="1076 1541 1559 1541" 
                    HPOS="1075"
                    VPOS="1498"
                    WIDTH="483"
                    HEIGHT="61">
            <Shape><Polygon POINTS="1075 1539 1075 1554 1556 1559 1558 1539 1556 1498 1075 1500 1075 1539"/></Shape>
	    <String CONTENT="este hombre referido;"
                    HPOS="1075"
                    VPOS="1498"
                    WIDTH="483"
                    HEIGHT="61"></String>
          </TextLine>

          
          
          <TextLine ID="eSc_line_94e69ecb"
                    TAGREFS="LT83"
                    BASELINE="1068 1589 1244 1589 1691 1595" 
                    HPOS="1064"
                    VPOS="1546"
                    WIDTH="626"
                    HEIGHT="71">
            <Shape><Polygon POINTS="1067 1587 1064 1609 1686 1617 1690 1594 1690 1546 1067 1546 1067 1587"/></Shape>
	    <String CONTENT="sus principios fueron malos,"
                    HPOS="1064"
                    VPOS="1546"
                    WIDTH="626"
                    HEIGHT="71"></String>
          </TextLine>

          
          
          <TextLine ID="eSc_line_176135cb"
                    TAGREFS="LT83"
                    BASELINE="1071 1641 1622 1640" 
                    HPOS="1069"
                    VPOS="1596"
                    WIDTH="552"
                    HEIGHT="74">
            <Shape><Polygon POINTS="1069 1639 1069 1670 1621 1665 1621 1639 1621 1602 1069 1596 1069 1639"/></Shape>
	    <String CONTENT="pero sus fines, propicios."
                    HPOS="1069"
                    VPOS="1596"
                    WIDTH="552"
                    HEIGHT="74"></String>
          </TextLine>

          
          
          <TextLine ID="eSc_line_cd036ffb"
                    TAGREFS="LT83"
                    BASELINE="1080 1691 1583 1691" 
                    HPOS="1077"
                    VPOS="1646"
                    WIDTH="505"
                    HEIGHT="69">
            <Shape><Polygon POINTS="1077 1689 1077 1715 1582 1709 1582 1689 1582 1652 1077 1646 1077 1689"/></Shape>
	    <String CONTENT="Y aora, Letor, corrige"
                    HPOS="1077"
                    VPOS="1646"
                    WIDTH="505"
                    HEIGHT="69"></String>
          </TextLine>

          
          
          <TextLine ID="eSc_line_6a3dbf17"
                    TAGREFS="LT83"
                    BASELINE="1063 1741 1683 1741" 
                    HPOS="1062"
                    VPOS="1691"
                    WIDTH="620"
                    HEIGHT="76">
            <Shape><Polygon POINTS="1245 1691 1243 1691 1240 1691 1230 1693 1193 1704 1062 1691 1062 1739 1062 1761 1679 1767 1682 1739 1682 1704 1632 1691 1629 1691 1627 1691 1564 1702 1551 1704 1506 1702 1401 1693 1399 1693 1353 1698 1282 1704 1258 1696 1247 1691 1245 1691"/></Shape>
	    <String CONTENT="si algun yerro he cometido."
                    HPOS="1062"
                    VPOS="1691"
                    WIDTH="620"
                    HEIGHT="76"></String>
          </TextLine>

          
        </TextBlock>
        
        <TextBlock HPOS="840"
                   VPOS="1825"
                   WIDTH="412"
                   HEIGHT="163"
                   ID="block_2"
                   TAGREFS="BT226">
          <Shape><Polygon POINTS="1252 1825 1252 1988 840 1988 840 1825"/></Shape>
          
          
          <TextLine ID="eSc_line_36f054c2"
                    TAGREFS="LT82"
                    BASELINE="866 1945 1221 1950" 
                    HPOS="862"
                    VPOS="1830"
                    WIDTH="357"
                    HEIGHT="152">
            <Shape><Polygon POINTS="862 1961 1019 1961 1080 1980 1082 1980 1084 1982 1177 1982 1177 1980 1180 1980 1217 1958 1219 1947 1217 1830 864 1835 864 1943"/></Shape>
	    <String CONTENT="FIN"
                    HPOS="862"
                    VPOS="1830"
                    WIDTH="357"
                    HEIGHT="152"></String>
          </TextLine>

          
        </TextBlock>
        
        <TextBlock HPOS="493"
                   VPOS="2032"
                   WIDTH="1122"
                   HEIGHT="150"
                   ID="block_4"
                   TAGREFS="BT228">
          <Shape><Polygon POINTS="1615 2032 1615 2182 493 2182 493 2032"/></Shape>
          
          
          <TextLine ID="eSc_line_a2a5dd20"
                    TAGREFS="LT83"
                    BASELINE="512 2087 1103 2084 1586 2090" 
                    HPOS="508"
                    VPOS="2008"
                    WIDTH="1076"
                    HEIGHT="100">
            <Shape><Polygon POINTS="510 2086 508 2108 1582 2108 1584 2089 1580 2037 1519 2037 1516 2037 1488 2010 1488 2008 1486 2008 1484 2008 1264 2008 1262 2008 1260 2008 1258 2008 1258 2010 1234 2032 1212 2019 1210 2019 1208 2019 1206 2019 1204 2019 1201 2019 1184 2034 1147 2019 1145 2019 1143 2019 1140 2019 1101 2037 1051 2023 1049 2023 1047 2023 1045 2023 1043 2023 1019 2039 1012 2041 945 2039 593 2028 591 2028 510 2041 510 2086"/></Shape>
	    <String CONTENT="BARCELONA: Por los Herederos de Juan Jolis,"
                    HPOS="508"
                    VPOS="2008"
                    WIDTH="1076"
                    HEIGHT="100"></String>
          </TextLine>

          
          
          <TextLine ID="eSc_line_7ad398d4"
                    TAGREFS="LT83"
                    BASELINE="711 2136 1387 2138" 
                    HPOS="708"
                    VPOS="2093"
                    WIDTH="678"
                    HEIGHT="185">
            <Shape><Polygon POINTS="710 2134 708 2208 986 2208 1036 2212 1101 2249 1149 2275 1151 2275 1154 2278 1384 2278 1386 2136 1384 2095 710 2093 710 2134"/></Shape>
	    <String CONTENT="en la calle de los Algodoneros."
                    HPOS="708"
                    VPOS="2093"
                    WIDTH="678"
                    HEIGHT="185"></String>
          </TextLine>

          
        </TextBlock>
        

        
      </PrintSpace>
    </Page>
  </Layout>
</alto>
