1651 2480
89 912 1480 71 NUEVA RELACION, Y CURIOSO ROMANCE, EN QUE SE

89 979 1476 65 declara como un Cavallero natural de Tarragona, por sus travesu-

92 1020 1474 71 ras dexó su Patria, y Padres, y se fue á la Corte del Emperador

92 1071 1473 71 de Alemania en donde tomó plaza de Soldado; y por sus buenos

92 1122 1476 67 servicios, le honró su Magestad con el empleo de Capitan. Refiere

95 1176 1471 69 como á los 58. años de su edad pidió licencia à su magestad Im-

97 1222 1468 74 perial para bolverse á su Patria; y concedida que fue halló sus Pa-

95 1274 1470 62 dres difuntos, y su patrimonio enagenado: y puesto en litigio tuvo

96 1321 1470 71 infeliz sentencia: Por lo que la Divina Magestad permitió que un

162 1370 1345 69 Demonio lo entrasse en el Infierno, para que un Condenado

209 1426 1241 68 declarasse donde estavan los papeles instrumentos de su

398 1468 903 80 Legitima. Sucedió dia 4. de Enero 1756.

464 1712 761 127 PRIMERA PARTE.

115 1905 681 112 ASombro raro de asombros,

229 1969 567 68 prodigios de los prodigios,

111 2018 613 67 pasmo de todos los pasmos,

99 2058 581 128 hechizo de los hechizos;

840 1908 681 67 pues al pronunciar tu nombre,

840 1959 626 73 al punto tiembla el Abismo;

840 2015 680 64 y es razon que tiemble, al ver

840 2065 622 95 un Misterio tan subido;

1426 2112 110 95 pues
