<?xml version="1.0" encoding="UTF-8"?>
<alto xmlns:xsi="http://www.w3.org/2001/XMLSchema-instance"
      xmlns="http://www.loc.gov/standards/alto/ns-v4#"
      xsi:schemaLocation="http://www.loc.gov/standards/alto/ns-v4# http://www.loc.gov/standards/alto/v4/alto-4-2.xsd">
  <Description>
    <MeasurementUnit>pixel</MeasurementUnit>
    <sourceImageInformation>
      <fileName>Varios_264_2.jpg</fileName>
      
    </sourceImageInformation>
  </Description>
  
  <Tags>
    <OtherTag ID="BT221" LABEL="CustomZone:impresorNum" DESCRIPTION="block type CustomZone:impresorNum"/><OtherTag ID="BT222" LABEL="CustomZone:numero_pliego" DESCRIPTION="block type CustomZone:numero_pliego"/><OtherTag ID="BT223" LABEL="CustomZone:title" DESCRIPTION="block type CustomZone:title"/><OtherTag ID="BT224" LABEL="GraphicZone:illustration" DESCRIPTION="block type GraphicZone:illustration"/><OtherTag ID="BT225" LABEL="GraphicZone:ornamentation" DESCRIPTION="block type GraphicZone:ornamentation"/><OtherTag ID="BT226" LABEL="MainZone" DESCRIPTION="block type MainZone"/><OtherTag ID="BT227" LABEL="MainZone:columns" DESCRIPTION="block type MainZone:columns"/><OtherTag ID="BT228" LABEL="MarginTextZone:colophon" DESCRIPTION="block type MarginTextZone:colophon"/><OtherTag ID="BT229" LABEL="MarginTextZone:note" DESCRIPTION="block type MarginTextZone:note"/><OtherTag ID="BT230" LABEL="MusicZone" DESCRIPTION="block type MusicZone"/><OtherTag ID="BT231" LABEL="NumberingZone:page" DESCRIPTION="block type NumberingZone:page"/><OtherTag ID="BT232" LABEL="QuireMarksZone:catchwords" DESCRIPTION="block type QuireMarksZone:catchwords"/><OtherTag ID="BT233" LABEL="QuireMarksZone:signature" DESCRIPTION="block type QuireMarksZone:signature"/><OtherTag ID="BT234" LABEL="RunningTitleZone" DESCRIPTION="block type RunningTitleZone"/>
    <OtherTag ID="LT81" LABEL="CustomLine:propriedad" DESCRIPTION="line type CustomLine:propriedad"/><OtherTag ID="LT82" LABEL="CustomLine:trailer" DESCRIPTION="line type CustomLine:trailer"/><OtherTag ID="LT83" LABEL="DefaultLine" DESCRIPTION="line type DefaultLine"/><OtherTag ID="LT84" LABEL="HeadingLine" DESCRIPTION="line type HeadingLine"/>
  </Tags>
  
  <Layout>
    <Page WIDTH="1753"
          HEIGHT="2480"
          PHYSICAL_IMG_NR="101"
          ID="eSc_dummypage_">
      <PrintSpace HPOS="0"
                  VPOS="0"
                  WIDTH="1753"
                  HEIGHT="2480">
        
        <TextBlock HPOS="107.0"
                   VPOS="107.0"
                   WIDTH="618.0"
                   HEIGHT="2164.0"
                   ID="eSc_textblock_2fa0f71b"
                   TAGREFS="BT227">
          <Shape><Polygon POINTS="700 132 692 179 626 214 659 518 609 675 642 783 725 843 725 899 626 967 675 1066 675 1254 634 1322 593 1645 601 1857 667 1909 684 1965 618 2074 593 2271 107 2254 115 132 140 107 667 107 700 132"/></Shape>
          
          
          <TextLine ID="eSc_line_264fa279"
                    TAGREFS="LT83"
                    BASELINE="138 138 673 144" 
                    HPOS="136.0"
                    VPOS="107.0"
                    WIDTH="537.0"
                    HEIGHT="60.0">
            <Shape><Polygon POINTS="659 107 494 107 487 107 467 107 446 107 425 107 405 107 384 107 363 107 343 107 322 107 301 107 281 107 260 107 239 107 219 107 198 107 177 107 157 107 138 107 138 138 136 150 165 163 167 163 169 163 283 157 310 155 314 157 324 165 326 165 328 165 330 165 415 161 479 157 669 167 673 144 671 111 659 107"/></Shape>
	    <String CONTENT="que tiene el mar en su margen,"
                    HPOS="136.0"
                    VPOS="107.0"
                    WIDTH="537.0"
                    HEIGHT="60.0"></String>
          </TextLine>

          
          
          <TextLine ID="eSc_line_d67e48ec"
                    TAGREFS="LT83"
                    BASELINE="134 177 547 183" 
                    HPOS="132.0"
                    VPOS="144.0"
                    WIDTH="415.0"
                    HEIGHT="56.0">
            <Shape><Polygon POINTS="134 177 132 190 543 200 547 183 545 150 134 144 134 177"/></Shape>
	    <String CONTENT="de mil alabanzas digno."
                    HPOS="132.0"
                    VPOS="144.0"
                    WIDTH="415.0"
                    HEIGHT="56.0"></String>
          </TextLine>

          
          
          <TextLine ID="eSc_line_4b56ef2e"
                    TAGREFS="LT83"
                    BASELINE="134 217 525 221" 
                    HPOS="132.0"
                    VPOS="179.0"
                    WIDTH="393.0"
                    HEIGHT="56.0">
            <Shape><Polygon POINTS="196 179 175 179 155 179 134 179 134 217 132 229 520 235 525 221 523 190 198 179 196 179"/></Shape>
	    <String CONTENT="En esta ilustre ciudad,"
                    HPOS="132.0"
                    VPOS="179.0"
                    WIDTH="393.0"
                    HEIGHT="56.0"></String>
          </TextLine>

          
          
          <TextLine ID="eSc_line_85dccf1a"
                    TAGREFS="LT83"
                    BASELINE="132 258 589 262" 
                    HPOS="130.0"
                    VPOS="227.0"
                    WIDTH="459.0"
                    HEIGHT="49.0">
            <Shape><Polygon POINTS="132 258 130 276 587 276 589 262 587 231 132 227 132 258"/></Shape>
	    <String CONTENT="nació de padres muy ricos"
                    HPOS="130.0"
                    VPOS="227.0"
                    WIDTH="459.0"
                    HEIGHT="49.0"></String>
          </TextLine>

          
          
          <TextLine ID="eSc_line_777a2b9f"
                    TAGREFS="LT83"
                    BASELINE="134 299 568 303" 
                    HPOS="132.0"
                    VPOS="262.0"
                    WIDTH="436.0"
                    HEIGHT="60.0">
            <Shape><Polygon POINTS="134 299 132 310 564 322 568 303 566 270 134 262 134 299"/></Shape>
	    <String CONTENT="doña Leonor de la Rosa,"
                    HPOS="132.0"
                    VPOS="262.0"
                    WIDTH="436.0"
                    HEIGHT="60.0"></String>
          </TextLine>

          
          
          <TextLine ID="eSc_line_085b4261"
                    TAGREFS="LT83"
                    BASELINE="134 341 570 345" 
                    HPOS="132.0"
                    VPOS="307.0"
                    WIDTH="438.0"
                    HEIGHT="52.0">
            <Shape><Polygon POINTS="134 341 132 353 566 359 570 345 568 312 134 307 134 341"/></Shape>
	    <String CONTENT="á quien el cielo propicio,"
                    HPOS="132.0"
                    VPOS="307.0"
                    WIDTH="438.0"
                    HEIGHT="52.0"></String>
          </TextLine>

          
          
          <TextLine ID="eSc_line_5cdccbd8"
                    TAGREFS="LT83"
                    BASELINE="132 382 535 384" 
                    HPOS="130.0"
                    VPOS="349.0"
                    WIDTH="405.0"
                    HEIGHT="51.0">
            <Shape><Polygon POINTS="132 382 130 392 531 400 535 384 533 351 132 349 132 382"/></Shape>
	    <String CONTENT="se esmeró en dibujarla,"
                    HPOS="130.0"
                    VPOS="349.0"
                    WIDTH="405.0"
                    HEIGHT="51.0"></String>
          </TextLine>

          
          
          <TextLine ID="eSc_line_5af5049b"
                    TAGREFS="LT83"
                    BASELINE="130 421 628 417" 
                    HPOS="128.0"
                    VPOS="380.0"
                    WIDTH="500.0"
                    HEIGHT="62.0">
            <Shape><Polygon POINTS="520 384 500 384 479 384 458 384 438 384 417 384 396 384 376 384 355 384 334 384 314 384 293 384 272 384 252 384 231 384 210 384 190 384 169 384 148 384 146 382 128 382 130 421 130 434 616 442 618 442 620 442 622 442 622 440 624 440 628 434 628 417 622 380 520 380 520 384"/></Shape>
	    <String CONTENT="de manera que el sol mismo"
                    HPOS="128.0"
                    VPOS="380.0"
                    WIDTH="500.0"
                    HEIGHT="62.0"></String>
          </TextLine>

          
          
          <TextLine ID="eSc_line_36f782c8"
                    TAGREFS="LT83"
                    BASELINE="130 460 582 460" 
                    HPOS="130.0"
                    VPOS="431.0"
                    WIDTH="452.0"
                    HEIGHT="48.0">
            <Shape><Polygon POINTS="130 460 130 475 580 479 582 460 582 431 130 431 130 460"/></Shape>
	    <String CONTENT="se le opuso su hermosura,"
                    HPOS="130.0"
                    VPOS="431.0"
                    WIDTH="452.0"
                    HEIGHT="48.0"></String>
          </TextLine>

          
          
          <TextLine ID="eSc_line_1e4f649e"
                    TAGREFS="LT83"
                    BASELINE="130 500 620 504" 
                    HPOS="128.0"
                    VPOS="462.0"
                    WIDTH="492.0"
                    HEIGHT="56.0">
            <Shape><Polygon POINTS="543 462 523 462 502 462 481 462 460 462 440 462 419 462 398 462 378 462 357 462 336 462 316 462 295 462 274 462 254 462 233 462 212 462 192 462 171 462 150 462 130 462 130 500 128 518 618 518 620 504 618 462 564 462 543 462"/></Shape>
	    <String CONTENT="pues con rayos fué vencido:"
                    HPOS="128.0"
                    VPOS="462.0"
                    WIDTH="492.0"
                    HEIGHT="56.0"></String>
          </TextLine>

          
          
          <TextLine ID="eSc_line_3387750a"
                    TAGREFS="LT83"
                    BASELINE="130 541 580 545" 
                    HPOS="128.0"
                    VPOS="508.0"
                    WIDTH="452.0"
                    HEIGHT="54.0">
            <Shape><Polygon POINTS="130 541 128 553 576 562 580 545 578 512 130 508 130 541"/></Shape>
	    <String CONTENT="y así triunfó de sus luces,"
                    HPOS="128.0"
                    VPOS="508.0"
                    WIDTH="452.0"
                    HEIGHT="54.0"></String>
          </TextLine>

          
          
          <TextLine ID="eSc_line_caef6878"
                    TAGREFS="LT83"
                    BASELINE="132 582 541 582" 
                    HPOS="132.0"
                    VPOS="547.0"
                    WIDTH="409.0"
                    HEIGHT="56.0">
            <Shape><Polygon POINTS="132 582 132 603 541 595 541 582 541 549 132 547 132 582"/></Shape>
	    <String CONTENT="y de sus dorados giros:"
                    HPOS="132.0"
                    VPOS="547.0"
                    WIDTH="409.0"
                    HEIGHT="56.0"></String>
          </TextLine>

          
          
          <TextLine ID="eSc_line_b62ebcb0"
                    TAGREFS="LT83"
                    BASELINE="130 622 562 626" 
                    HPOS="128.0"
                    VPOS="584.0"
                    WIDTH="434.0"
                    HEIGHT="60.0">
            <Shape><Polygon POINTS="130 622 128 632 558 644 562 626 558 584 130 586 130 622"/></Shape>
	    <String CONTENT="este asombro de belleza,"
                    HPOS="128.0"
                    VPOS="584.0"
                    WIDTH="434.0"
                    HEIGHT="60.0"></String>
          </TextLine>

          
          
          <TextLine ID="eSc_line_8ff9efeb"
                    TAGREFS="LT83"
                    BASELINE="130 661 560 667" 
                    HPOS="128.0"
                    VPOS="624.0"
                    WIDTH="432.0"
                    HEIGHT="55.0">
            <Shape><Polygon POINTS="192 624 171 624 150 624 130 624 130 661 128 673 556 679 560 667 558 634 200 624 192 624"/></Shape>
	    <String CONTENT="este encanto de Cupido,"
                    HPOS="128.0"
                    VPOS="624.0"
                    WIDTH="432.0"
                    HEIGHT="55.0"></String>
          </TextLine>

          
          
          <TextLine ID="eSc_line_214a543e"
                    TAGREFS="LT83"
                    BASELINE="130 700 525 704" 
                    HPOS="128.0"
                    VPOS="663.0"
                    WIDTH="397.0"
                    HEIGHT="62.0">
            <Shape><Polygon POINTS="130 700 128 715 520 725 525 704 523 671 130 663 130 700"/></Shape>
	    <String CONTENT="imán de los corazones,"
                    HPOS="128.0"
                    VPOS="663.0"
                    WIDTH="397.0"
                    HEIGHT="62.0"></String>
          </TextLine>

          
          
          <TextLine ID="eSc_line_ee6281c7"
                    TAGREFS="LT83"
                    BASELINE="130 746 593 746" 
                    HPOS="130.0"
                    VPOS="708.0"
                    WIDTH="463.0"
                    HEIGHT="54.0">
            <Shape><Polygon POINTS="130 746 130 762 593 760 593 746 591 708 130 713 130 746"/></Shape>
	    <String CONTENT="y de los hombres hechizo."
                    HPOS="130.0"
                    VPOS="708.0"
                    WIDTH="463.0"
                    HEIGHT="54.0"></String>
          </TextLine>

          
          
          <TextLine ID="eSc_line_eaba132f"
                    TAGREFS="LT83"
                    BASELINE="130 787 585 793" 
                    HPOS="128.0"
                    VPOS="754.0"
                    WIDTH="457.0"
                    HEIGHT="52.0">
            <Shape><Polygon POINTS="130 787 128 806 582 806 585 793 582 760 130 754 130 787"/></Shape>
	    <String CONTENT="Fué estremada su belleza,"
                    HPOS="128.0"
                    VPOS="754.0"
                    WIDTH="457.0"
                    HEIGHT="52.0"></String>
          </TextLine>

          
          
          <TextLine ID="eSc_line_fe98b657"
                    TAGREFS="LT83"
                    BASELINE="130 832 554 832" 
                    HPOS="130.0"
                    VPOS="801.0"
                    WIDTH="424.0"
                    HEIGHT="52.0">
            <Shape><Polygon POINTS="130 832 130 845 551 853 554 832 554 801 130 801 130 832"/></Shape>
	    <String CONTENT="que pasó á ser prodigio,"
                    HPOS="130.0"
                    VPOS="801.0"
                    WIDTH="424.0"
                    HEIGHT="52.0"></String>
          </TextLine>

          
          
          <TextLine ID="eSc_line_c4d8b1ee"
                    TAGREFS="LT83"
                    BASELINE="130 870 706 876" 
                    HPOS="128.0"
                    VPOS="834.0"
                    WIDTH="578.0"
                    HEIGHT="69.0">
            <Shape><Polygon POINTS="316 834 295 834 274 834 254 834 233 834 212 834 192 834 171 834 150 834 130 834 130 870 128 894 502 888 702 903 706 876 706 843 322 834 316 834"/></Shape>
	    <String CONTENT="pues no hay hombre que la mire,"
                    HPOS="128.0"
                    VPOS="834.0"
                    WIDTH="578.0"
                    HEIGHT="69.0"></String>
          </TextLine>

          
          
          <TextLine ID="eSc_line_f2c8261c"
                    TAGREFS="LT83"
                    BASELINE="130 909 576 913" 
                    HPOS="128.0"
                    VPOS="878.0"
                    WIDTH="448.0"
                    HEIGHT="47.0">
            <Shape><Polygon POINTS="130 909 128 921 572 925 576 913 574 882 130 878 130 909"/></Shape>
	    <String CONTENT="que no se quede rendido."
                    HPOS="128.0"
                    VPOS="878.0"
                    WIDTH="448.0"
                    HEIGHT="47.0"></String>
          </TextLine>

          
          
          <TextLine ID="eSc_line_462d1f77"
                    TAGREFS="LT83"
                    BASELINE="130 950 570 954" 
                    HPOS="128.0"
                    VPOS="915.0"
                    WIDTH="442.0"
                    HEIGHT="58.0">
            <Shape><Polygon POINTS="130 950 128 963 566 973 570 954 568 921 130 915 130 950"/></Shape>
	    <String CONTENT="En la casa de sus padres,"
                    HPOS="128.0"
                    VPOS="915.0"
                    WIDTH="442.0"
                    HEIGHT="58.0"></String>
          </TextLine>

          
          
          <TextLine ID="eSc_line_f2941620"
                    TAGREFS="LT83"
                    BASELINE="128 989 498 985" 
                    HPOS="126.0"
                    VPOS="956.0"
                    WIDTH="372.0"
                    HEIGHT="54.0">
            <Shape><Polygon POINTS="128 989 128 1006 494 1010 498 985 491 956 126 956 128 989"/></Shape>
	    <String CONTENT="con el recato debido"
                    HPOS="126.0"
                    VPOS="956.0"
                    WIDTH="372.0"
                    HEIGHT="54.0"></String>
          </TextLine>

          
          
          <TextLine ID="eSc_line_b99b0b74"
                    TAGREFS="LT83"
                    BASELINE="128 1031 514 1027" 
                    HPOS="126.0"
                    VPOS="1000.0"
                    WIDTH="388.0"
                    HEIGHT="45.0">
            <Shape><Polygon POINTS="128 1031 128 1045 512 1041 514 1027 508 1000 126 1000 128 1031"/></Shape>
	    <String CONTENT="se crió, y apenas tuvo"
                    HPOS="126.0"
                    VPOS="1000.0"
                    WIDTH="388.0"
                    HEIGHT="45.0"></String>
          </TextLine>

          
          
          <TextLine ID="eSc_line_e8b17e7e"
                    TAGREFS="LT83"
                    BASELINE="128 1070 636 1070" 
                    HPOS="128.0"
                    VPOS="1039.0"
                    WIDTH="508.0"
                    HEIGHT="52.0">
            <Shape><Polygon POINTS="128 1070 128 1085 634 1091 636 1070 636 1039 128 1039 128 1070"/></Shape>
	    <String CONTENT="los quince abriles cumplidos,"
                    HPOS="128.0"
                    VPOS="1039.0"
                    WIDTH="508.0"
                    HEIGHT="52.0"></String>
          </TextLine>

          
          
          <TextLine ID="eSc_line_33eb2d3a"
                    TAGREFS="LT83"
                    BASELINE="128 1109 642 1116" 
                    HPOS="126.0"
                    VPOS="1076.0"
                    WIDTH="516.0"
                    HEIGHT="56.0">
            <Shape><Polygon POINTS="128 1109 126 1126 638 1132 642 1116 642 1082 128 1076 128 1109"/></Shape>
	    <String CONTENT="cuando Amor tiró una flecha;"
                    HPOS="126.0"
                    VPOS="1076.0"
                    WIDTH="516.0"
                    HEIGHT="56.0"></String>
          </TextLine>

          
          
          <TextLine ID="eSc_line_86ec00da"
                    TAGREFS="LT83"
                    BASELINE="132 1151 547 1151" 
                    HPOS="132.0"
                    VPOS="1120.0"
                    WIDTH="415.0"
                    HEIGHT="51.0">
            <Shape><Polygon POINTS="132 1151 132 1171 547 1165 547 1151 547 1120 132 1120 132 1151"/></Shape>
	    <String CONTENT="y fué para su desgracia:"
                    HPOS="132.0"
                    VPOS="1120.0"
                    WIDTH="415.0"
                    HEIGHT="51.0"></String>
          </TextLine>

          
          
          <TextLine ID="eSc_line_c90607f4"
                    TAGREFS="LT83"
                    BASELINE="128 1190 634 1194" 
                    HPOS="126.0"
                    VPOS="1159.0"
                    WIDTH="508.0"
                    HEIGHT="50.0">
            <Shape><Polygon POINTS="128 1190 126 1202 630 1209 634 1194 632 1163 128 1159 128 1190"/></Shape>
	    <String CONTENT="que bien dijo aquel que dijo,"
                    HPOS="126.0"
                    VPOS="1159.0"
                    WIDTH="508.0"
                    HEIGHT="50.0"></String>
          </TextLine>

          
          
          <TextLine ID="eSc_line_553c3fb5"
                    TAGREFS="LT83"
                    BASELINE="132 1229 640 1235" 
                    HPOS="130.0"
                    VPOS="1198.0"
                    WIDTH="510.0"
                    HEIGHT="58.0">
            <Shape><Polygon POINTS="132 1229 130 1242 636 1256 640 1235 640 1204 132 1198 132 1229"/></Shape>
	    <String CONTENT="que la mujer que es hermosa,"
                    HPOS="130.0"
                    VPOS="1198.0"
                    WIDTH="510.0"
                    HEIGHT="58.0"></String>
          </TextLine>

          
          
          <TextLine ID="eSc_line_3fc9c5e6"
                    TAGREFS="LT83"
                    BASELINE="128 1271 568 1277" 
                    HPOS="126.0"
                    VPOS="1235.0"
                    WIDTH="442.0"
                    HEIGHT="58.0">
            <Shape><Polygon POINTS="128 1271 126 1283 564 1293 568 1277 564 1235 128 1235 128 1271"/></Shape>
	    <String CONTENT="trae la desgracia consigo;"
                    HPOS="126.0"
                    VPOS="1235.0"
                    WIDTH="442.0"
                    HEIGHT="58.0"></String>
          </TextLine>

          
          
          <TextLine ID="eSc_line_7f7ad704"
                    TAGREFS="LT83"
                    BASELINE="126 1312 568 1316" 
                    HPOS="124.0"
                    VPOS="1279.0"
                    WIDTH="444.0"
                    HEIGHT="56.0">
            <Shape><Polygon POINTS="126 1312 124 1322 564 1335 568 1316 566 1283 126 1279 126 1312"/></Shape>
	    <String CONTENT="que bastó llamarse Rosa,"
                    HPOS="124.0"
                    VPOS="1279.0"
                    WIDTH="444.0"
                    HEIGHT="56.0"></String>
          </TextLine>

          
          
          <TextLine ID="eSc_line_7676c79b"
                    TAGREFS="LT83"
                    BASELINE="128 1355 554 1351" 
                    HPOS="126.0"
                    VPOS="1320.0"
                    WIDTH="428.0"
                    HEIGHT="50.0">
            <Shape><Polygon POINTS="128 1355 128 1370 551 1368 554 1351 547 1320 126 1322 128 1355"/></Shape>
	    <String CONTENT="que pocas rosas he visto"
                    HPOS="126.0"
                    VPOS="1320.0"
                    WIDTH="428.0"
                    HEIGHT="50.0"></String>
          </TextLine>

          
          
          <TextLine ID="eSc_line_9619b462"
                    TAGREFS="LT83"
                    BASELINE="126 1390 595 1397" 
                    HPOS="124.0"
                    VPOS="1359.0"
                    WIDTH="471.0"
                    HEIGHT="56.0">
            <Shape><Polygon POINTS="126 1390 124 1403 591 1415 595 1397 595 1361 126 1359 126 1390"/></Shape>
	    <String CONTENT="que no mueran deshojadas"
                    HPOS="124.0"
                    VPOS="1359.0"
                    WIDTH="471.0"
                    HEIGHT="56.0"></String>
          </TextLine>

          
          
          <TextLine ID="eSc_line_605fa641"
                    TAGREFS="LT83"
                    BASELINE="126 1434 539 1434" 
                    HPOS="126.0"
                    VPOS="1405.0"
                    WIDTH="413.0"
                    HEIGHT="45.0">
            <Shape><Polygon POINTS="126 1434 126 1450 539 1450 539 1434 539 1405 126 1405 126 1434"/></Shape>
	    <String CONTENT="á manos del precipicio."
                    HPOS="126.0"
                    VPOS="1405.0"
                    WIDTH="413.0"
                    HEIGHT="45.0"></String>
          </TextLine>

          
          
          <TextLine ID="eSc_line_1a2eaaa2"
                    TAGREFS="LT83"
                    BASELINE="130 1471 587 1477" 
                    HPOS="128.0"
                    VPOS="1436.0"
                    WIDTH="459.0"
                    HEIGHT="60.0">
            <Shape><Polygon POINTS="212 1436 192 1436 171 1436 150 1436 130 1436 130 1471 128 1483 582 1496 587 1477 585 1444 221 1436 212 1436"/></Shape>
	    <String CONTENT="La causa fué un caballero,"
                    HPOS="128.0"
                    VPOS="1436.0"
                    WIDTH="459.0"
                    HEIGHT="60.0"></String>
          </TextLine>

          
          
          <TextLine ID="eSc_line_d4da6c0e"
                    TAGREFS="LT83"
                    BASELINE="126 1512 554 1516" 
                    HPOS="124.0"
                    VPOS="1477.0"
                    WIDTH="430.0"
                    HEIGHT="56.0">
            <Shape><Polygon POINTS="126 1512 124 1525 549 1533 554 1516 551 1483 126 1477 126 1512"/></Shape>
	    <String CONTENT="don Jacinto del Castillo,"
                    HPOS="124.0"
                    VPOS="1477.0"
                    WIDTH="430.0"
                    HEIGHT="56.0"></String>
          </TextLine>

          
          
          <TextLine ID="eSc_line_c21c8bf5"
                    TAGREFS="LT83"
                    BASELINE="128 1554 545 1554" 
                    HPOS="128.0"
                    VPOS="1523.0"
                    WIDTH="417.0"
                    HEIGHT="51.0">
            <Shape><Polygon POINTS="128 1554 128 1566 543 1574 545 1554 543 1523 128 1523 128 1554"/></Shape>
	    <String CONTENT="tan galán como bizarro,"
                    HPOS="128.0"
                    VPOS="1523.0"
                    WIDTH="417.0"
                    HEIGHT="51.0"></String>
          </TextLine>

          
          
          <TextLine ID="eSc_line_c33f4bf6"
                    TAGREFS="LT83"
                    BASELINE="126 1591 566 1595" 
                    HPOS="124.0"
                    VPOS="1560.0"
                    WIDTH="442.0"
                    HEIGHT="62.0">
            <Shape><Polygon POINTS="126 1591 124 1607 345 1622 347 1622 564 1612 566 1595 564 1564 126 1560 126 1591"/></Shape>
	    <String CONTENT="valiente como entendido."
                    HPOS="124.0"
                    VPOS="1560.0"
                    WIDTH="442.0"
                    HEIGHT="62.0"></String>
          </TextLine>

          
          
          <TextLine ID="eSc_line_0ea1ed94"
                    TAGREFS="LT83"
                    BASELINE="128 1640 535 1640" 
                    HPOS="128.0"
                    VPOS="1601.0"
                    WIDTH="407.0"
                    HEIGHT="60.0">
            <Shape><Polygon POINTS="128 1640 128 1657 533 1661 535 1640 535 1612 128 1601 128 1640"/></Shape>
	    <String CONTENT="Este dió en galantearla"
                    HPOS="128.0"
                    VPOS="1601.0"
                    WIDTH="407.0"
                    HEIGHT="60.0"></String>
          </TextLine>

          
          
          <TextLine ID="eSc_line_3961b968"
                    TAGREFS="LT83"
                    BASELINE="126 1678 518 1682" 
                    HPOS="124.0"
                    VPOS="1647.0"
                    WIDTH="394.0"
                    HEIGHT="47.0">
            <Shape><Polygon POINTS="126 1678 124 1690 514 1694 518 1682 516 1651 126 1647 126 1678"/></Shape>
	    <String CONTENT="con fiestas y regocijos:"
                    HPOS="124.0"
                    VPOS="1647.0"
                    WIDTH="394.0"
                    HEIGHT="47.0"></String>
          </TextLine>

          
          
          <TextLine ID="eSc_line_ec0cd44f"
                    TAGREFS="LT83"
                    BASELINE="128 1719 541 1723" 
                    HPOS="126.0"
                    VPOS="1680.0"
                    WIDTH="415.0"
                    HEIGHT="58.0">
            <Shape><Polygon POINTS="190 1680 169 1680 148 1680 128 1680 128 1719 126 1738 539 1738 541 1723 541 1690 196 1680 190 1680"/></Shape>
	    <String CONTENT="la dama le corresponde"
                    HPOS="126.0"
                    VPOS="1680.0"
                    WIDTH="415.0"
                    HEIGHT="58.0"></String>
          </TextLine>

          
          
          <TextLine ID="eSc_line_a62acf81"
                    TAGREFS="LT83"
                    BASELINE="126 1762 508 1762" 
                    HPOS="126.0"
                    VPOS="1729.0"
                    WIDTH="382.0"
                    HEIGHT="48.0">
            <Shape><Polygon POINTS="126 1762 126 1777 508 1777 508 1762 506 1729 126 1729 126 1762"/></Shape>
	    <String CONTENT="con amorosos cariños"
                    HPOS="126.0"
                    VPOS="1729.0"
                    WIDTH="382.0"
                    HEIGHT="48.0"></String>
          </TextLine>

          
          
          <TextLine ID="eSc_line_44910910"
                    TAGREFS="LT83"
                    BASELINE="128 1804 578 1800" 
                    HPOS="126.0"
                    VPOS="1756.0"
                    WIDTH="452.0"
                    HEIGHT="60.0">
            <Shape><Polygon POINTS="498 1764 477 1764 456 1764 436 1764 432 1764 396 1767 392 1764 374 1764 353 1764 332 1764 328 1764 310 1769 274 1767 229 1764 229 1764 208 1764 188 1764 167 1764 146 1764 128 1764 126 1767 128 1804 128 1816 578 1812 578 1800 572 1756 498 1760 498 1764"/></Shape>
	    <String CONTENT="que enamorada y rendida"
                    HPOS="126.0"
                    VPOS="1756.0"
                    WIDTH="452.0"
                    HEIGHT="60.0"></String>
          </TextLine>

          
          
          <TextLine ID="eSc_line_82bff290"
                    TAGREFS="LT83"
                    BASELINE="126 1843 523 1843" 
                    HPOS="126.0"
                    VPOS="1810.0"
                    WIDTH="397.0"
                    HEIGHT="52.0">
            <Shape><Polygon POINTS="126 1843 126 1860 520 1862 523 1843 520 1810 126 1810 126 1843"/></Shape>
	    <String CONTENT="estaba de don Jacinto:"
                    HPOS="126.0"
                    VPOS="1810.0"
                    WIDTH="397.0"
                    HEIGHT="52.0"></String>
          </TextLine>

          
          
          <TextLine ID="eSc_line_ad34c24f"
                    TAGREFS="LT83"
                    BASELINE="128 1884 554 1880" 
                    HPOS="126.0"
                    VPOS="1853.0"
                    WIDTH="428.0"
                    HEIGHT="54.0">
            <Shape><Polygon POINTS="128 1884 128 1907 551 1897 554 1880 549 1853 126 1853 128 1884"/></Shape>
	    <String CONTENT="y con palabra de esposa"
                    HPOS="126.0"
                    VPOS="1853.0"
                    WIDTH="428.0"
                    HEIGHT="54.0"></String>
          </TextLine>

          
          
          <TextLine ID="eSc_line_1f6d89e5"
                    TAGREFS="LT83"
                    BASELINE="126 1924 498 1924" 
                    HPOS="126.0"
                    VPOS="1895.0"
                    WIDTH="372.0"
                    HEIGHT="43.0">
            <Shape><Polygon POINTS="126 1924 126 1938 498 1938 498 1924 498 1895 126 1895 126 1924"/></Shape>
	    <String CONTENT="á su amante satisfizo."
                    HPOS="126.0"
                    VPOS="1895.0"
                    WIDTH="372.0"
                    HEIGHT="43.0"></String>
          </TextLine>

          
          
          <TextLine ID="eSc_line_8f6128df"
                    TAGREFS="LT83"
                    BASELINE="134 1961 651 1963" 
                    HPOS="132.0"
                    VPOS="1919.0"
                    WIDTH="519.0"
                    HEIGHT="58.0">
            <Shape><Polygon POINTS="485 1926 481 1926 475 1930 303 1926 299 1926 279 1926 258 1926 237 1926 217 1926 196 1926 175 1926 155 1926 134 1926 134 1961 132 1975 647 1977 651 1963 651 1919 498 1919 496 1919 494 1919 491 1919 485 1922 485 1926"/></Shape>
	    <String CONTENT="Todas las noches se hablaban"
                    HPOS="132.0"
                    VPOS="1919.0"
                    WIDTH="519.0"
                    HEIGHT="58.0"></String>
          </TextLine>

          
          
          <TextLine ID="eSc_line_c10c7e79"
                    TAGREFS="LT83"
                    BASELINE="130 2004 585 2004" 
                    HPOS="130.0"
                    VPOS="1973.0"
                    WIDTH="455.0"
                    HEIGHT="48.0">
            <Shape><Polygon POINTS="130 2004 130 2021 585 2019 585 2004 585 1973 130 1973 130 2004"/></Shape>
	    <String CONTENT="por un balcón, que testigo"
                    HPOS="130.0"
                    VPOS="1973.0"
                    WIDTH="455.0"
                    HEIGHT="48.0"></String>
          </TextLine>

          
          
          <TextLine ID="eSc_line_6fb43839"
                    TAGREFS="LT83"
                    BASELINE="126 2043 566 2043" 
                    HPOS="126.0"
                    VPOS="2012.0"
                    WIDTH="440.0"
                    HEIGHT="50.0">
            <Shape><Polygon POINTS="126 2043 126 2058 564 2062 566 2043 566 2015 126 2012 126 2043"/></Shape>
	    <String CONTENT="era de sus muchas penas:"
                    HPOS="126.0"
                    VPOS="2012.0"
                    WIDTH="440.0"
                    HEIGHT="50.0"></String>
          </TextLine>

          
          
          <TextLine ID="eSc_line_254c8f1a"
                    TAGREFS="LT83"
                    BASELINE="130 2085 568 2081" 
                    HPOS="128.0"
                    VPOS="2048.0"
                    WIDTH="440.0"
                    HEIGHT="55.0">
            <Shape><Polygon POINTS="130 2085 130 2103 566 2101 568 2081 562 2048 128 2054 130 2085"/></Shape>
	    <String CONTENT="y como amantes tan finos"
                    HPOS="128.0"
                    VPOS="2048.0"
                    WIDTH="440.0"
                    HEIGHT="55.0"></String>
          </TextLine>

          
          
          <TextLine ID="eSc_line_769aa40c"
                    TAGREFS="LT83"
                    BASELINE="126 2122 574 2126" 
                    HPOS="124.0"
                    VPOS="2087.0"
                    WIDTH="450.0"
                    HEIGHT="56.0">
            <Shape><Polygon POINTS="126 2122 124 2136 570 2143 574 2126 570 2087 126 2087 126 2122"/></Shape>
	    <String CONTENT="descansa el uno con otro,"
                    HPOS="124.0"
                    VPOS="2087.0"
                    WIDTH="450.0"
                    HEIGHT="56.0"></String>
          </TextLine>

          
          
          <TextLine ID="eSc_line_ccf40d4f"
                    TAGREFS="LT83"
                    BASELINE="126 2159 520 2163" 
                    HPOS="124.0"
                    VPOS="2126.0"
                    WIDTH="396.0"
                    HEIGHT="52.0">
            <Shape><Polygon POINTS="126 2159 124 2172 516 2178 520 2163 518 2128 126 2126 126 2159"/></Shape>
	    <String CONTENT="repitiendo mil cariños."
                    HPOS="124.0"
                    VPOS="2126.0"
                    WIDTH="396.0"
                    HEIGHT="52.0"></String>
          </TextLine>

          
          
          <TextLine ID="eSc_line_40505201"
                    TAGREFS="LT83"
                    BASELINE="128 2205 537 2201" 
                    HPOS="126.0"
                    VPOS="2165.0"
                    WIDTH="411.0"
                    HEIGHT="54.0">
            <Shape><Polygon POINTS="128 2205 128 2219 535 2215 537 2201 533 2170 126 2165 128 2205"/></Shape>
	    <String CONTENT="Dejemos en este estado"
                    HPOS="126.0"
                    VPOS="2165.0"
                    WIDTH="411.0"
                    HEIGHT="54.0"></String>
          </TextLine>

          
          
          <TextLine ID="eSc_line_35c312e4"
                    TAGREFS="LT83"
                    BASELINE="124 2248 578 2242" 
                    HPOS="121.0"
                    VPOS="2207.0"
                    WIDTH="457.0"
                    HEIGHT="91.0">
            <Shape><Polygon POINTS="124 2248 124 2283 186 2281 194 2285 210 2298 212 2298 214 2298 217 2298 219 2298 243 2287 250 2283 254 2287 266 2298 268 2298 270 2298 272 2298 274 2298 293 2287 318 2273 345 2287 347 2287 349 2287 351 2287 353 2287 372 2273 415 2273 487 2279 498 2291 500 2291 500 2294 502 2294 504 2294 506 2294 578 2291 578 2242 572 2207 121 2211 124 2248"/></Shape>
	    <String CONTENT="á Leonor y á don Jacinto,"
                    HPOS="121.0"
                    VPOS="2207.0"
                    WIDTH="457.0"
                    HEIGHT="91.0"></String>
          </TextLine>

          
        </TextBlock>
        
        <TextBlock HPOS="909.0"
                   VPOS="107.0"
                   WIDTH="569.0"
                   HEIGHT="2164.0"
                   ID="eSc_textblock_1a1d447e"
                   TAGREFS="BT227">
          <Shape><Polygon POINTS="1478 281 1469 469 1395 677 1461 925 1461 1171 1403 1231 1403 1295 1469 1380 1453 1436 1395 1463 1370 1545 1378 1659 1469 1736 1461 1899 1403 1967 1436 2141 1420 2271 909 2254 909 330 917 124 975 107 1387 115 1478 281"/></Shape>
          
          
          <TextLine ID="eSc_line_f48d4fd9"
                    TAGREFS="LT83"
                    BASELINE="932 146 1368 142" 
                    HPOS="930.0"
                    VPOS="107.0"
                    WIDTH="438.0"
                    HEIGHT="54.0">
            <Shape><Polygon POINTS="1364 113 1343 113 1323 113 1302 113 1281 113 1261 111 1240 111 1219 111 1198 111 1178 111 1157 109 1136 109 1116 109 1095 109 1074 109 1058 107 938 113 930 117 932 146 932 161 1366 157 1368 142 1364 113 1364 113"/></Shape>
	    <String CONTENT="gozando aquellos elogios"
                    HPOS="930.0"
                    VPOS="107.0"
                    WIDTH="438.0"
                    HEIGHT="54.0"></String>
          </TextLine>

          
          
          <TextLine ID="eSc_line_b504798c"
                    TAGREFS="LT83"
                    BASELINE="934 183 1395 190" 
                    HPOS="932.0"
                    VPOS="150.0"
                    WIDTH="463.0"
                    HEIGHT="54.0">
            <Shape><Polygon POINTS="934 183 932 194 1391 204 1395 190 1393 157 934 150 934 183"/></Shape>
	    <String CONTENT="que el amor tiene consigo,"
                    HPOS="932.0"
                    VPOS="150.0"
                    WIDTH="463.0"
                    HEIGHT="54.0"></String>
          </TextLine>

          
          
          <TextLine ID="eSc_line_b2d7a93d"
                    TAGREFS="LT83"
                    BASELINE="934 227 1378 227" 
                    HPOS="934.0"
                    VPOS="196.0"
                    WIDTH="444.0"
                    HEIGHT="54.0">
            <Shape><Polygon POINTS="934 227 934 250 1378 250 1378 227 1378 196 934 196 934 227"/></Shape>
	    <String CONTENT="y paso pues á dar cuenta,"
                    HPOS="934.0"
                    VPOS="196.0"
                    WIDTH="444.0"
                    HEIGHT="54.0"></String>
          </TextLine>

          
          
          <TextLine ID="eSc_line_36a903bd"
                    TAGREFS="LT83"
                    BASELINE="934 268 1393 268" 
                    HPOS="934.0"
                    VPOS="235.0"
                    WIDTH="459.0"
                    HEIGHT="54.0">
            <Shape><Polygon POINTS="934 268 934 289 1393 285 1393 268 1393 235 934 235 934 268"/></Shape>
	    <String CONTENT="y digo que don Francisco,"
                    HPOS="934.0"
                    VPOS="235.0"
                    WIDTH="459.0"
                    HEIGHT="54.0"></String>
          </TextLine>

          
          
          <TextLine ID="eSc_line_42bdce4e"
                    TAGREFS="LT83"
                    BASELINE="932 307 1459 303" 
                    HPOS="930.0"
                    VPOS="272.0"
                    WIDTH="529.0"
                    HEIGHT="64.0">
            <Shape><Polygon POINTS="932 307 932 318 1006 328 1008 328 1043 322 1070 318 1099 324 1124 330 1126 330 1128 330 1157 326 1221 316 1238 328 1240 328 1242 328 1244 328 1246 328 1354 318 1372 332 1372 334 1374 334 1376 334 1378 336 1457 336 1459 303 1453 272 930 274 932 307"/></Shape>
	    <String CONTENT="que era el padre de esta dama"
                    HPOS="930.0"
                    VPOS="272.0"
                    WIDTH="529.0"
                    HEIGHT="64.0"></String>
          </TextLine>

          
          
          <TextLine ID="eSc_line_42741d7f"
                    TAGREFS="LT83"
                    BASELINE="932 347 1368 343" 
                    HPOS="930.0"
                    VPOS="310.0"
                    WIDTH="438.0"
                    HEIGHT="53.0">
            <Shape><Polygon POINTS="932 347 932 363 1366 363 1368 343 1364 312 930 310 932 347"/></Shape>
	    <String CONTENT="que tenía otros designios"
                    HPOS="930.0"
                    VPOS="310.0"
                    WIDTH="438.0"
                    HEIGHT="53.0"></String>
          </TextLine>

          
          
          <TextLine ID="eSc_line_6e2df716"
                    TAGREFS="LT83"
                    BASELINE="932 382 1374 382" 
                    HPOS="932.0"
                    VPOS="353.0"
                    WIDTH="442.0"
                    HEIGHT="52.0">
            <Shape><Polygon POINTS="932 382 932 405 1374 398 1374 382 1372 353 932 353 932 382"/></Shape>
	    <String CONTENT="de dársela á un caballero"
                    HPOS="932.0"
                    VPOS="353.0"
                    WIDTH="442.0"
                    HEIGHT="52.0"></String>
          </TextLine>

          
          
          <TextLine ID="eSc_line_dc78b1ff"
                    TAGREFS="LT83"
                    BASELINE="932 425 1447 427" 
                    HPOS="930.0"
                    VPOS="392.0"
                    WIDTH="517.0"
                    HEIGHT="54.0">
            <Shape><Polygon POINTS="932 425 930 440 1442 446 1447 427 1444 394 932 392 932 425"/></Shape>
	    <String CONTENT="que era muy rico y su amigo:"
                    HPOS="930.0"
                    VPOS="392.0"
                    WIDTH="517.0"
                    HEIGHT="54.0"></String>
          </TextLine>

          
          
          <TextLine ID="eSc_line_368834fc"
                    TAGREFS="LT83"
                    BASELINE="932 465 1422 471" 
                    HPOS="930.0"
                    VPOS="429.0"
                    WIDTH="492.0"
                    HEIGHT="56.0">
            <Shape><Polygon POINTS="932 465 930 473 1418 485 1422 471 1420 436 932 429 932 465"/></Shape>
	    <String CONTENT="don Fernando de Contreras,"
                    HPOS="930.0"
                    VPOS="429.0"
                    WIDTH="492.0"
                    HEIGHT="56.0"></String>
          </TextLine>

          
          
          <TextLine ID="eSc_line_8a780a62"
                    TAGREFS="LT83"
                    BASELINE="932 506 1385 508" 
                    HPOS="930.0"
                    VPOS="471.0"
                    WIDTH="455.0"
                    HEIGHT="47.0">
            <Shape><Polygon POINTS="932 506 930 516 1380 518 1385 508 1380 471 932 471 932 506"/></Shape>
	    <String CONTENT="que enamorado y rendido"
                    HPOS="930.0"
                    VPOS="471.0"
                    WIDTH="455.0"
                    HEIGHT="47.0"></String>
          </TextLine>

          
          
          <TextLine ID="eSc_line_e22b2103"
                    TAGREFS="LT83"
                    BASELINE="932 547 1310 547" 
                    HPOS="932.0"
                    VPOS="514.0"
                    WIDTH="378.0"
                    HEIGHT="50.0">
            <Shape><Polygon POINTS="932 547 932 560 1308 564 1310 547 1310 514 932 514 932 547"/></Shape>
	    <String CONTENT="de la singular belleza,"
                    HPOS="932.0"
                    VPOS="514.0"
                    WIDTH="378.0"
                    HEIGHT="50.0"></String>
          </TextLine>

          
          
          <TextLine ID="eSc_line_6e0fb85d"
                    TAGREFS="LT83"
                    BASELINE="930 582 1382 591" 
                    HPOS="928.0"
                    VPOS="547.0"
                    WIDTH="454.0"
                    HEIGHT="58.0">
            <Shape><Polygon POINTS="1302 549 1281 549 1261 549 1240 549 1219 549 1198 549 1178 549 1157 549 1136 549 1116 549 1095 549 1074 549 1054 549 1033 549 1012 549 992 549 971 549 950 549 930 547 930 582 928 599 1378 605 1382 591 1382 547 1302 547 1302 549"/></Shape>
	    <String CONTENT="del encanto y el prodigio,"
                    HPOS="928.0"
                    VPOS="547.0"
                    WIDTH="454.0"
                    HEIGHT="58.0"></String>
          </TextLine>

          
          
          <TextLine ID="eSc_line_8643fb62"
                    TAGREFS="LT83"
                    BASELINE="928 624 1335 628" 
                    HPOS="926.0"
                    VPOS="591.0"
                    WIDTH="409.0"
                    HEIGHT="55.0">
            <Shape><Polygon POINTS="928 624 926 636 1331 646 1335 628 1333 595 928 591 928 624"/></Shape>
	    <String CONTENT="del hechizo de Leonor,"
                    HPOS="926.0"
                    VPOS="591.0"
                    WIDTH="409.0"
                    HEIGHT="55.0"></String>
          </TextLine>

          
          
          <TextLine ID="eSc_line_159530cf"
                    TAGREFS="LT83"
                    BASELINE="928 663 1327 669" 
                    HPOS="926.0"
                    VPOS="626.0"
                    WIDTH="401.0"
                    HEIGHT="56.0">
            <Shape><Polygon POINTS="928 663 926 675 1323 682 1327 669 1325 638 928 626 928 663"/></Shape>
	    <String CONTENT="se determinó y le dijo:"
                    HPOS="926.0"
                    VPOS="626.0"
                    WIDTH="401.0"
                    HEIGHT="56.0"></String>
          </TextLine>

          
          
          <TextLine ID="eSc_line_5432ab19"
                    TAGREFS="LT83"
                    BASELINE="928 704 1358 710" 
                    HPOS="926.0"
                    VPOS="671.0"
                    WIDTH="432.0"
                    HEIGHT="52.0">
            <Shape><Polygon POINTS="928 704 926 717 1354 723 1358 710 1358 671 928 671 928 704"/></Shape>
	    <String CONTENT="señor don Francisco, yo"
                    HPOS="926.0"
                    VPOS="671.0"
                    WIDTH="432.0"
                    HEIGHT="52.0"></String>
          </TextLine>

          
          
          <TextLine ID="eSc_line_6f5da103"
                    TAGREFS="LT83"
                    BASELINE="928 744 1314 748" 
                    HPOS="926.0"
                    VPOS="713.0"
                    WIDTH="388.0"
                    HEIGHT="49.0">
            <Shape><Polygon POINTS="928 744 926 758 1310 762 1314 748 1312 717 928 713 928 744"/></Shape>
	    <String CONTENT="como hombre solicito"
                    HPOS="926.0"
                    VPOS="713.0"
                    WIDTH="388.0"
                    HEIGHT="49.0"></String>
          </TextLine>

          
          
          <TextLine ID="eSc_line_27c17cc8"
                    TAGREFS="LT83"
                    BASELINE="928 785 1378 793" 
                    HPOS="926.0"
                    VPOS="750.0"
                    WIDTH="452.0"
                    HEIGHT="60.0">
            <Shape><Polygon POINTS="928 785 926 797 1374 810 1378 793 1378 752 928 750 928 785"/></Shape>
	    <String CONTENT="alcanzar vuestros favores,"
                    HPOS="926.0"
                    VPOS="750.0"
                    WIDTH="452.0"
                    HEIGHT="60.0"></String>
          </TextLine>

          
          
          <TextLine ID="eSc_line_8609ec25"
                    TAGREFS="LT83"
                    BASELINE="926 826 1339 830" 
                    HPOS="924.0"
                    VPOS="795.0"
                    WIDTH="415.0"
                    HEIGHT="48.0">
            <Shape><Polygon POINTS="926 826 924 839 1335 843 1339 830 1337 799 926 795 926 826"/></Shape>
	    <String CONTENT="si merezco conseguirlo,"
                    HPOS="924.0"
                    VPOS="795.0"
                    WIDTH="415.0"
                    HEIGHT="48.0"></String>
          </TextLine>

          
          
          <TextLine ID="eSc_line_c0f70fe5"
                    TAGREFS="LT83"
                    BASELINE="926 870 1323 870" 
                    HPOS="926.0"
                    VPOS="830.0"
                    WIDTH="397.0"
                    HEIGHT="56.0">
            <Shape><Polygon POINTS="926 870 926 882 1320 886 1323 870 1323 839 926 830 926 870"/></Shape>
	    <String CONTENT="con la bellísima mano"
                    HPOS="926.0"
                    VPOS="830.0"
                    WIDTH="397.0"
                    HEIGHT="56.0"></String>
          </TextLine>

          
          
          <TextLine ID="eSc_line_19c3c4e2"
                    TAGREFS="LT83"
                    BASELINE="926 907 1430 913" 
                    HPOS="924.0"
                    VPOS="870.0"
                    WIDTH="506.0"
                    HEIGHT="62.0">
            <Shape><Polygon POINTS="1174 872 1153 872 1132 872 1130 872 1081 876 1070 872 1070 872 1050 872 1029 872 1008 872 988 872 926 876 926 907 924 923 1426 932 1430 913 1430 882 1391 870 1389 870 1387 870 1283 880 1196 880 1188 872 1174 872"/></Shape>
	    <String CONTENT="de Leonor que tanto estimo,"
                    HPOS="924.0"
                    VPOS="870.0"
                    WIDTH="506.0"
                    HEIGHT="62.0"></String>
          </TextLine>

          
          
          <TextLine ID="eSc_line_4e2464b1"
                    TAGREFS="LT83"
                    BASELINE="926 946 1409 952" 
                    HPOS="924.0"
                    VPOS="915.0"
                    WIDTH="485.0"
                    HEIGHT="50.0">
            <Shape><Polygon POINTS="926 946 924 956 1405 965 1409 952 1407 921 926 915 926 946"/></Shape>
	    <String CONTENT="con el renombre de esposa,"
                    HPOS="924.0"
                    VPOS="915.0"
                    WIDTH="485.0"
                    HEIGHT="50.0"></String>
          </TextLine>

          
          
          <TextLine ID="eSc_line_329cf040"
                    TAGREFS="LT83"
                    BASELINE="928 985 1343 989" 
                    HPOS="926.0"
                    VPOS="952.0"
                    WIDTH="417.0"
                    HEIGHT="54.0">
            <Shape><Polygon POINTS="928 985 926 998 1339 1006 1343 989 1341 956 928 952 928 985"/></Shape>
	    <String CONTENT="suplicándolo os lo pido;"
                    HPOS="926.0"
                    VPOS="952.0"
                    WIDTH="417.0"
                    HEIGHT="54.0"></String>
          </TextLine>

          
          
          <TextLine ID="eSc_line_385781b3"
                    TAGREFS="LT83"
                    BASELINE="928 1029 1411 1029" 
                    HPOS="928.0"
                    VPOS="992.0"
                    WIDTH="483.0"
                    HEIGHT="55.0">
            <Shape><Polygon POINTS="928 1029 928 1043 1409 1047 1411 1029 1411 998 928 992 928 1029"/></Shape>
	    <String CONTENT="y don Francisco que estaba"
                    HPOS="928.0"
                    VPOS="992.0"
                    WIDTH="483.0"
                    HEIGHT="55.0"></String>
          </TextLine>

          
          
          <TextLine ID="eSc_line_a300ac5f"
                    TAGREFS="LT83"
                    BASELINE="928 1066 1366 1070" 
                    HPOS="926.0"
                    VPOS="1033.0"
                    WIDTH="440.0"
                    HEIGHT="54.0">
            <Shape><Polygon POINTS="928 1066 926 1082 1362 1087 1366 1070 1364 1037 928 1033 928 1066"/></Shape>
	    <String CONTENT="deseando aquello mismo,"
                    HPOS="926.0"
                    VPOS="1033.0"
                    WIDTH="440.0"
                    HEIGHT="54.0"></String>
          </TextLine>

          
          
          <TextLine ID="eSc_line_27da87d7"
                    TAGREFS="LT83"
                    BASELINE="928 1109 1403 1105" 
                    HPOS="926.0"
                    VPOS="1074.0"
                    WIDTH="477.0"
                    HEIGHT="50.0">
            <Shape><Polygon POINTS="928 1109 928 1124 1401 1124 1403 1105 1397 1074 926 1078 928 1109"/></Shape>
	    <String CONTENT="se le ha ofrecido y con ella"
                    HPOS="926.0"
                    VPOS="1074.0"
                    WIDTH="477.0"
                    HEIGHT="50.0"></String>
          </TextLine>

          
          
          <TextLine ID="eSc_line_8a2ba2fd"
                    TAGREFS="LT83"
                    BASELINE="928 1151 1438 1147" 
                    HPOS="926.0"
                    VPOS="1116.0"
                    WIDTH="512.0"
                    HEIGHT="51.0">
            <Shape><Polygon POINTS="928 1151 928 1161 1436 1167 1438 1147 1432 1116 926 1118 928 1151"/></Shape>
	    <String CONTENT="diez mil ducados le ha dicho"
                    HPOS="926.0"
                    VPOS="1116.0"
                    WIDTH="512.0"
                    HEIGHT="51.0"></String>
          </TextLine>

          
          
          <TextLine ID="eSc_line_ea38b151"
                    TAGREFS="LT83"
                    BASELINE="926 1190 1366 1190" 
                    HPOS="926.0"
                    VPOS="1151.0"
                    WIDTH="440.0"
                    HEIGHT="60.0">
            <Shape><Polygon POINTS="926 1190 926 1211 1366 1211 1366 1190 1366 1159 926 1151 926 1190"/></Shape>
	    <String CONTENT="le dará en plata ó en oro"
                    HPOS="926.0"
                    VPOS="1151.0"
                    WIDTH="440.0"
                    HEIGHT="60.0"></String>
          </TextLine>

          
          
          <TextLine ID="eSc_line_c4f82aa9"
                    TAGREFS="LT83"
                    BASELINE="926 1231 1310 1231" 
                    HPOS="926.0"
                    VPOS="1196.0"
                    WIDTH="384.0"
                    HEIGHT="50.0">
            <Shape><Polygon POINTS="926 1231 926 1246 1310 1246 1310 1231 1310 1200 926 1196 926 1231"/></Shape>
	    <String CONTENT="si se efectúa lo dicho."
                    HPOS="926.0"
                    VPOS="1196.0"
                    WIDTH="384.0"
                    HEIGHT="50.0"></String>
          </TextLine>

          
          
          <TextLine ID="eSc_line_bd07eca9"
                    TAGREFS="LT83"
                    BASELINE="930 1273 1356 1277" 
                    HPOS="928.0"
                    VPOS="1235.0"
                    WIDTH="428.0"
                    HEIGHT="58.0">
            <Shape><Polygon POINTS="930 1273 928 1293 1354 1293 1356 1277 1351 1235 930 1240 930 1273"/></Shape>
	    <String CONTENT="Don Fernando se quedó"
                    HPOS="928.0"
                    VPOS="1235.0"
                    WIDTH="428.0"
                    HEIGHT="58.0"></String>
          </TextLine>

          
          
          <TextLine ID="eSc_line_db657f85"
                    TAGREFS="LT83"
                    BASELINE="928 1318 1333 1318" 
                    HPOS="928.0"
                    VPOS="1281.0"
                    WIDTH="405.0"
                    HEIGHT="58.0">
            <Shape><Polygon POINTS="928 1318 928 1330 1331 1339 1333 1318 1333 1287 928 1281 928 1318"/></Shape>
	    <String CONTENT="contento y agradecido;"
                    HPOS="928.0"
                    VPOS="1281.0"
                    WIDTH="405.0"
                    HEIGHT="58.0"></String>
          </TextLine>

          
          
          <TextLine ID="eSc_line_72e83b34"
                    TAGREFS="LT83"
                    BASELINE="928 1355 1320 1359" 
                    HPOS="926.0"
                    VPOS="1322.0"
                    WIDTH="394.0"
                    HEIGHT="54.0">
            <Shape><Polygon POINTS="928 1355 926 1368 1316 1376 1320 1359 1318 1326 928 1322 928 1355"/></Shape>
	    <String CONTENT="alegres se despidieron,"
                    HPOS="926.0"
                    VPOS="1322.0"
                    WIDTH="394.0"
                    HEIGHT="54.0"></String>
          </TextLine>

          
          
          <TextLine ID="eSc_line_da984d96"
                    TAGREFS="LT83"
                    BASELINE="930 1399 1440 1395" 
                    HPOS="928.0"
                    VPOS="1361.0"
                    WIDTH="512.0"
                    HEIGHT="58.0">
            <Shape><Polygon POINTS="930 1399 930 1419 1438 1419 1440 1395 1436 1364 928 1361 930 1399"/></Shape>
	    <String CONTENT="y al momento don Francisco"
                    HPOS="928.0"
                    VPOS="1361.0"
                    WIDTH="512.0"
                    HEIGHT="58.0"></String>
          </TextLine>

          
          
          <TextLine ID="eSc_line_f4f98897"
                    TAGREFS="LT83"
                    BASELINE="928 1440 1320 1438" 
                    HPOS="926.0"
                    VPOS="1403.0"
                    WIDTH="394.0"
                    HEIGHT="58.0">
            <Shape><Polygon POINTS="928 1440 928 1461 1318 1457 1320 1438 1316 1407 926 1403 928 1440"/></Shape>
	    <String CONTENT="se partió para su casa,"
                    HPOS="926.0"
                    VPOS="1403.0"
                    WIDTH="394.0"
                    HEIGHT="58.0"></String>
          </TextLine>

          
          
          <TextLine ID="eSc_line_ab165c9f"
                    TAGREFS="LT83"
                    BASELINE="926 1475 1349 1479" 
                    HPOS="924.0"
                    VPOS="1444.0"
                    WIDTH="425.0"
                    HEIGHT="52.0">
            <Shape><Polygon POINTS="926 1475 924 1488 1345 1496 1349 1479 1347 1448 926 1444 926 1475"/></Shape>
	    <String CONTENT="dándoles cuenta y aviso"
                    HPOS="924.0"
                    VPOS="1444.0"
                    WIDTH="425.0"
                    HEIGHT="52.0"></String>
          </TextLine>

          
          
          <TextLine ID="eSc_line_d8357cda"
                    TAGREFS="LT83"
                    BASELINE="926 1514 1310 1519" 
                    HPOS="924.0"
                    VPOS="1483.0"
                    WIDTH="386.0"
                    HEIGHT="54.0">
            <Shape><Polygon POINTS="926 1514 924 1527 1306 1537 1310 1519 1308 1483 926 1483 926 1514"/></Shape>
	    <String CONTENT="á su mujer y á su hija"
                    HPOS="924.0"
                    VPOS="1483.0"
                    WIDTH="386.0"
                    HEIGHT="54.0"></String>
          </TextLine>

          
          
          <TextLine ID="eSc_line_c8f7e565"
                    TAGREFS="LT83"
                    BASELINE="928 1558 1318 1552" 
                    HPOS="926.0"
                    VPOS="1523.0"
                    WIDTH="392.0"
                    HEIGHT="55.0">
            <Shape><Polygon POINTS="928 1558 928 1578 1316 1574 1318 1552 1312 1523 926 1527 928 1558"/></Shape>
	    <String CONTENT="muy alegremente dijo:"
                    HPOS="926.0"
                    VPOS="1523.0"
                    WIDTH="392.0"
                    HEIGHT="55.0"></String>
          </TextLine>

          
          
          <TextLine ID="eSc_line_6c7d1b38"
                    TAGREFS="LT83"
                    BASELINE="930 1597 1345 1593" 
                    HPOS="928.0"
                    VPOS="1556.0"
                    WIDTH="417.0"
                    HEIGHT="56.0">
            <Shape><Polygon POINTS="930 1597 930 1609 1343 1612 1345 1593 1341 1566 1211 1556 1209 1556 928 1566 930 1597"/></Shape>
	    <String CONTENT="No sabes, doña Leonor,"
                    HPOS="928.0"
                    VPOS="1556.0"
                    WIDTH="417.0"
                    HEIGHT="56.0"></String>
          </TextLine>

          
          
          <TextLine ID="eSc_line_b744661f"
                    TAGREFS="LT83"
                    BASELINE="928 1638 1283 1638" 
                    HPOS="928.0"
                    VPOS="1601.0"
                    WIDTH="355.0"
                    HEIGHT="54.0">
            <Shape><Polygon POINTS="928 1638 928 1655 1283 1653 1283 1638 1281 1601 928 1603 928 1638"/></Shape>
	    <String CONTENT="objeto de mi cariño,"
                    HPOS="928.0"
                    VPOS="1601.0"
                    WIDTH="355.0"
                    HEIGHT="54.0"></String>
          </TextLine>

          
          
          <TextLine ID="eSc_line_24cdb7df"
                    TAGREFS="LT83"
                    BASELINE="928 1674 1318 1678" 
                    HPOS="926.0"
                    VPOS="1640.0"
                    WIDTH="392.0"
                    HEIGHT="58.0">
            <Shape><Polygon POINTS="928 1674 926 1686 988 1698 990 1698 1316 1696 1318 1678 1316 1647 928 1640 928 1674"/></Shape>
	    <String CONTENT="como te tengo casada,"
                    HPOS="926.0"
                    VPOS="1640.0"
                    WIDTH="392.0"
                    HEIGHT="58.0"></String>
          </TextLine>

          
          
          <TextLine ID="eSc_line_00fd72a3"
                    TAGREFS="LT83"
                    BASELINE="928 1719 1351 1719" 
                    HPOS="928.0"
                    VPOS="1688.0"
                    WIDTH="423.0"
                    HEIGHT="52.0">
            <Shape><Polygon POINTS="928 1719 928 1733 1349 1740 1351 1719 1351 1688 928 1688 928 1719"/></Shape>
	    <String CONTENT="que será tu gusto y mío,"
                    HPOS="928.0"
                    VPOS="1688.0"
                    WIDTH="423.0"
                    HEIGHT="52.0"></String>
          </TextLine>

          
          
          <TextLine ID="eSc_line_51ab2993"
                    TAGREFS="LT83"
                    BASELINE="928 1756 1444 1756" 
                    HPOS="928.0"
                    VPOS="1719.0"
                    WIDTH="516.0"
                    HEIGHT="60.0">
            <Shape><Polygon POINTS="1341 1721 1320 1721 1312 1721 928 1725 928 1756 928 1771 1442 1779 1444 1756 1442 1719 1341 1719 1341 1721"/></Shape>
	    <String CONTENT="con don Fernando Contreras,"
                    HPOS="928.0"
                    VPOS="1719.0"
                    WIDTH="516.0"
                    HEIGHT="60.0"></String>
          </TextLine>

          
          
          <TextLine ID="eSc_line_7c92fad7"
                    TAGREFS="LT83"
                    BASELINE="926 1798 1405 1802" 
                    HPOS="924.0"
                    VPOS="1760.0"
                    WIDTH="481.0"
                    HEIGHT="58.0">
            <Shape><Polygon POINTS="926 1798 924 1808 1401 1818 1405 1802 1403 1769 926 1760 926 1798"/></Shape>
	    <String CONTENT="hombre rico y bien nacido;"
                    HPOS="924.0"
                    VPOS="1760.0"
                    WIDTH="481.0"
                    HEIGHT="58.0"></String>
          </TextLine>

          
          
          <TextLine ID="eSc_line_1e4e9d0f"
                    TAGREFS="LT83"
                    BASELINE="926 1839 1387 1837" 
                    HPOS="924.0"
                    VPOS="1808.0"
                    WIDTH="463.0"
                    HEIGHT="54.0">
            <Shape><Polygon POINTS="926 1839 926 1862 1385 1860 1387 1837 1380 1808 924 1808 926 1839"/></Shape>
	    <String CONTENT="es noble, afable y discreto,"
                    HPOS="924.0"
                    VPOS="1808.0"
                    WIDTH="463.0"
                    HEIGHT="54.0"></String>
          </TextLine>

          
          
          <TextLine ID="eSc_line_f3496ae3"
                    TAGREFS="LT83"
                    BASELINE="926 1876 1430 1880" 
                    HPOS="924.0"
                    VPOS="1845.0"
                    WIDTH="506.0"
                    HEIGHT="54.0">
            <Shape><Polygon POINTS="926 1876 924 1891 1426 1899 1430 1880 1428 1849 926 1845 926 1876"/></Shape>
	    <String CONTENT="como tú Leonor lo has visto;"
                    HPOS="924.0"
                    VPOS="1845.0"
                    WIDTH="506.0"
                    HEIGHT="54.0"></String>
          </TextLine>

          
          
          <TextLine ID="eSc_line_a99aa747"
                    TAGREFS="LT83"
                    BASELINE="926 1922 1372 1922" 
                    HPOS="926.0"
                    VPOS="1891.0"
                    WIDTH="446.0"
                    HEIGHT="45.0">
            <Shape><Polygon POINTS="926 1922 926 1934 1370 1936 1372 1922 1372 1891 926 1891 926 1922"/></Shape>
	    <String CONTENT="sólo aguardo tu respuesta"
                    HPOS="926.0"
                    VPOS="1891.0"
                    WIDTH="446.0"
                    HEIGHT="45.0"></String>
          </TextLine>

          
          
          <TextLine ID="eSc_line_db97a514"
                    TAGREFS="LT83"
                    BASELINE="928 1963 1339 1963" 
                    HPOS="928.0"
                    VPOS="1924.0"
                    WIDTH="411.0"
                    HEIGHT="55.0">
            <Shape><Polygon POINTS="928 1963 928 1977 1337 1979 1339 1963 1339 1930 928 1924 928 1963"/></Shape>
	    <String CONTENT="para dársela al proviso."
                    HPOS="928.0"
                    VPOS="1924.0"
                    WIDTH="411.0"
                    HEIGHT="55.0"></String>
          </TextLine>

          
          
          <TextLine ID="eSc_line_b522f6b0"
                    TAGREFS="LT83"
                    BASELINE="928 2004 1310 2004" 
                    HPOS="928.0"
                    VPOS="1973.0"
                    WIDTH="382.0"
                    HEIGHT="48.0">
            <Shape><Polygon POINTS="928 2004 928 2021 1310 2021 1310 2004 1310 1973 928 1973 928 2004"/></Shape>
	    <String CONTENT="Y Leonor como tenía"
                    HPOS="928.0"
                    VPOS="1973.0"
                    WIDTH="382.0"
                    HEIGHT="48.0"></String>
          </TextLine>

          
          
          <TextLine ID="eSc_line_e2a6ed51"
                    TAGREFS="LT83"
                    BASELINE="926 2043 1349 2048" 
                    HPOS="924.0"
                    VPOS="2004.0"
                    WIDTH="425.0"
                    HEIGHT="64.0">
            <Shape><Polygon POINTS="988 2006 967 2006 946 2006 926 2004 926 2043 924 2060 1345 2068 1349 2048 1347 2017 996 2006 988 2006"/></Shape>
	    <String CONTENT="las potencias y sentidos,"
                    HPOS="924.0"
                    VPOS="2004.0"
                    WIDTH="425.0"
                    HEIGHT="64.0"></String>
          </TextLine>

          
          
          <TextLine ID="eSc_line_e506ef4a"
                    TAGREFS="LT83"
                    BASELINE="928 2087 1341 2087" 
                    HPOS="928.0"
                    VPOS="2058.0"
                    WIDTH="413.0"
                    HEIGHT="45.0">
            <Shape><Polygon POINTS="928 2087 928 2103 1341 2103 1341 2087 1341 2058 928 2058 928 2087"/></Shape>
	    <String CONTENT="el corazón, vida y alma"
                    HPOS="928.0"
                    VPOS="2058.0"
                    WIDTH="413.0"
                    HEIGHT="45.0"></String>
          </TextLine>

          
          
          <TextLine ID="eSc_line_5ab54a7b"
                    TAGREFS="LT83"
                    BASELINE="928 2126 1391 2126" 
                    HPOS="928.0"
                    VPOS="2095.0"
                    WIDTH="463.0"
                    HEIGHT="54.0">
            <Shape><Polygon POINTS="928 2126 928 2149 1391 2149 1391 2126 1391 2095 928 2095 928 2126"/></Shape>
	    <String CONTENT="en su amante don Jacinto,"
                    HPOS="928.0"
                    VPOS="2095.0"
                    WIDTH="463.0"
                    HEIGHT="54.0"></String>
          </TextLine>

          
          
          <TextLine ID="eSc_line_8aab1de0"
                    TAGREFS="LT83"
                    BASELINE="928 2167 1407 2167" 
                    HPOS="928.0"
                    VPOS="2134.0"
                    WIDTH="479.0"
                    HEIGHT="54.0">
            <Shape><Polygon POINTS="928 2167 928 2188 1407 2188 1407 2167 1407 2134 928 2134 928 2167"/></Shape>
	    <String CONTENT="fué á responder, y no pudo,"
                    HPOS="928.0"
                    VPOS="2134.0"
                    WIDTH="479.0"
                    HEIGHT="54.0"></String>
          </TextLine>

          
          
          <TextLine ID="eSc_line_9cf76fcc"
                    TAGREFS="LT83"
                    BASELINE="926 2207 1393 2203" 
                    HPOS="924.0"
                    VPOS="2172.0"
                    WIDTH="469.0"
                    HEIGHT="55.0">
            <Shape><Polygon POINTS="926 2207 926 2221 1389 2227 1393 2203 1387 2172 924 2174 926 2207"/></Shape>
	    <String CONTENT="que la fuerza de un delirio"
                    HPOS="924.0"
                    VPOS="2172.0"
                    WIDTH="469.0"
                    HEIGHT="55.0"></String>
          </TextLine>

          
          
          <TextLine ID="eSc_line_e1a67e23"
                    TAGREFS="LT83"
                    BASELINE="926 2246 1403 2250" 
                    HPOS="924.0"
                    VPOS="2207.0"
                    WIDTH="479.0"
                    HEIGHT="80.0">
            <Shape><Polygon POINTS="1070 2207 1050 2207 1029 2207 1008 2207 988 2207 967 2207 946 2207 926 2207 926 2246 924 2287 1031 2287 1031 2285 1033 2285 1064 2271 1099 2271 1112 2281 1112 2283 1114 2283 1116 2283 1118 2283 1192 2273 1399 2281 1403 2250 1401 2211 1083 2207 1070 2207"/></Shape>
	    <String CONTENT="la traspuso en un desmayo,"
                    HPOS="924.0"
                    VPOS="2207.0"
                    WIDTH="479.0"
                    HEIGHT="80.0"></String>
          </TextLine>

          
        </TextBlock>
        

        
      </PrintSpace>
    </Page>
  </Layout>
</alto>
