1860 2629
171.0 319.0 392.0 62.0 antepone su venganza,

171.0 363.0 465.0 51.0 destruyendo á su enemigo.

175.0 403.0 382.0 54.0 Tuvo lugar y escribió,

171.0 442.0 440.0 48.0 diciéndole á don Jacinto:

175.0 479.0 377.0 57.0 «Esposo mío y Señor,

175.0 527.0 423.0 46.0 dueño del alma querido,

173.0 558.0 491.0 57.0 hoy mi padre de por fuerza,

173.0 604.0 423.0 51.0 con harto dolor lo digo,

173.0 641.0 410.0 57.0 con que pena lo refiero,

175.0 676.0 480.0 64.0 y con que llanto lo escribo;

175.0 722.0 493.0 55.0 hoy me ha casado mi padre,

173.0 762.0 436.0 57.0 hoy te perdí, dueño mío:

173.0 806.0 474.0 52.0 de este pesar, de esta pena

173.0 845.0 406.0 55.0 las lágrimas hilo á hilo

175.0 889.0 432.0 50.0 de mis ojos se despeñan,

175.0 926.0 443.0 53.0 remediarlo no he podido:

175.0 968.0 406.0 52.0 yo casada sin mi gusto,

175.0 1007.0 421.0 57.0 reviento sólo en decirlo:

175.0 1049.0 450.0 50.0 yo verme con otro dueño,

177.0 1086.0 505.0 59.0 yo en brazos de mi enemigo,

175.0 1130.0 465.0 50.0 ea, mueran los que causan

175.0 1167.0 421.0 59.0 tus disgustos y los míos.

177.0 1213.0 456.0 51.0 Para esta noche te espero,

182.0 1250.0 429.0 60.0 vendrás bien apercibido,

179.0 1294.0 408.0 59.0 que una criada avisada

179.0 1327.0 479.0 59.0 te entrará en el cuarto mío.

179.0 1375.0 511.0 59.0 Muera, muera don Fernando,

179.0 1410.0 500.0 62.0 pues mi padre lo ha querido,

182.0 1452.0 364.0 61.0 y nos iremos los dos,

179.0 1489.0 448.0 57.0 que en otro reino distinto

184.0 1537.0 395.0 51.0 nos casaremos después

179.0 1577.0 432.0 52.0 que ya tengo prevenidos

182.0 1616.0 449.0 55.0 muchos doblones y joyas,

182.0 1658.0 436.0 50.0 muchas sortijas y anillos.

184.0 1697.0 438.0 55.0 Esto, señor, te encarezco,

182.0 1737.0 515.0 52.0 no haya falta en lo que digo.»

184.0 1778.0 436.0 53.0 Todo aquel día se estuvo

182.0 1814.0 456.0 52.0 el padre con los padrinos,

182.0 1857.0 410.0 55.0 trazando para la noche

184.0 1901.0 392.0 53.0 mil fiestas y regocijos,

184.0 1938.0 351.0 57.0 y la cautelosa dama

182.0 1980.0 344.0 53.0 al inocente marido,

184.0 2013.0 432.0 61.0 por encubrir la ponzoña,

182.0 2061.0 434.0 53.0 mostraba amor y cariño.

184.0 2101.0 441.0 56.0 Vino la noche y con ella,

184.0 2140.0 414.0 61.0 á la puerta don Jacinto,

186.0 2184.0 445.0 52.0 bien prevenido de armas,

186.0 2225.0 375.0 57.0 y la criada al proviso

184.0 2263.0 465.0 59.0 le ha tomado por la mano,

186.0 2300.0 487.0 66.0 y en su cuarto lo ha metido:

184.0 2344.0 399.0 63.0 sin que nadie reparara

186.0 2383.0 447.0 59.0 y allí se quedó escondido,

184.0 2429.0 447.0 48.0 cual aspid emponzoñado,

182.0 2464.0 405.0 59.0 entre las flóres metido:

976.0 315.0 427.0 53.0 allí aguarda al inocente,

976.0 357.0 377.0 52.0 para picarle atrevido.

980.0 396.0 493.0 57.0 Llegó en fin la media noche,

973.0 438.0 375.0 52.0 se dió fin al regocijo;

976.0 475.0 418.0 61.0 ya todos los convidados

973.0 517.0 448.0 52.0 á sus casas se habían ido.

976.0 558.0 473.0 51.0 Entró Leonor en su cuarto,

973.0 593.0 439.0 55.0 halló en él á don Jacinto

976.0 637.0 361.0 53.0 allí trazaron el como

973.0 679.0 454.0 52.0 han de lograr su designio.

976.0 720.0 489.0 57.0 Entró después D. Fernando

976.0 764.0 425.0 55.0 despojándose el vestido,

976.0 801.0 526.0 62.0 y creyendo estar en los brazos

976.0 841.0 473.0 61.0 de Leonor que tanto quiso,

978.0 885.0 555.0 63.0 se halló en brazos de la muerte;

976.0 924.0 445.0 57.0 porque salió don Jacinto,

978.0 968.0 469.0 57.0 y con dos recias puñaladas

978.0 1001.0 471.0 59.0 abrió al alma dos postigos:

978.0 1045.0 458.0 54.0 revolcándose en su sangre

980.0 1088.0 390.0 57.0 se quedó cadáver frío.

978.0 1130.0 476.0 48.0 Acuden los dos consuegros

980.0 1167.0 344.0 55.0 al alboroto y ruido,

980.0 1207.0 441.0 54.0 y al soplo de dos pistolas

978.0 1242.0 456.0 59.0 las dos vidas han rendido;

980.0 1292.0 406.0 55.0 y saliéndose del cuarto,

978.0 1323.0 423.0 63.0 encontró Leonor un tío,

978.0 1369.0 432.0 57.0 diciendo: viles traidores,

980.0 1408.0 404.0 64.0 pagareis vuestro delito.

980.0 1445.0 456.0 62.0 Asió á Leonor de la ropa,

984.0 1494.0 404.0 54.0 y ella con varonil brío,

980.0 1533.0 414.0 50.0 de un fuerte carabinazo

980.0 1568.0 428.0 57.0 el corazón le ha partido;

980.0 1612.0 395.0 57.0 y saliéndose á la calle,

982.0 1656.0 426.0 52.0 allí montaron al proviso

980.0 1691.0 355.0 55.0 en un ligero caballo

980.0 1728.0 379.0 57.0 que tenían prevenido.

982.0 1770.0 421.0 59.0 Al estruendo y alboroto

982.0 1811.0 360.0 57.0 toda la justicia vino,

982.0 1851.0 450.0 57.0 solicitando el prenderlos:

984.0 1892.0 463.0 55.0 viendo lo que ha sucedido

982.0 1932.0 375.0 57.0 en aquella triste casa.

984.0 1976.0 454.0 54.0 Mas don Jacinto atrevido,

982.0 2015.0 465.0 53.0 con dos fuertes trabucazos

982.0 2055.0 430.0 54.0 derribó cuatro ministros,

984.0 2094.0 461.0 59.0 con que franqueó la calle;

987.0 2138.0 407.0 57.0 y saliéndose al camino:

984.0 2175.0 446.0 50.0 dejan de correr y vuelan,

987.0 2217.0 399.0 50.0 huyendo de su peligro.

989.0 2256.0 392.0 59.0 Y en la segunda parte,

989.0 2291.0 484.0 59.0 según consta por lo escrito,

987.0 2333.0 447.0 59.0 dice como se embarcaron

989.0 2379.0 423.0 55.0 y como fueron cautivos,

991.0 2418.0 445.0 57.0 y dice el fin que tuvieron

987.0 2458.0 410.0 57.0 doña Leonor y Jacinto.

616.0 2521.0 610.0 66.0 Imps. Hospital, 19, «El Abanico»
