1860 2629
447.0 302.0 1055.0 118.0 COPLAS GLOSADAS

710.0 517.0 502.0 67.0 Un hombre murió sin culpa,

666.0 567.0 399.0 59.0 su madre nunca nació,

668.0 615.0 424.0 61.0 y su abuela fué doncella

666.0 652.0 439.0 81.0 hasta que el nieto murió.

304.0 709.0 485.0 81.0 En prueba de esta verdad

263.0 766.0 458.0 62.0 verá el curioso evidente,

263.0 808.0 465.0 63.0 que por redimir la gente

261.0 856.0 386.0 64.0 Su Divina Magestad,

263.0 891.0 416.0 66.0 padeció gran crueldad

261.0 939.0 502.0 68.0 sin haber en esto disculpa;

263.0 992.0 460.0 57.0 y de esta verdad resulta,

261.0 1034.0 475.0 65.0 quedando bien aprobado,

263.0 1082.0 410.0 57.0 por redimir el pecado

261.0 1121.0 489.0 59.0 un hombre murió sin culpa.

302.0 1156.0 538.0 77.0 De tierra fué Adan formado;

258.0 1209.0 463.0 63.0 la mujer de una costilla,

263.0 1255.0 412.0 61.0 y para más maravilla,

258.0 1301.0 454.0 52.0 el Señor los ha juntado.

258.0 1342.0 421.0 64.0 Cayeron en el pecado,

261.0 1388.0 377.0 64.0 y de aquesto resultó

258.0 1417.0 481.0 74.0 que á Cain y Abel les dió

261.0 1465.0 559.0 79.0 que muy contrarios se vieran,

263.0 1522.0 517.0 57.0 y de aquestos que nacieran,

261.0 1564.0 403.0 87.0 su madre nunca nació.

1055.0 707.0 475.0 77.0 Cain de envidia malvada,

1008.0 758.0 476.0 70.0 á su hermano Abel mató,

1013.0 808.0 399.0 68.0 y en el monte le dejó

1011.0 847.0 482.0 66.0 con su sangre derramada.

1013.0 893.0 500.0 66.0 Su muerte ya fué vengada,

1017.0 944.0 507.0 59.0 porque Dios en tal querella

1015.0 985.0 469.0 60.0 le dió la muerte por ella,

1015.0 1031.0 472.0 68.0 quedando bien aprobado,

1008.0 1077.0 426.0 60.0 su padre se vió casado

1011.0 1119.0 438.0 68.0 y su abuela fué doncella.

1057.0 1158.0 436.0 66.0 Por disposición de Dios

1013.0 1207.0 419.0 68.0 Adan se vió castigado,

1008.0 1259.0 439.0 59.0 del Paraiso desterrados

1013.0 1296.0 392.0 62.0 Adan y Eva, los dos,

1008.0 1347.0 459.0 52.0 clamaban con triste voz;

1013.0 1391.0 463.0 57.0 porque Dios les condenó,

1013.0 1437.0 463.0 59.0 y en pago de esto les dió

1008.0 1472.0 459.0 70.0 una muy pesada guerra,

1008.0 1524.0 452.0 57.0 quedó doncella la tierra

997.0 1564.0 452.0 81.0 hasta que el nieto murió.

708.0 1614.0 474.0 86.0 Dichoso quien á Dios ama,

666.0 1678.0 463.0 65.0 dichoso quien á Dios teme,

664.0 1724.0 483.0 68.0 dichoso quien á Dios busca,

666.0 1774.0 472.0 83.0 dichoso quien no le ofende.

300.0 1820.0 531.0 77.0 Qué hermosísima es el alma

254.0 1875.0 511.0 66.0 que se emplea en el Señor,

256.0 1919.0 461.0 59.0 dispuesta por la mañana

256.0 1962.0 452.0 62.0 haciendo actos de amor;

254.0 2004.0 472.0 68.0 dichoso quien á Dios ama.

300.0 2044.0 487.0 72.0 El que mucho le quisiere,

256.0 2085.0 472.0 81.0 siempre en su ley estará;

263.0 2147.0 408.0 52.0 y si su reino pretende

256.0 2182.0 423.0 67.0 detrás de Dios andará;

256.0 2239.0 472.0 65.0 dichoso quien á Dios teme.

1057.0 1822.0 469.0 77.0 Ansioso siempre lo busca

1011.0 1884.0 414.0 57.0 noche y dia sin parar,

1011.0 1923.0 476.0 64.0 solo en servirle se ocupa,

1008.0 1971.0 411.0 55.0 diciendo va sin cesar:

1006.0 2006.0 492.0 66.0 dichoso quien á Dios busca.

1052.0 2048.0 437.0 72.0 El que gozarle quisiere

1011.0 2098.0 456.0 64.0 y colocarse en su Reino,

1013.0 2149.0 456.0 57.0 sus leyes tenga presente;

1015.0 2190.0 461.0 59.0 por gozar el bien eterno:

1017 2236 456 79 dichoso quien no le ofende.

267.0 2295.0 1450.0 66.0 PALMA.—Se vende en la tienda de M. BORRÁS, y en la casita de madera de la cuesta

203.0 2350.0 1317.0 62.0 del Teatro, en donde se hallará un buen surtido de historias, sainetes y romances.

649.0 2425.0 596.0 61.0 Imp. Viuda é Hijos de Gelabert.-4-99-88
