1753 2480
194.0 107.0 502.0 60.0 También el linage humano

194.0 155.0 455.0 66.0 tiene en esto su opinión;

192.0 198.0 471.0 68.0 porque sin contradicción,

186.0 250.0 394.0 60.0 es el falso testimonio

188.0 279.0 535.0 80.0 el vicio, con que el demonio

190.0 328.0 386.0 75.0 hace su negociación.

237.0 440.0 558.0 82.0 EL NOVENO, NO DESEAR LA MUJER

392.0 498.0 248.0 57.0 DE TU PRÓJIMO

233.0 539.0 436.0 87.0 Vemos con sumo dolor,

188.0 597.0 332.0 66.0 á la casada jugar,

188.0 632.0 421.0 68.0 para su vicio ostentar,

192.0 696.0 440.0 58.0 pérfida vende su honor.

194.0 731.0 463.0 70.0 Ya en esto no hay pudor,

190.0 785.0 392.0 56.0 ni menos reputación;

188.0 814.0 473.0 74.0 porque sin contradicción,

188.0 861.0 570.0 77.0 el hombre está siempre atento,

192.0 913.0 446.0 56.0 y tiene á cada momento

190.0 963.0 417.0 80.0 en la mano la ocasión.

219.0 1060.0 589.0 80.0 EL DÉCIMO, NO CODICIAR LAS COSAS

454.0 1113.0 128.0 58.0 AGENAS

229.0 1157.0 424.0 91.0 De caer en la avaricia

186.0 1213.0 380.0 70.0 vemos al avaricioso,

188.0 1254.0 417.0 76.0 y también al poderoso

188.0 1316.0 421.0 58.0 tropezar en la codicia.

188.0 1357.0 390.0 52.0 De la Divina justicia

188.0 1397.0 417.0 66.0 suspenso el azote está;

188.0 1446.0 299.0 60.0 pero dia llegará

188.0 1479.0 527.0 77.0 de que este rigor se estrene:

186.0 1535.0 456.0 64.0 el uno, porque no tiene,

192.0 1585.0 448.0 64.0 y el otro, porque no da.

231.0 1692.0 444.0 83.0 De esta manera los diez

186.0 1746.0 415.0 62.0 se reducen solo á dos:

188.0 1795.0 434.0 65.0 el uno, el amar á Dios;

188.0 1833.0 490.0 80.0 y el del prójimo, después.

186.0 1888.0 353.0 60.0 Pero el vil interés,

186.0 1919.0 510.0 75.0 su vicio tanto ha extendido

190.0 1971.0 547.0 81.0 y el mundo se ha corrompido

188.0 2017.0 392.0 66.0 en término señalado,

186.0 2062.0 432.0 56.0 que ni Dios es adorado

188.0 2118.0 438.0 56.0 ni el prógimo conocido.

229.0 2147.0 581.0 72.0 Moro, estos diez Mandamientos

183.0 2201.0 466.0 80.0 solo se encierran en dos:

936.0 115.0 459.0 60.0 en servir y amar á Dios,

940.0 163.0 480.0 54.0 observando sus preceptos;

940.0 200.0 461.0 62.0 y así por este argumento

938.0 241.0 478.0 71.0 debes quedar convencido,

940.0 289.0 511.0 60.0 que mi Dios es uno y trino,

942.0 336.0 407.0 60.0 y nos tiene de juzgar,

940.0 378.0 370.0 66.0 y con rigor castigar

940.0 417.0 548.0 60.0 á aquel que le haya ofendido.

986.0 465.0 512.0 59.0 Piensa que te has de morir;

942.0 514.0 604.0 66.0 piensa que hay gloria é infierno;

938.0 551.0 492.0 66.0 bien y mal, y todo eterno,

940.0 595.0 515.0 68.0 y que á juicio has de venir;

940.0 642.0 430.0 56.0 pónte luego á discurrir

940.0 688.0 438.0 62.0 tu bien y tu mal obrar,

938.0 727.0 546.0 72.0 que habrás hecho sin pensar,

938.0 781.0 442.0 56.0 si le diera un accidente

938.0 820.0 475.0 68.0 que murieras de repente,

936.0 870.0 399.0 55.0 á donde irás á parar.

981.0 899.0 503.0 74.0 Piensa bien lo que te digo:

938.0 958.0 463.0 58.0 trata de enmendarte fiel;

938.0 998.0 440.0 56.0 mira que aqueste papel

938.0 1041.0 401.0 58.0 será contra tí testigo;

940.0 1082.0 465.0 69.0 y que no olvides te digo,

938.0 1124.0 612.0 85.0 muerte, juicio, infierno y gloria;

940.0 1182.0 385.0 53.0 deja toda vanagloria

940.0 1217.0 422.0 58.0 y tén arrepentimiento;

940.0 1256.0 500.0 66.0 no hagas loco pensamiento

936.0 1316.0 508.0 60.0 á una tan cuerda memoria.

981.0 1355.0 441.0 64.0 Si tener has presumido

938.0 1395.0 418.0 66.0 en la postrera ocasión

938.0 1440.0 413.0 60.0 un acto de contrición,

936.0 1488.0 581.0 66.0 muchos hay que lo han tenido,

938.0 1533.0 467.0 56.0 y á pocos les ha servido:

940.0 1572.0 478.0 68.0 ¡oh! ¿quién tan loco será,

942.0 1626.0 476.0 60.0 y en tal riesgo se pondrá,

940.0 1667.0 459.0 58.0 que deje por un instante

942.0 1715.0 445.0 49.0 un caso tan importante,

942.0 1750.0 467.0 58.0 que no hay otro si se va?

983.0 1791.0 457.0 64.0 Dispon tu vida ajustada,

938.0 1833.0 550.0 70.0 mira que cuando enfermares,

940.0 1882.0 585.0 68.0 del tiempo que allá encontrares

940.0 1934.0 513.0 58.0 nunca ha de sobrarte nada,

942.0 1977.0 494.0 62.0 porque de aquesta jornada

944.0 2025.0 478.0 62.0 no se ha de volver jamás;

944.0 2064.0 523.0 64.0 mira el parage en que estás,

940.0 2110.0 455.0 55.0 que es caso para aturdir

942.0 2155.0 484.0 58.0 el saber que has de partir

942.0 2196.0 412.0 110.0 y no saber donde vas.
