2148 3034
419 290 772 86 que le precede, y parece producir otro

427 361 764 63 más aterrador. A la instantánea luz del

419 396 772 66 rayo, se estremece la tierra, y al estam-

424 451 781 63 pido del trueno todo tiembla; no hay

419 490 775 68 hombre alguno que no se crea mortal

425 541 769 55 en este instante. Ah! si este fuese el

425 584 769 63 último día de mi vida! cuan grato sería

421 625 779 66 para mí! morir junto á la tumba de

425 675 764 80 Emilia, reposar junto á ella, y unir mis

419 719 545 56 restos á los suyos preciosos.

461 761 737 61 Sepult. Señor, señor, apresuraos á

414 809 775 65 marchar, la noche va extendiendo más y

414 854 775 63 más sus sombras por los ángulos de esta

416 901 776 56 soledad; salid pronto antes no os coja de

425 935 764 76 improviso la tempestad que se prepara;

419 988 770 63 negras y espesas nubes cubren el hori-

414 1034 775 70 zonte, y el estampido del trueno se per-

416 1078 620 68 cibe cada vez con más claridad.

460 1117 729 63 Leand. Salir de aquí? por qué? qué

416 1161 772 66 importa! Ojalá el fantasma de la noche

414 1211 775 60 me envolviera en sus tiniebas, y el rayo

414 1257 776 57 sofocando mi espíritu vivificador me en-

414 1294 772 68 tregara la muerte. La existencia me será

419 1345 767 58 un martirio hasta que pagando el tributo

414 1390 772 101 á la naturaleza descanse al lado de mi

1216 303 775 73 adorada Emilia, bajo el peso de esos

1222 365 760 64 mármoles, entre el silencio de la miste-

1219 414 218 61 riosa nada.

1216 490 772 71 os enagena; en lo más florido de vuestros

1259 448 732 72 Sepult. Vaya no digais tal, el dolor

1216 543 765 68 días quisierais acabar vuestra existencia?

1216 586 696 71 sois joven y todavía podeis ser feliz.

1242 633 747 68 Leand. Nunca, ya no hay para mí fe¬

1216 672 765 68 licidad. Emilia ha muerto, mi dicha está

1218 726 257 64 en la tumba.

1216 814 767 60 ea, salid pronto, no puedo permitir que

1259 763 725 73 Sepuló. Disipad esas lúgubres ideas,

1216 859 620 63 permanezcais un momento más.

1214 943 764 65 metedme á lo menos que otro día re¬

1257 905 729 67 Lcand. Sea, si es preciso; pero pro¬

1214 988 764 66 compensando vuestra amistad y condes¬

1214 1036 769 66 cendencia me facilitareis de nuevo tan

1210 1092 776 67 dichosa ocasión; sólo así consentiré en

1214 1127 202 63 retirarme.

1211 1216 549 60 meto, pero salid, daos prisa.

1254 1163 732 80 Sepult. Enhorabuena, yo os lo pro¬

1251 1260 733 66 Leand. Así lo espero de vos, por la

1211 1299 767 76 bella que reposa en tan lóbrego recinto,

1211 1345 764 96 Emilia... Emilia de mi alma!... adiós...

1211 1395 124 66 adiós.

777 1680 834 94 FIN DE RA PRIGERA PARTE

463 2073 1519 76 LIBRITOS EN VENTA: El escribiente de los enamorados, estilo de escribir cartas

406 2133 1575 54 de amor; con los secretos para triunfar de las mujeres.— El Mágico adivino.— Secretos

406 2165 1573 66 de utilidad y recreo.— La Cocinera moderna, arte de guisar con toda regla y limpieza (es¬

409 2214 1570 51 crito en idioma catalán y castellano).—Juegos de manos y de baraja.— Guia dels ena¬

409 2251 1570 53 morats ó llibre de galanteos.— Canciones para Navidad.—La rueda mágica ó' el porvenir

406 2285 1573 66 de los amántes.— Libro de cortejar.— El Secretario moderno, estilo para escribir cartas

408 2331 1569 62 y mémoriales.— Arte de explicar los sueños.—Ramillete de felicitaciones.—La salva¬

406 2374 1568 68 ción del cristiano. — Guía de caminos. Contiene este librito otras cosas de mucha utilidad.

465 2417 956 55 Hay también una colección de Historias, con cubierta.

893 2471 592 75 Impa. Hospital, 1o «l Abanico»
