2148 3034
475 331 468 63 Cual la más lozana flor,

485 384 529 62 De la muerte el cruel rigor

485 421 442 66 Sepultó bajo esta losa.

483 468 417 62 Sólo desea ambiciosa

478 517 440 59 Del objeto de su amor

482 551 394 69 Un suspiro de dolor

478 594 491 83 Para poder ser dichosa.»

412 654 726 101 Ah! si un suspiro de dolor pudiera,

364 733 774 63 dulce Emilia mía hacerte dichosa toda-

369 778 769 68 vía, tú lo serías mil veces, porque mi

365 832 778 59 corazón que sólo por tu amor palpita,

364 867 777 60 exhala dolorosos suspiros todos los ins-

361 912 780 61 tantes en tanto que de mis ojos brotan

359 953 779 68 lágrimas de amarguísimo dolor. Teneis

364 1001 774 63 razón amigo, esta es la tumba de mi

359 1046 782 71 querida Emilia; las palpitaciones de mi

359 1094 782 66 pecho me lo indicarían bastante aun

359 1135 782 58 cuando no se leyera en los dorados ca-

359 1180 776 66 racteres que sobresalen de entre los

364 1218 771 73 jaspeados mármoles de su losa sepulcral.

359 1269 776 60 Buen hombre, hacedme el favor de de-

354 1314 781 76 jarme solo unos momentos, á fin de que

357 1363 706 61 sin testigos pueda exhalar mi dolor.

401 1404 733 64 Sepult. Reflexionad, señor, lo que

354 1448 779 69 intentais, la hora no es á propósito; la

359 1491 774 68 obscuridad nos rodea, la humedad puede

354 1534 779 84 dañaros, y aun temo que se prepara una

354 1587 399 53 violenta tempestad.

392 1620 733 71 Leand Por favor, amigo, yo os lo

354 1663 771 79 ruego, sólo un momento, ah, vos no ha-

354 1720 654 65 breis amado y no comprendereis.

394 1752 731 68 Sepult. Vuestras súplicas me ven-

354 1805 771 63 cen, conozco vuestra aflicción y os com-

351 1850 774 71 padezco, me separo por un momento,

354 1899 492 54 desahogad vuestro dolor.

396 1936 731 63 Leand. Emilia! Emilia! Emilia de

352 1983 780 68 mi corazón! ah! dónde estás! por qué no

352 2034 780 59 me respondes?... ah! Emilia no existe...

359 2079 773 65 está apagada para siempre la luz de sus

352 2117 780 81 hermosos ojos, y el dulcísimo acento de

1176 333 771 73 aquella voz angelical que me enagena-

1178 384 769 60 ba de placer, Ah! Emilia no existe... la

1176 431 769 66 Aurora vital que animaba los preciosos

1173 480 772 56 restos depositados bajo esta losa fría se

1173 525 770 59 apagó, cesó de existir; sólo ya mi imagi-

1173 571 770 57 nación puede hacer revivir en sus delirios

1171 615 769 57 el dulce objeto de mi pasión. Ah! si, yo

1170 652 770 60 la veo todavía; al través de estos már-

1166 697 774 64 moles que la ocultan, contemplo todavía

1166 738 772 71 su hermoso y agraciado cuerpo, su blan-

1166 788 766 58 co rostro, su mirada penetrante y se-

1161 831 774 64 ductora, su encantadora sonrisa su... ah!

1161 872 774 66 no, no, esto es un delirio, Emilia ha

1161 920 774 66 muerto, mis ojos no pueden verla, desdi-

1166 958 769 76 chada! Por qué he de vivir yo, si ha

1154 1009 16 58 muerto Emilia? La existencia me es

1161 1054 771 68 odiosa, su peso me fatiga, ven Emil a;

1161 1099 771 61 tiéndeme tus brazos, yo quiero volar

1161 1137 771 74 donde tú estás, oh! la muerte, la muerte

1158 1190 772 61 para ir á reunirme con Emilia... Insen-

1158 1231 767 66 sato! los aires se llevan mi voz, y el cielo

1158 1276 764 66 no se apiada de mí. Emilia ha muerto,

1158 1317 769 71 y yo no puedo dejarla en paz gozando el

1158 1367 769 66 apacible sueño de la muerte, ah! nece-

1158 1408 769 71 sito estar cerca de Emilia, llamarla por

1153 1458 772 61 su nombre, respirar el mismo aire que

1153 1496 769 74 embalsama sus restos. Aquí sí, aquí mi

1153 1544 772 66 corazón agitado busca el único consuelo

1158 1587 764 69 á sus amarguras, y sólo regando con

1151 1635 771 61 mis lágrimrs este sepulcro, al cual con-

1151 1678 771 61 sagro mis suspiros, podrá mi alma en-

1158 1724 764 66 contrar algún alivio, si puede haberle

1156 1769 766 61 para un infeliz que abandonado del úni-

1156 1812 764 61 co objeto de su cariño, se está murien-

1156 1853 756 78 do de amor y llora amargamente porque

1153 1908 320 52 no puede morir.

1173 1938 742 76 Oh! ¡gran Dios! dad valor á mi afligi-

1154 1988 766 66 do corazón, para que antes de separarme

1154 2041 766 60 de este dichoso recinto, pueda dirigir á

1154 2083 756 69 mi idolatrada Emilia lo que siente mi

1154 2130 169 71 corazón.
