1860 2629
708 265 305 61 NÚMERO 38.

607 1307 531 200 El Rastro.

484 1612 44 53 I

263 1689 436 69 Vaya un poco de romance

217 1743 443 56 entre duro y entre blando,

220 1795 424 49 bien vestido á la española

217 1831 412 53 con hidalguía de antaño.

223 1875 403 55 Y en él estos pobladores

219 1923 358 48 del desierto literario,

217 1971 417 50 prosigan su pensamiento

220 2011 460 55 tan provechoso como árduo.

220 2053 447 51 Nada mas nos propusimos

220 2101 415 53 á lo Quijote y lo Sancho,

223 2149 530 52 que ora en burlas, ora en veras,

223 2196 409 44 poner lo de arriba abajo.

225 2236 420 54 Sin esperanzas de gloria,

223 2288 462 43 sin comisiones de aplausos,

225 2331 498 43 ni mas merced que la nuestra,

225 2379 531 44 ni mas premio que dos cuartos,

226 2414 462 77 y ocultos, como obras pias,

964 1605 362 62 hemos ya romanceado

964 1656 440 52 asuntos de bueno á bueno,

965 1701 525 51 treinta y tres ó treinta y cuatro.

965 1749 493 48 Poniendo ante las conciencias.

965 1792 481 52 como espejo en que mirarnos

964 1834 431 48 recuerdos á falta de obras

967 1875 434 55 por ver si emulaban algo.

967 1926 511 48 No hay en la historia resquicio,

967 1973 441 44 ni oscuridad en los fastos,

970 2011 422 51 donde esta social linterna

968 2055 427 55 no haya dirigido un rayo.

968 2100 453 55 A nuestro acento los héroes

968 2145 460 56 sus sepulcros quebrantaron,

971 2196 389 51 y volvieron las batallas

971 2244 408 44 á resonar en los campos.

978 2278 388 57 Volvieron aquellos dias

973 2325 482 54 en que el amor, niño y casto,

973 2373 409 51 fué vínculo de las almas,

974 2411 564 77 fué un sentimiento y no un pacto.
