1753 2480
159.0 181.0 475.0 54.0 las quejas tan bien fundadas

159.0 221.0 419.0 60.0 y los lamentables gritos ,

157.0 262.0 411.0 64.0 que las Animas nos dán

157.0 303.0 419.0 60.0 en el Purgatorio mismo ,

155.0 341.0 463.0 59.0 ponderando sus tormentos ,

152.0 384.0 451.0 60.0 sus penas y sus martirios.

155.0 421.0 417.0 64.0 Las Animas estan dando

152.0 462.0 433.0 67.0 estos lamentables gritos ,

157.0 508.0 494.0 58.0 ¡ ay qué tormento y martirio !

157.0 549.0 419.0 52.0 que nos abrasamos vivas

155.0 589.0 390.0 59.0 en este fuego tan vivo ;

146.0 634.0 536.0 58.0 ¡ ay qué angustia , qué congoja ,

157.0 677.0 450.0 50.0 ¡ qué agonia, qué suspiro !

155.0 715.0 417.0 55.0 ¡ ay que voraz elemento ,

150.0 754.0 432.0 56.0 que no podemos sufrirlo !

152.0 795.0 472.0 64.0 en fuego estamos diciendo ,

152.0 834.0 447.0 62.0 ay Dios mio , ay Dios mio ,

148.0 878.0 447.0 60.0 quién nos sacará de aqui ?

148.0 913.0 432.0 58.0 con lagrimas lo pedimos !

146.0 952.0 422.0 64.0 Misericordia , cristianos ,

148.0 998.0 478.0 60.0 piedad , parientes y amigos ,

146.0 1041.0 356.0 54.0 acordaos de nosotras

146.0 1076.0 403.0 56.0 por amor de Jesucristo.

146.0 1118.0 467.0 70.0 Pecador que con tus culpas

144.0 1159.0 399.0 56.0 tienes á Dios ofendido ,

140.0 1194.0 480.0 87.0 hombre obstinado que estás

144.0 1248.0 407.0 54.0 en todo mundano vicio ,

140.0 1291.0 434.0 50.0 mira , mira , teme , teme ,

140.0 1326.0 416.0 58.0 de Dios el justo castigo.

140.0 1372.0 416.0 58.0 Las Animas te predican ,

136.0 1405.0 451.0 68.0 Dios te dá muchos avisos ;

140.0 1457.0 465.0 47.0 y tú te haces sordo á todo ,

138.0 1490.0 349.0 64.0 y te tapas los oidos ;

136.0 1529.0 527.0 60.0 mira , mira , atiende , atiende ,

134.0 1574.0 417.0 52.0 sino te has compadecido

136.0 1616.0 395.0 49.0 de las Animas benditas

138.0 1651.0 401.0 66.0 y sus lastimosos gritos ,

134.0 1700.0 349.0 52.0 oirás otros mayores ,

134.0 1729.0 409.0 60.0 que cause terror oirlos :

132.0 1779.0 453.0 54.0 esclaman las Almas santas

132.0 1820.0 382.0 56.0 anegadas en suspiros ,

130.0 1866.0 349.0 53.0 moveos á compasion

128.0 1907.0 395.0 54.0 corazones compasivos ,

130.0 1950.0 424.0 48.0 en el purgatorio estamos

126.0 1984.0 479.0 55.0 padeciendo estos martirios :

128.0 2033.0 438.0 48.0 mas abajo está el infierno

130.0 2066.0 463.0 56.0 que lloramos que gemimos.

132.0 2112.0 455.0 47.0 Se oyen de los condenados

130.0 2151.0 386.0 52.0 tan horribles alaridos ,

126.0 2190.0 448.0 52.0 echan muchas maldiciones

126.0 2227.0 469.0 85.0 que no me atrevo á decirlo,

839.0 190.0 461.0 70.0 Ay que nuestros corazones

841.0 231.0 370.0 60.0 en pedazos divididos ,

843.0 276.0 415.0 52.0 esclaman á Dios diciendo

839.0 314.0 453.0 60.0 ay bien mio , ay bien mio ,

839.0 349.0 448.0 62.0 cuando saldremos de aquí

843.0 394.0 446.0 62.0 para á la gloria subirnos ?

845.0 431.0 467.0 71.0 ¿ Cuándo saldremos de aquí

839.0 475.0 434.0 66.0 muchas veces repetimos ?

845.0 520.0 413.0 58.0 ¿ Cuándo llegará la hora

843.0 560.0 376.0 49.0 de ver á Dios infinito ?

843.0 597.0 467.0 64.0 Ay que estamos padeciendo

849.0 642.0 465.0 58.0 un gran dolor , un martirio ,

837.0 679.0 415.0 67.0 una congoja , una pena ,

839.0 725.0 448.0 58.0 una llama , un fuego vivo ,

837.0 768.0 415.0 60.0 que cada dia es un año ,

837.0 801.0 395.0 60.0 y cada año es un siglo.

837.0 841.0 508.0 62.0 ¡ Qué decís , fieles cristianos !

835.0 886.0 388.0 58.0 corazones compasivos ,

835.0 923.0 514.0 64.0 tened piedad de estas pobres ,

833.0 969.0 438.0 49.0 no os esteis endurecidos ,

831.0 1006.0 500.0 56.0 porque aqui estamos gritando

835.0 1051.0 434.0 52.0 ya los padres á sus hijos ,

835.0 1091.0 494.0 51.0 ya los hermanos á hermanas ,

833.0 1132.0 394.0 50.0 ya la muger al marido ,

833.0 1171.0 440.0 56.0 ya los hijos á sus padres ,

831.0 1213.0 444.0 53.0 ya el amigo á sus amigos ,

833.0 1250.0 521.0 66.0 ya el pariente á sus parientes ,

828.0 1299.0 457.0 54.0 ya á todos os damos gritos.

828.0 1328.0 391.0 62.0 Y para mas confusion ,

824.0 1374.0 461.0 62.0 si un padre viera á su hijo

828.0 1413.0 441.0 60.0 ó un hijo viera á su padre

826.0 1454.0 470.0 60.0 quemarse en un fuego vivo ,

826.0 1496.0 395.0 58.0 no acudirias á sacarle ?

822.0 1543.0 439.0 46.0 sí , porque te era preciso

826.0 1587.0 381.0 53.0 y lo otro por lo dicho.

822.0 1624.0 418.0 56.0 ¿ Amigo si esto conoces ,

822.0 1659.0 401.0 50.0 como estás endurecido?

824.0 1696.0 397.0 60.0 como no nos ves arder ,

824.0 1738.0 490.0 64.0 no haces caso de estos gritos:

822.0 1781.0 441.0 58.0 pues mortales , acordaos ,

822.0 1824.0 424.0 54.0 de estas penas sin alivio.

818.0 1868.0 403.0 58.0 Nosotras como vosotros

816.0 1903.0 451.0 64.0 en el mnndo hemos vivido ,

818.0 1953.0 502.0 55.0 y cuando menos pensabamos ,

814.0 1984.0 471.0 57.0 la muerte nos cortó el hilo.

822.0 2029.0 403.0 54.0 Y por la sentencia justa

818.0 2068.0 401.0 54.0 de nuestro Dios infinito

816.0 2110.0 393.0 55.0 al purgatorio venimos ;

816.0 2151.0 438.0 52.0 porque morimos en gracia

814.0 2194.0 515.0 54.0 de nuestro Dios clementísimo.

816.0 2236.0 445.0 74.0 Mas ay Jesus de mi alma ,
