1860 2629
313.0 238.0 338.0 75.0 y me sacasen de allí

313.0 297.0 380.0 57.0 fuere muy agradecido.

311.0 337.0 410.0 52.0 Al que de allí me sacára

307.0 372.0 489.0 63.0 le diera yo el Cielo Empíreo

313.0 416.0 470.0 61.0 que de esta suerte agradece

313.0 457.0 362.0 55.0 el socorro y el alivio ,

313.0 499.0 432.0 57.0 que por las Animas hacen

313.0 543.0 406.0 55.0 los corazones benignos ,

315.0 582.0 393.0 55.0 y toda aquesta doctrina

315.0 624.0 428.0 46.0 con un ejemplo confirmo.

313.0 657.0 439.0 55.0 Habia un Rey muy devoto

320.0 707.0 403.0 57.0 y de Animas compasivo ,

315.0 744.0 483.0 57.0 que hacía muchos sufragios ,

313.0 788.0 369.0 55.0 limosnas y sacrificios.

315.0 828.0 481.0 59.0 Le sucedió á este buen Rey ,

315.0 863.0 435.0 59.0 que se hallaba perseguido

315.0 911.0 468.0 59.0 de otro Rey que era cruel ,

318.0 946.0 361.0 57.0 y se declaró enemigo ,

313.0 992.0 395.0 55.0 que ya su ejército todo

315.0 1034.0 356.0 54.0 se le habia destruido

315.0 1075.0 369.0 53.0 y ganado sus estados ;

318.0 1115.0 335.0 57.0 y se vió tan afligido ,

318.0 1139.0 429.0 70.0 que un dia saliendo á dar

315.0 1198.0 393.0 52.0 la batalla á su enemigo

315.0 1231.0 435.0 61.0 con muy poca de la gente

320.0 1279.0 408.0 55.0 ya se daba por perdido ,

315.0 1321.0 443.0 57.0 pero antes de comenzarla ,

315.0 1342.0 479.0 75.0 oh qué admirable prodigio !

318.0 1402.0 436.0 59.0 se apareció un escuadron

322.0 1445.0 338.0 53.0 y un ejército lucido

320.0 1476.0 463.0 64.0 de Soldados muy hermosos

322.0 1520.0 515.0 61.0 tan bellos como el Sol mismo ,

320.0 1566.0 511.0 57.0 mas blancos qne los armiños ,

326.0 1601.0 457.0 61.0 y blancas todas sus armas ,

320.0 1643.0 478.0 63.0 de blancas galas vestidos ,

324.0 1691.0 402.0 52.0 cada uno un estandarte

322.0 1730.0 439.0 57.0 blanco , gravados escritos

322.0 1768.0 439.0 59.0 en todos estos renglones :

326.0 1811.0 395.0 57.0 viva Jesus , Rey divino.

326.0 1846.0 367.0 60.0 Admirado de ver esto

324.0 1881.0 342.0 68.0 el ejército enemigo ,

329.0 1903.0 489.0 88.0 pasmado , absorto y turbado ,

326.0 1969.0 378.0 55.0 tan confuso y aturdido ,

333.0 1989.0 502.0 83.0 al punto envió una embajada ,

329.0 2052.0 381.0 73.0 de esta manera le dijo :

991.0 245.0 450.0 66.0 ¿ De dónde os vino Señor ,

991.0 286.0 338.0 60.0 ejército tan lucido ?

995.0 313.0 450.0 81.0 y un Soldado muy hermoso

993.0 365.0 410.0 60.0 así le hubo respondido :

993.0 392.0 489.0 81.0 Señor , diga usted á su Rey ,

995.0 453.0 450.0 59.0 de parte de Dios venimos ,

1000.0 495.0 421.0 61.0 nosotros somos Soldados

997.0 530.0 389.0 68.0 de la Milicia de Cristo ,

1000.0 556.0 498.0 77.0 que por nuestro Rey gozamos

1000.0 611.0 469.0 68.0 la gloria del Cielo Empíreo.

1000.0 659.0 373.0 50.0 Animas del purgatorio

1000.0 703.0 456.0 52.0 al descanso hemos subido ,

1002.0 733.0 458.0 66.0 y á nuestro Rey los estados

1000.0 773.0 392.0 68.0 los vuelva sino decimos

1002.0 823.0 371.0 57.0 que él y todo su reino

1000.0 858.0 359.0 57.0 luego será destruido.

997.0 900.0 373.0 63.0 Le fué dada la noticia

1000.0 948.0 348.0 55.0 al otro Rey enemigo ,

1000.0 970.0 390.0 72.0 y viendo esta maravilla

1000.0 1009.0 449.0 82.0 y este admirable prodigio ,

1000.0 1064.0 408.0 62.0 le volvieron sus estados ,

1000.0 1095.0 480.0 77.0 todos los que habia perdido.

1000.0 1147.0 443.0 64.0 Hicieron con él las paces ,

1000.0 1187.0 318.0 59.0 y el ejército lucido

1000.0 1204.0 462.0 88.0 al punto subió á los cielos ,

1002.0 1266.0 399.0 59.0 y á los devotos les dijo :

1004.0 1314.0 452.0 57.0 veis que las Animas libran

1006.0 1349.0 399.0 68.0 á los Reyes de peligro :

1006.0 1397.0 435.0 57.0 y nos dicen ahora á todos

1004.0 1430.0 399.0 66.0 devotos , á vos pedimos

1004.0 1472.0 382.0 59.0 una Misa y un Rosario

1006.0 1520.0 413.0 55.0 por amor de Jesucristo ,

1004.0 1551.0 432.0 65.0 andadnos un Via-Crucis ,

1006.0 1599.0 399.0 57.0 en caridad encendidos :

1006.0 1632.0 331.0 65.0 aplicad un Jubileo ,

1002.0 1656.0 406.0 81.0 y un virtuoso ejercicio ,

1004.0 1721.0 397.0 62.0 una Bula por nosotros ,

1008.0 1754.0 369.0 64.0 y vereis como salimos

1008.0 1807.0 490.0 61.0 de las penas en que estamos ,

1011.0 1844.0 355.0 53.0 y rogaremos á Cristo

1008.0 1864.0 452.0 77.0 que vayais á acompañarnos

1011.0 1925.0 498.0 62.0 en su gloria , Cielo Empíreo ,

1011.0 1971.0 456.0 53.0 donde requieseant in pace ,

1008.0 2002.0 468.0 68.0 por los siglos de los siglos.

905.0 2059.0 169.0 184.0 FIN.

473.0 2287.0 1062.0 109.0 Valladolid: Imprenta de D. Julian Pastor.
