1753 2480
171.0 206.0 440.0 60.0 ya clamamos , ya decimos

171.0 250.0 447.0 57.0 á nuestros testamentarios ,

171.0 289.0 445.0 56.0 y los herederos lo mismo ,

173.0 326.0 488.0 56.0 no cumplen los testamentos ,

173.0 372.0 412.0 51.0 que para morir hicimos.

173.0 411.0 515.0 51.0 Ay que no cumplen las Misas ,

173.0 450.0 409.0 50.0 ni aplican los sacrificios

173.0 493.0 414.0 73.0 clamemos á los devotos:

857.0 214.0 432.0 65.0 ea , pues , devotos mios ,

859.0 256.0 350.0 56.0 apiadaos de nosotras

857.0 295.0 383.0 60.0 corazones compasivos ,

857.0 341.0 470.0 49.0 de estos crecidos tormentos

862.0 380.0 473.0 60.0 procurad por nuestro alivio.

864.0 419.0 405.0 56.0 Y en otra segunda parte

862.0 460.0 405.0 56.0 daré con mas claridades

862.0 493.0 365.0 91.0 el romance concluido.

684.0 578.0 326.0 83.0 SEGUNDA PARTE.

212.0 653.0 414.0 64.0 Voy á referir las penas ,

169.0 696.0 449.0 60.0 los tormentos y martirios ,

171.0 737.0 432.0 64.0 que las Animas padecen ,

169.0 777.0 422.0 66.0 en el purgatorio mismo ;

169.0 816.0 405.0 76.0 padecen pena de daño ,

171.0 861.0 366.0 66.0 y la pena de sentido .

169.0 903.0 325.0 55.0 la pena de daño es

167.0 940.0 362.0 49.0 no ver á Dios infinito

167.0 975.0 544.0 83.0 y aunque están con la esperanza

161.0 1020.0 434.0 54.0 de gozar bien tan divino ,

161.0 1056.0 498.0 76.0 sienten mucho aquesta pena ,

167.0 1103.0 366.0 58.0 y éste dolor escesivo ,

163.0 1138.0 395.0 62.0 por el deseo que tienen

159.0 1182.0 392.0 64.0 de gozar de Jesucristo.

157.0 1215.0 471.0 84.0 La pena que ahora se sigue

157.0 1264.0 380.0 60.0 es la pena de sentido ,

159.0 1304.0 454.0 68.0 la que en el fuego padecen

157.0 1343.0 432.0 64.0 de tormentos y martirios.

155.0 1388.0 380.0 56.0 Atended á lo que dice

152.0 1430.0 453.0 53.0 mi santo Tomás de Aquino

152.0 1467.0 430.0 62.0 lo que padecen las almas

155.0 1512.0 390.0 50.0 en grado tan escecivo ,

152.0 1541.0 476.0 62.0 que esceden á los tormentos

152.0 1585.0 387.0 60.0 que padeció Jerucristo

152.0 1630.0 366.0 52.0 en su sagrada pasion.

150.0 1665.0 466.0 68.0 Oh válgame Dios , devotos ,

148.0 1711.0 403.0 58.0 que no llorais al oirlos:

148.0 1752.0 432.0 54.0 asado fué en las parrillas

148.0 1793.0 412.0 58.0 un san Lorenzo bendito ,

148.0 1835.0 414.0 56.0 una mártir santa Eulalia

148.0 1874.0 447.0 60.0 padeció un atroz martirio ,

148.0 1917.0 457.0 56.0 fué quemada en un brasero

146.0 1957.0 414.0 58.0 hasta quedar convertido

146.0 2002.0 449.0 56.0 su cuerpo en una pavesa :

146.0 2035.0 387.0 73.0 mas adelante prosigo ,

148.0 2081.0 329.0 55.0 una Catalina mártir

146.0 2124.0 387.0 56.0 por la fé de Jesucristo

146.0 2161.0 447.0 64.0 fué arrojada en una rueda

146.0 2203.0 391.0 51.0 de nabajas y cuchillos.

146.0 2238.0 399.0 72.0 Cotejando todo aquesto

859.0 663.0 426.0 62.0 y todos cuantos martirios

862.0 706.0 458.0 58.0 que padecieron los santos ,

866.0 748.0 392.0 55.0 y los mártires invictos ,

859.0 787.0 451.0 56.0 cada alma está padeciendo

855.0 830.0 406.0 58.0 en el purgatorio mismo,

857.0 872.0 447.0 60.0 Ea , pues , almas devotas ,

857.0 909.0 424.0 62.0 todas las que habeis oido

851.0 946.0 445.0 62.0 esto que yo he ponderado ,

851.0 987.0 544.0 75.0 decid ; ¿ qué habeis percibido ?

849.0 1033.0 347.0 56.0 no habeis oido decir

849.0 1070.0 461.0 62.0 penas , dolores , martirios ,

847.0 1111.0 478.0 62.0 ardores , llamas , incendios ,

847.0 1153.0 409.0 60.0 tormentos de fuego vivo

847.0 1194.0 430.0 58.0 que las Animas padecen !

845.0 1235.0 382.0 56.0 Consideradnos á todas

845.0 1275.0 418.0 60.0 en las llamas abrasadas ,

845.0 1320.0 401.0 54.0 en tinas de fuego unas,

847.0 1359.0 401.0 64.0 otras en pozos y lagos ,

841.0 1392.0 407.0 67.0 y otras metidas en rios ,

841.0 1438.0 407.0 60.0 de frio y hielo cuajado ,

839.0 1477.0 384.0 58.0 y á otras sierpes fieras

839.0 1519.0 413.0 55.0 las estan despedazando :

839.0 1558.0 409.0 64.0 horroroso hedor á otras

839.0 1599.0 405.0 60.0 las atormenta el olfato ,

839.0 1643.0 465.0 62.0 con otros varios tormentos ,

837.0 1682.0 543.0 74.0 que dá miedo , horror y espanto

837.0 1723.0 432.0 56.0 referirlo. ¡ Ha mortales !

837.0 1760.0 409.0 60.0 qué será verlo y pasarlo

841.0 1800.0 345.0 64.0 dia y noche sin cesar

835.0 1841.0 452.0 62.0 un punto sín pena y llanto.

839.0 1884.0 444.0 66.0 Compadescámonos , fieles ,

837.0 1932.0 407.0 60.0 con corazon compasivo ,

839.0 1967.0 401.0 66.0 de las ánimas benditas ,

839.0 2012.0 405.0 58.0 y procuremos su alivio.

835.0 2052.0 388.0 56.0 Ofrezcamos oraciones ,

835.0 2087.0 357.0 62.0 limosnas y sacrificios ,

837.0 2128.0 448.0 70.0 que es tan alta y agradable

835.0 2170.0 394.0 66.0 esta devocion á Cristo ,

837.0 2207.0 432.0 68.0 que dice : si yo estuviera

835.0 2254.0 442.0 89.0 ardiendo en un fuego vivo
