1875 2640
114 52 361 47 Se salen para Tolon,

118 68 476 88 y à dos Peregrinas hallan:

118 132 434 63 quisieron burlarse dellas,

123 176 416 66 y ella defendió la causa,

121 222 477 59 pues à un compañero suyo,

118 264 434 61 de dos fuertes estocadas,

123 305 433 66 y à otro con una pistola,

121 349 486 60 dexó dos cuerpo s sin alma:

121 391 429 62 fueronse las Peregrinas,

121 429 484 61 rindiendole muchas gracias.

121 473 490 68 Luego trató de embarcarse,

125 523 398 62 porque ya se rezelava:

123 563 524 68 llegaron los tres à un Puerto,

125 609 471 59 que una Nave se aprestava

129 653 429 64 para Levante, y en èlla

125 699 367 49 su viage concertáva.

129 737 467 55 Y en aquella misma noche

127 781 460 59 èlla, y sus dos camaradas

127 825 464 59 tuvieron un gran combite

127 871 460 53 de pasteles, y empanadas,

127 910 423 60 se brindaron à menudo,

127 959 401 53 mas èlla no lo gustava;

127 996 506 62 los dos perdieron las fuerzas,

132 1042 446 62 y al sueño se entregavan;

127 1086 434 58 se retiraron à un quarto,

134 1124 424 68 y à las dos de la mañana

129 1168 396 66 tiraron pieza de aviso,

136 1203 414 73 y à los dos los escusava

129 1232 562 88 los malos passos que han hecho,

134 1298 405 57 à los filos de una daga.

132 1346 455 57 Cargó con quanto tenian,

134 1381 497 64 y à favor del viento marcha:

123 1427 420 64 llegó à dar vista gozosa

125 1480 403 51 al Puerto que deseava,

123 1520 488 55 con nuevecientos dablones,

125 1562 475 57 y mucha moneda en plata,

127 1599 346 62 se passeava gustosa,

127 1639 394 59 comia, y se regalava

127 1680 449 60 siempre con los Militares

127 1731 396 51 era toda su habitanza.

132 1764 490 70 Y estando assentada un dia,

127 1808 533 62 conoció un Cabo de Esquadra

132 1863 451 57 del Tercio de su querido,

132 1903 433 59 llegó travando palabras,

129 1938 473 70 que razones traen razones,

134 1991 453 55 con que conoció la Dama,

140 2026 522 77 que no era causa Don Carlos

143 2076 415 51 de todo lo que le passa.

145 2116 444 59 Correspondió agradecida,

143 2160 420 57 que alli tiene su posada,

143 2195 464 132 que quanto se le ofreciera

849 46 370 55 por él sacará la cara.

849 83 398 55 Y al otro dia siguiente

849 127 440 55 se compró una rica gala,

853 176 408 46 un coleto de ante fino,

853 213 504 57 y una linda espada, y daga.

851 255 421 55 Se fué con otros amigos

856 294 552 66 donde está el cuerpo de guardia

856 343 429 53 de que el Capitán le vió,

856 387 389 57 à sus Oficiales manda,

856 431 460 53 que le llamen aquel mozo,

860 475 493 61 porque mucho le agradava:

864 510 436 66 preguntó si era Español,

858 558 442 62 y ella cortesana le habla,

858 605 431 57 que desde su nacimiento

862 642 467 64 noble Español se llamava;

864 686 423 57 con suplicas, y dineros

860 730 405 62 al instante sentó plaza.

860 776 445 62 En un meson la aloxaron

858 820 425 57 con su patente firmada;

862 862 478 62 y estando juntos comiendo,

856 906 420 57 conoció algunas alhajas;

858 950 488 64 y el huesped le dixo, amigo

856 987 627 69 tambien yo he estado en España,

856 1038 455 59 en Alicante, en Valencia,

856 1075 475 62 en Castilla, y en Navarra:

856 1122 455 61 y una noche en Zaragoza

860 1163 434 69 por cierta parte passava

862 1212 423 59 á cavallo en una yegua,

856 1254 442 55 quando por una ventana

856 1293 427 64 de secreto me llamaron,

856 1339 477 66 y en un cofre me arrojaron

851 1388 414 55 quanta riqueza posseo,

851 1423 515 66 en que compré aquesta casa.

853 1465 419 66 Dissimuló quanto pudo,

858 1518 475 59 y assì que en claro lo saca,

853 1557 397 55 con una daga furiosa

858 1595 508 66 le abrió tres puertas al alma.

858 1647 416 60 A las vozes, y al ruido

853 1678 430 60 acudió el mozo de casa

856 1724 389 66 pana quererle agarrar,

856 1775 396 59 pero de una puñalada

853 1819 383 51 le pagó con el azero

856 1854 394 62 la codicia que llevava.

860 1900 374 62 Vino toda la justicia,

856 1944 451 60 y à la carcel la llevavan:

856 1986 477 64 la encierran, y aprisionan,

864 2035 412 57 y averiguando la causa,

867 2079 490 52 la sentencian de que muera.

860 2109 493 60 Y un Martes por la mañana

858 2156 396 63 la sacaron de la carcel

853 2195 537 121 con mucha gente en compaña,

1476 2237 60 70 y
