1900 2642
196 814 1318 145 NUEVO ROMANCE,

136 944 1417 95 EN QUE SE REFIEREN LOS PORTENTOSOS

211 1014 1259 93 lances que le sucedieron al Capitán Don Carlos,

392 1081 917 123 y à su Esposa Doña Juana Merino.

149 1224 457 119 Quien de Cupido se fia,

238 1287 471 49 y en él pone su esperanza,

169 1323 523 66 vive ciego en este mundo,

130 1367 465 53 que como niño le engaña.

127 1404 514 71 Por èl se vén mil desdichas,

123 1444 412 64 fatalidades, desgracias,

125 1494 520 64 ruidos, muertes, y afrentas;

130 1538 403 64 y sus almas arriesgadas

125 1587 417 51 à padecer graves penas,

127 1624 426 55 sepultadas en las llamas.

125 1668 432 64 No tengo mas que dezir,

130 1719 432 51 aqui se cierra esta plana,

127 1745 496 64 dandole à entender al vulgo

125 1794 434 66 lo que del amor se saca.

121 1842 335 55 Con el auxilio feliz

121 1884 419 55 de la Trinidad Sagrada,

123 1924 511 66 el Padre tambien, y el Hijo,

121 1968 445 59 del Espiritu en compaña,

123 2005 485 68 despierte mi entendimiento,

123 2060 474 62 paraque en breves palabras

125 2102 496 53 explique à los que me oyen

123 2146 419 60 la mas poderosa hazaña

123 2179 514 73 que en los anales se ha visto,

127 2228 470 92 y en los archivos se halla.

855 1226 520 77 Fué el caso, que una Señora

855 1276 355 58 de sangre calificada,

853 1318 374 62 natural de Zaragoza,

855 1354 458 66 á quien persiguió la parca

850 1395 512 69 de la fortuna, que à muchos

850 1450 503 55 sigue, que al fin es boltaria.

848 1492 503 64 Llego à esta Ciudad gozoso

850 1532 459 62 un Capitan de gran fama,

853 1578 522 66 galán, discreto, y tan noble,

850 1629 390 53 como lo dize su fama,

850 1666 406 62 con licencia de Felipe,

853 1704 542 66 que Dios guarde edades largas.

850 1752 454 59 Puso su sitio, y Vandera

848 1792 430 57 enfrente de las ventanas

846 1842 441 53 de aquella noble Señora;

846 1882 472 64 y un Domingo de mañana,

859 1926 434 62 por entre rayos de luzes

855 1974 430 53 vido una rosa temprana,

848 2007 445 60 retratandose á un espejo,

850 2045 501 70 que el claro cristal empaña,

848 2095 450 58 la hermosura de sus ojos,

850 2133 481 59 de su frente, y de su cara.

859 2184 426 55 Tiró Cupido una flecha,

857 2217 454 103 y el entre mortales ansias

1408 2261 101 63 quitó
