1895 2640
345 35 442 66 quitó cortés el sombrero,

347 81 438 62 y en el suelo se postrava,

347 125 392 57 y en una discreta seña

347 165 449 57 le dixo aquestas palabras:

352 206 471 66 Soy muerto, bella señora,

343 255 436 57 si tu amor no me rescata

343 297 471 55 la vida que me has robado,

345 338 559 73 que en mi noble pecho entrava,

343 387 433 61 con essas vivas centellas

347 429 388 55 que de tus ojos exalas.

343 473 466 61 Correspondióle entendida,

343 517 469 57 muy discreta, y cortesana:

345 558 431 66 En fee de ser mi marido,

343 594 433 72 à todo estoy arriesgada;

343 644 389 62 pero por otro camino,

347 690 449 55 nula es vuestra confianza.

347 728 495 70 Don Carlos viendo su dicha,

343 767 429 73 luego aceptó la palabra:

349 818 423 62 prosiguieron sus amores

343 864 466 53 con villetes, y con cartas.

349 899 471 71 Al cabo de aqueste tiempo,

343 943 451 71 de nuestro Real Monarca

345 996 431 57 vino una orden expressa,

347 1038 491 64 para que à Flandes se vaya.

343 1075 442 71 Dióle à su prenda noticia

341 1126 389 55 de lo que le precisava,

345 1163 467 62 y entre los dos dispusieron

341 1210 363 52 la hora para sacarla.

345 1247 438 68 A diez y nueve de Mayo

343 1291 466 68 puso su gente en campaña,

345 1339 436 55 mandando à sus Oficiales

345 1377 462 61 que prosiguen su jornada:

341 1425 446 57 mas aquella misma noche

343 1471 449 53 echó al balcon una escala:

334 1504 473 71 la Dama que está en aviso,

341 1553 433 57 no fué nada su tardanza.

345 1590 493 73 Vino à este tiempo la ronda,

341 1643 391 57 y siguiendo sus pisadas

341 1691 438 51 le cercan, y reconocen;

345 1724 475 58 y el señor Virrey le habla,

338 1771 447 52 que si despachó su gente,

338 1810 496 64 como no vá en su compaña,

341 1861 468 55 que fuerza será dar cuenta

336 1894 454 66 si de contado no marcha;

338 1944 454 58 dandole quatro Ministros

341 1988 451 58 para que le acompañáran,

336 2028 500 51 hasta dexarle en su Tercio

341 2072 433 51 que no le desemparáran.

341 2107 391 66 Vamos aora à la niña,

341 2160 468 53 que en este tiempo passava

336 2193 495 90 un buen hombre, que venia

1065 52 420 55 con una yegua alazana.

1065 88 539 74 Juzgando que era Don Carlos,

1069 134 381 64 de secreto le llamàra,

1069 173 434 73 diziendole, que parasse,

1071 224 449 59 y en un cofre le arrojava

1071 268 447 57 mas de doze mil ducados

1069 301 517 70 en prendas, joyas, y alhajas:

1069 347 377 66 baxó veloz à la calle,

1078 393 484 69 y viendo que no le hallava,

1076 437 442 64 llora, suspira, y solloza,

1074 477 477 68 diziendo aquestas palabras:

1078 528 376 59 Ay desdichada de mi,

1074 567 501 71 quanta ha sido mi desgracia,

1071 607 471 70 que fui la muger mas facil,

1071 653 535 68 que en todo el mundo se halla:

1069 695 489 68 supuesto que estoy perdida,

1074 750 466 59 yo he de seguir tus pisadas.

1067 787 480 62 Pusose à su rostro un velo,

1069 827 451 72 y à las puertas se llegava

1069 875 383 57 de una afligida Viuda,

1065 910 414 69 y su ropa le entregava,

1065 957 414 66 pidiendola de su esposo

1065 1003 387 59 el vestido que llevava.

1060 1034 502 77 Vistióse de un gruesso paño,

1060 1089 416 61 alpargatas, y polaynas,

1063 1133 416 63 con una montera vieja,

1060 1170 361 62 se salió desesperada,

1065 1212 458 57 diziendo que era Soldado.

1065 1258 464 57 Llegó à la raya de Francia

1065 1298 497 68 con otros quatro mancebos;

1065 1346 442 66 pero viendo que les falta

1060 1392 392 55 el sustento necessario,

1060 1427 438 62 luego de buscarle tratan.

1060 1469 509 71 Llegaron tarde à una Venta,

1058 1513 440 66 donde les dieron posada;

1069 1564 451 66 mas aquella misma noche

1069 1599 392 68 matan al amo de casa,

1067 1650 401 55 y à la ventera dexaron

1074 1689 422 62 en un poste maniatada:

1071 1731 498 68 robaron lo que alli hallaron,

1065 1775 460 70 y por su camino marchan,

1067 1823 361 62 y à la vista de Leon

1069 1854 445 68 en una quinta descanzan,

1069 1903 416 61 donde le dieron assalto,

1065 1940 480 66 robando el oro, y la plata.

1065 1984 497 73 Noche del Señor San Pedro,

1065 2032 482 66 dentro la Corte de Francia

1065 2076 440 62 robaron tres Mercaderes,

1060 2116 441 64 y porque no les buscáran

1054 2164 477 64 les despachan por la posta,

1056 2206 478 97 que la muerte les aguarda.

1652 2261 40 71 Se
