1753 2480
208 227 488 89 D. Pancracio se llamaba

161 287 421 78 El amo que ella tenia

157 336 440 75 Su muger Doña Maria

165 386 380 81 Y su hijo Don Jose,

208 425 439 81 Eran ricos hacendados

163 489 539 64 Y à Leonor tanto es imaban

165 531 560 72 Que cien mil gustos le daban

165 595 413 76 Que à referir pasare.

202 717 484 80 Por mas que lardase ella

157 783 543 64 En comparecer de la fuente

161 832 492 73 Diciendo que habia jente

161 876 438 70 No le replicaban mas.

204 919 449 81 Si alguna cosa rempia

161 967 436 70 Y su ama la regañaba

155 1018 407 64 El chico la defendia

161 1070 452 89 Y todo quedaba en paz.

202 1192 385 89 Era tan interesante

157 1246 504 93 Era tan guapa, tan bella

152 1310 666 72 Que el muchacho, quien era ella

161 1359 483 75 Un dia ya no se acordó

202 1409 533 74 Olvidó que él fuese el amo

161 1457 490 68 Y en tal grado la queria

157 1500 560 74 Que no pudo mas; y un dia

155 1562 409 78 Su afecto la declaró

204 1684 548 91 La chica se hizo la esquiva

161 1748 525 72 Al principio, mas despues

163 1791 467 73 Viendo cual la cosa iba

161 1847 548 132 Fué rindiendose à su amor.

986 202 475 116 De aqui vino su potente

938 291 478 70 Fortuna. . . ojos alerta

930 336 628 77 Muchachas. . . pues solamente

934 386 570 68 No ha de haber una Leonor.

979 522 420 79 Duraron los amoríos

940 578 502 73 Del muchacho y la criada

942 628 550 74 Tres meses, pues la cuitada

938 679 525 71 No pudo el . . . . esconder

988 735 519 71 Aqui fueron las blasfemias

942 779 478 68 Los llantos la algaravía,

942 830 494 66 De Pancracio y de Maria

938 874 434 82 Al llegarlo á conocer.

988 994 454 88 D. Pancracio maldecia,

948 1060 494 76 La pobre Leonor lloraba,

946 1109 647 79 Su ama hay gran pu. . . . decia

952 1167 484 54 Vete al instante de aqui.

992 1204 494 79 No se marchará mi bella

950 1252 466 72 El muchacho replicaba,

950 1310 490 66 Quiero casarme con ella,

952 1351 424 83 Pues la palabra le dí.

998 1504 540 70 Tristes padres no pudieron

950 1547 455 71 Resistir tantos pesares.

952 1595 433 66 Y tan violentos azares

950 1640 435 83 Les privaron de vivir.

994 1694 405 77 . . . . . . . . .

963 1742 442 78 . . . . . . . . . .

959 1787 459 79 . . . . . . . . . .

957 1843 473 143 . . . . , . . . ,

675 1988 470 140 Fin de la primera parte.
