1688 2387
838.0 181.0 143.0 73.0 —20 —

290.0 281.0 336.0 30.0 la cabeza le cortó,

290.0 290.0 486.0 76.0 dando mil gracias al Cielo;

286.0 334.0 442.0 73.0 y viendo que su caballo

297.0 388.0 479.0 64.0 era tan hermoso y bueno,

286.0 433.0 538.0 66.0 montó en él luego, al instante,

288.0 477.0 452.0 62.0 dejándose el suyo suelto,

290.0 523.0 492.0 69.0 el cual se volvió a la torre,

288.0 560.0 436.0 72.0 y viendo los caballeros

286.0 610.0 388.0 66.0 el caballo de Ricarte

286.0 652.0 484.0 68.0 tuvieron gran sentimiento,

286.0 704.0 482.0 63.0 que juzgaron que el jinete

286.0 747.0 480.0 60.0 sería en el campo muerto;

286.0 781.0 458.0 76.0 llegó al fin Ricarte al río,

286.0 831.0 446.0 72.0 y viéndolo tan soberbio,

284.0 885.0 424.0 59.0 se detuvo en su ribera,

282.0 922.0 456.0 72.0 devota oración haciendo,

288.0 974.0 406.0 58.0 a Dios Todopoderoso;

282.0 1010.0 488.0 74.0 vió venir un blanco ciervo

286.0 1054.0 428.0 67.0 de la otra parte del río,

280.0 1111.0 512.0 60.0 y asió al caballo del diestro

282.0 1149.0 437.0 65.0 poniéndole al otro lado;

281.0 1204.0 497.0 54.0 ¡oh, qué admirable misterio!

282.0 1247.0 470.0 59.0 Salió corriendo el gigante

283.0 1287.0 499.0 65.0 por ver si puede prenderlo,

282.0 1335.0 463.0 58.0 mas Ricarte en su caballo

281.0 1377.0 504.0 61.0 iba más veloz que el viento;

281.0 1425.0 487.0 60.0 se presentó a Carlo-Magno,

281.0 1475.0 462.0 51.0 quien regocijado al verlo,

280.0 1519.0 472.0 51.0 preguntó por sus varones,

281.0 1566.0 405.0 50.0 y le contestó resuelto,

281.0 1604.0 491.0 61.0 quedaban dentro una torre,

281.0 1647.0 470.0 58.0 muy escasos de alimentos,

282.0 1698.0 400.0 55.0 y la princesa Floripes

277.0 1738.0 459.0 58.0 también estaba con ellos,

280.0 1788.0 491.0 56.0 porque quiere ser cristiana;

280.0 1827.0 484.0 64.0 se dispuso que al momento

278.0 1880.0 433.0 54.0 se preparasen las tropas

280.0 1920.0 378.0 54.0 para ir a socorrerlos.

277.0 1965.0 386.0 57.0 Pero Ricarte advirtió

277.0 2006.0 387.0 62.0 lo difícil del empeño,

277.0 2052.0 439.0 63.0 que era pasar el puente,

277.0 2095.0 519.0 63.0 si no se arbitraba un medio;

282.0 2140.0 438.0 65.0 y dijo: «Dadme licencia,

919.0 272.0 470.0 48.0 con cincuenta caballeros,

907.0 302.0 581.0 64.0 que cubriendo nuestras armas,

923.0 350.0 470.0 63.0 como que vamos al reino

921.0 393.0 386.0 62.0 a llevar mercaderías,

923.0 439.0 438.0 60.0 conseguir así podremos

927.0 487.0 504.0 58.0 que el gigante ceda el paso,

923.0 530.0 547.0 64.0 y después que estemos dentro

926.0 574.0 524.0 62.0 meter mano a nuestras armas

925.0 620.0 494.0 66.0 y soltar las capas diestros.»

924.0 663.0 465.0 63.0 Lo hicieron como lo dijo,

932.0 708.0 446.0 58.0 y aquella noche salieron

924.0 754.0 480.0 64.0 más de treinta mil infantes

922.0 806.0 455.0 55.0 y cerca seis mil lanceros;

924.0 846.0 482.0 58.0 cosa de un cuarto de legua

923.0 887.0 484.0 63.0 del puente se escondieron,

921.0 934.0 532.0 60.0 y unos cincuenta marcharon

928.0 981.0 576.0 62.0 hasta el mismo puente, y luego

920.0 1027.0 469.0 59.0 salió el gigante, y les dice

922.0 1076.0 482.0 59.0 quién son; y respondieron:

924.0 1123.0 448.0 51.0 «Somos unos mercaderes

923.0 1164.0 466.0 57.0 que pasamos para el reino

922.0 1200.0 367.0 61.0 del almirante Balán;

923.0 1250.0 401.0 60.0 y el tributo le traemos

920.0 1296.0 506.0 60.0 que se paga en este puente.»

920.0 1340.0 490.0 63.0 Dijo el gigante: «Es entero;

919.0 1384.0 544.0 65.0 por cada uno un marco de oro,

919.0 1430.0 510.0 61.0 me habéis de dar, y con esto,

920.0 1477.0 436.0 55.0 pasaréis por este puente

917.0 1519.0 554.0 66.0 sin que os venga ningún riesgo.»

920.0 1566.0 502.0 63.0 Respondió el duque Reiner:

922.0 1612.0 512.0 58.0 «Abre, te entregarás de ello.»

920.0 1654.0 470.0 64.0 Abrió el gigante la puerta,

919.0 1700.0 422.0 65.0 y Ricarte muy resuelto,

919.0 1745.0 447.0 63.0 avanzó con sus parciales,

919.0 1798.0 473.0 55.0 soltando las capas diestros,

919.0 1840.0 434.0 58.0 desenvainan las espadas,

916.0 1881.0 482.0 64.0 y el gigante muy soberbio,

920.0 1924.0 498.0 67.0 viendo que le han engañado

918.0 1967.0 444.0 68.0 alzó una porra de hierro

916.0 2018.0 461.0 65.0 para matar sus contrarios,

916.0 2063.0 464.0 65.0 pero Ricarte muy diestro,

916.0 2107.0 404.0 63.0 con una recia estocada

911.0 2149.0 414.0 69.0 le hizo medir el suelo.
