1651 2383
693.0 129.0 137.0 89.0 —— 27 ——

132.0 231.0 380.0 41.0 pelean toda la tarde

132.0 268.0 522.0 56.0 con mucho valor y esfuerzo,

132.0 308.0 479.0 56.0 sin que se reconociese

132.0 354.0 496.0 56.0 ventaja en ninguno de ellos;

139.0 399.0 438.0 56.0 con esto llegó la noche,

131.0 444.0 496.0 61.0 tendiendo su manto negro;

136.0 488.0 499.0 62.0 dijo el gigante a Roldán :

136.0 537.0 508.0 61.0 Ya es hora que descansemos,

133.0 582.0 483.0 58.0 y así que amanezca el día

131.0 626.0 423.0 55.0 en este sitio te espero.»

129.0 668.0 416.0 57.0 Se fueron, y al otro día

129.0 716.0 395.0 51.0 a la batalla volvieron;

128.0 761.0 404.0 55.0 pelearon fuertemente,

127.0 812.0 423.0 56.0 como leones soberbios,

128.0 852.0 454.0 58.0 pero el gigante de pronto

128.0 898.0 439.0 56.0 le dijo : «Malo me siento,

129.0 939.0 411.0 55.0 es preciso suspender»,

128.0 986.0 494.0 57.0 y se ha tendido en el suelo.

127.0 1028.0 529.0 62.0 Roldán tomó un grueso canto

125.0 1077.0 493.0 54.0 cuanto alzar pudo del suelo,

127.0 1122.0 358.0 54.0 y se lo puso debajo

125.0 1171.0 437.0 53.0 de la cabeza, y con esto

125.0 1212.0 457.0 53.0 estuvo con más descanso;

123.0 1257.0 444.0 57.0 junto a él se sentó luego

125.0 1302.0 429.0 54.0 mirándole atentamente

123.0 1343.0 451.0 61.0 lo fornido de su cuerpo,

120.0 1391.0 462.0 57.0 la brillantez de sus armas

124.0 1436.0 398.0 53.0 y lo feroz de su gesto.

124.0 1478.0 528.0 61.0 Volvió en sí en esto, y le dice

119.0 1523.0 516.0 63.0 Roldán: «He mirado atento,

117.0 1567.0 424.0 61.0 Ferraguz, tu fortaleza,

120.0 1616.0 454.0 53.0 y lo recio de tu cuerpo.»

115.0 1657.0 528.0 64.0 Respondió el gigante, y dijo:

115.0 1705.0 498.0 58.0 «Has de saber que yo tengo

115.0 1754.0 511.0 54.0 fuerza de cuarenta hombres,

119.0 1793.0 422.0 60.0 y ser herido ni muerto

115.0 1840.0 401.0 53.0 no puede ser, si no es

119.0 1884.0 520.0 58.0 por el ombligo, esto es cierto.

116.0 1926.0 506.0 65.0 Tú eres cristiano, y quisiera

115.0 1975.0 445.0 58.0 me dijeras qué misterio

116.0 2020.0 470.0 58.0 y qué ley es la que siguen

113.0 2063.0 469.0 59.0 los cristianos verdaderos.»

117.0 2107.0 428.0 70.0 Y Roldán le respondió :

777.0 230.0 531.0 59.0 «Has de saber por muy cierto,

774.0 271.0 475.0 59.0 que es la ley de Jesucristo,

775.0 316.0 449.0 61.0 creador de tierra y cielo;

774.0 361.0 445.0 59.0 padeció muerte y pasión

775.0 407.0 478.0 60.0 por librarnos del infierno.»

773.0 450.0 478.0 63.0 Dijo Ferraguz: «Si quieres

771.0 499.0 476.0 62.0 que hagamos un concierto,

771.0 541.0 428.0 61.0 que la ley del vencedor

773.0 586.0 456.0 62.0 sea buena, esto es hecho.»

775.0 630.0 425.0 63.0 Y Roldán muy confiado

770.0 677.0 452.0 53.0 en Dios, y con firme celo

771.0 720.0 433.0 57.0 dijo que sí, y al instante

769.0 761.0 369.0 61.0 a la pelea volvieron;

769.0 814.0 541.0 54.0 se dieron muy grandes golpes

770.0 855.0 503.0 58.0 con mucho valor y esfuerzo;

770.0 898.0 461.0 59.0 vió el gigante que Roldán

767.0 943.0 484.0 68.0 le iba a dar un golpe recio,

769.0 992.0 400.0 63.0 y agachando la cabeza

767.0 1037.0 421.0 61.0 lo agarró por el cuerpo,

769.0 1082.0 410.0 60.0 y con grande violencia

767.0 1129.0 493.0 61.0 lo ha derribado en el suelo.

766.0 1174.0 481.0 57.0 Roldán, que sacó un puñal,

767.0 1219.0 469.0 61.0 y con grandísimo esfuerzo

766.0 1262.0 413.0 63.0 se lo metió por debajo,

763.0 1302.0 463.0 60.0 le hirió el ombligo, recio;

763.0 1351.0 457.0 64.0 y cuando se sintió herido

762.0 1391.0 481.0 63.0 pegó un grito tan soberbio

762.0 1441.0 535.0 66.0 que estremeció todo el campo

763.0 1488.0 400.0 55.0 y los suyos acudieron;

762.0 1531.0 477.0 56.0 también vino Carlo Magno

762.0 1576.0 448.0 48.0 con todos sus caballeros;

761.0 1621.0 447.0 59.0 se armó tan cruel batalla

761.0 1668.0 446.0 57.0 que daba terror el verlo;

759.0 1715.0 467.0 55.0 mataron a muchos moros;

761.0 1758.0 476.0 59.0 y vió Roldán a este tiempo

761.0 1804.0 421.0 58.0 que llevaban al gigante

762.0 1850.0 422.0 57.0 la flor de los caballeros

759.0 1897.0 424.0 53.0 a meterlo en la ciudad;

759.0 1940.0 538.0 64.0 se fué a ellos como un trueno,

758.0 1989.0 442.0 49.0 y acuchillando la escolta

761.0 2029.0 446.0 66.0 se llevó al gigante luego;

761.0 2077.0 389.0 61.0 le preguntó si queria,

759.0 2123.0 391.0 68.0 con cariñosos afectos,
