1666 2371
796.0 86.0 136.0 87.0 — 30 —

231.0 165.0 458.0 58.0 y espada en mano le dijo:

235.0 210.0 543.0 61.0 «Muéstrame luego al momento

234.0 254.0 467.0 64.0 al virrey Marsilio, o bien

229.0 300.0 514.0 67.0 te he de cortar el pescuezo.»

229.0 345.0 395.0 62.0 El turco le respondió

226.0 391.0 469.0 60.0 de esta manera, diciendo:

230.0 432.0 473.0 67.0 «Mira muy atentamente!

224.0 480.0 512.0 58.0 por todo este campo extenso,

228.0 524.0 462.0 63.0 y el de la visera verde,

222.0 563.0 464.0 73.0 caballo bayo, él es, cierto;

221.0 609.0 474.0 69.0 y dió a vuestro embajador

221.0 657.0 489.0 66.0 muchas joyas y dinero,

218.0 703.0 443.0 64.0 sólo porque os enviase

218.0 742.0 529.0 72.0 a lo mismo que estáis viendo.

217.0 791.0 443.0 63.0 Roldán que esto escuchó

216.0 837.0 429.0 62.0 como un león soberbio,

214.0 886.0 503.0 63.0 se entró por medio de todos,

213.0 927.0 488.0 64.0 hasta que hubo descubierto

210.0 972.0 508.0 67.0 a su contrario, y de un golpe

210.0 1016.0 500.0 69.0 le partió el hombro derecho

216.0 1061.0 440.0 61.0 dejándole allí tendido;

208.0 1105.0 436.0 62.0 pero viendo el caballero

214.0 1153.0 452.0 65.0 que el aliento le faltaba,

206.0 1197.0 496.0 66.0 retiróse a un monte, y luego

204.0 1246.0 497.0 63.0 se tendió al pie de una peña

205.0 1288.0 428.0 59.0 desmayado y sin aliento

201.0 1330.0 496.0 70.0 con cuatro heridas mortales,

201.0 1377.0 451.0 60.0 de esta manera diciendo :

204.0 1422.0 404.0 63.0 «Señor mío Jesucristo,

199.0 1463.0 477.0 66.0 Dios y Hombre verdadero,

197.0 1512.0 439.0 58.0 ten, Señor, misericordia

196.0 1553.0 416.0 64.0 de aqueste tu caballero,

195.0 1609.0 403.0 53.0 que por defender tu fe

195.0 1642.0 520.0 73.0 se ha visto en tantos aprietos;

191.0 1688.0 406.0 63.0 hoy doy la vida por Ti

191.0 1736.0 474.0 60.0 solo, en este monte espeso.

189.0 1776.0 427.0 65.0 Recibe, Señor, mi alma,

187.0 1828.0 456.0 56.0 que goce de Ti en el cielo

185.0 1867.0 405.0 62.0 de un eterno descanso,

185.0 1917.0 452.0 62.0 pues aquí tanto padezco.»

184.0 1956.0 426.0 68.0 Luego cogió su espada,

184.0 2003.0 451.0 65.0 de esta manera diciendo:

185.0 2045.0 462.0 71.0 «¡Oh espada de gran valor,

873.0 202.0 605.0 56.0 la mejor que el hombre ha hecho!,

872.0 227.0 560.0 70.0 ¡cuánto tiempo me has servido!,

872.0 271.0 544.0 72.0 ¡a cuántos turcos has muerto!,

875.0 325.0 444.0 59.0 y con tus cortantos filos

871.0 363.0 469.0 66.0 has partido tantos yelmos;

868.0 410.0 381.0 64.0 no quisiera te gozara

867.0 453.0 473.0 68.0 ninguno, y por eso quiero

865.0 499.0 460.0 67.0 en esta piedra quebrarte.»

873.0 542.0 438.0 67.0 Se levantó con esfuerzo,

863.0 592.0 505.0 65.0 la agarró con las dos manos,

860.0 633.0 455.0 65.0 y la dió golpes tan recios

859.0 679.0 453.0 61.0 contra la peña hasta que,

860.0 728.0 476.0 62.0 cansado, la arrojó al suelo,

856.0 769.0 491.0 67.0 sin que la espada se hiciera

856.0 812.0 397.0 65.0 mella ni señal de ello;

856.0 862.0 413.0 61.0 y viendo que no podía

852.0 902.0 467.0 68.0 quebrarla, tocó su cuerno,

852.0 948.0 435.0 63.0 el que Carlo-Magno oyó

850.0 994.0 453.0 63.0 y también dos caballeros,

851.0 1043.0 489.0 60.0 que escondidos en el monto,

848.0 1085.0 426.0 60.0 temerosos se metieron;

848.0 1127.0 454.0 66.0 eran Tierri y Valdomiros,¨

846.0 1171.0 382.0 63.0 éste llegó el primero,¨

844.0 1223.0 484.0 61.0 que es hermano de Roldán,

843.0 1265.0 427.0 58.0 y, viéndolo casi muerto,

842.0 1308.0 474.0 65.0 hizo un gran llanto por él;

842.0 1351.0 474.0 67.0 dijo Roldán a este tiempo:

844.0 1402.0 492.0 62.0 «Hermano, la sed me mata»;

839.0 1447.0 479.0 61.0 buscó agua, y no pudiendo

838.0 1487.0 480.0 64.0 hallarla, fué a Carlo-Magno,

835.0 1533.0 425.0 63.0 a dar cuenta del suceso;

835.0 1576.0 481.0 67.0 luego llegó también Tierri,

835.0 1624.0 402.0 60.0 lo miró Roldán atento,

833.0 1664.0 511.0 73.0 le dijo: «¿Qué miras, Tierri?,

834.0 1713.0 472.0 63.0 soy Roldán, tu compañero,

830.0 1759.0 503.0 66.0 el que dió muerte al gigante

831.0 1803.0 436.0 64.0 tan feroz y tan soberbio,

827.0 1848.0 488.0 64.0 el que en las recias batallas

829.0 1891.0 454.0 69.0 cuidó de sus compañeros;

826.0 1934.0 366.0 66.0 óyeme de confesión,

825.0 1981.0 557.0 69.0 porque ya me estoy muriendo. »

825.0 2024.0 404.0 67.0 Confesó generalmente,

823.0 2069.0 405.0 72.0 y alzó los ojos al cielo,
