1672 2301
775.0 37.0 103.0 63.0 — 15 —

186.0 136.0 422.0 30.0 y fueron tan valerosos,

184.0 157.0 541.0 56.0 que en muy breves momentos

182.0 196.0 452.0 59.0 a catorce dieron muerte;

185.0 250.0 440.0 52.0 pero yo escapé huyendo

185.0 287.0 374.0 60.0 fiado de mi caballo :

185.0 329.0 504.0 64.0 esta es la verdad por cierto,

184.0 382.0 499.0 55.0 que si habéis de castigarlos

185.0 423.0 475.0 61.0 mirad que no sean dueños

185.0 466.0 440.0 61.0 de poder usar de armas,

184.0 512.0 459.0 60.0 que si las toman es cierto

185.0 558.0 450.0 58.0 que no podrán sujetarlos

185.0 600.0 491.0 63.0 todo el poder del Imperio.»

185.0 646.0 397.0 60.0 El Almirante que oyó

185.0 696.0 464.0 55.0 pronunciar aquestos ecos,

185.0 740.0 481.0 57.0 clamaba luego a sus dioses

184.0 782.0 499.0 59.0 llenándolos de improperios.

185.0 827.0 446.0 62.0 Llegó Sortibrán al punto

185.0 873.0 444.0 61.0 estas palabras diciendo :

191.0 924.0 403.0 52.0 «Muy poderoso señor,

190.0 967.0 612.0 63.0 nuestros dioses son muy buenos,

185.0 1009.0 461.0 62.0 pues han traído a la corte

185.0 1057.0 567.0 64.0 a los que tan mal te han hecho :

182.0 1107.0 472.0 52.0 antes que amanezca el día

182.0 1146.0 496.0 58.0 os los tengo de dar presos.»

185.0 1188.0 487.0 62.0 Mandó aprontar al instante,

185.0 1238.0 463.0 55.0 con gran recato y secreto,

184.0 1284.0 555.0 58.0 tres mil hombres bien armados.

182.0 1326.0 515.0 60.0 Sortibrán y el Rey se fueron

184.0 1372.0 395.0 58.0 a la casa del Maestre,

182.0 1416.0 512.0 60.0 y entre los tres consiguieron

182.0 1467.0 499.0 56.0 sorprenderlos sin las armas;

182.0 1505.0 489.0 62.0 entró la tropa a ese tiempo,

185.0 1555.0 382.0 55.0 y sin poder resistirse

184.0 1606.0 446.0 46.0 los llevaron prisioneros

181.0 1643.0 458.0 55.0 adonde está el Almirante;

181.0 1688.0 468.0 58.0 entró el primer caballero,

182.0 1733.0 470.0 57.0 le preguntó que quién era,

185.0 1778.0 418.0 57.0 y le respondió resuelto,

182.0 1821.0 472.0 61.0 diciendo: «Yo soy Roldán,

182.0 1863.0 385.0 62.0 uno de los caballeros

185.0 1911.0 441.0 61.0 vasallos de Carlo-Magno,

182.0 1957.0 481.0 57.0 que venimos con un pliego

184.0 2003.0 467.0 70.0 para traerlo a esta corte;

825.0 126.0 466.0 52.0 pero los enviados vuestros

828.0 153.0 416.0 61.0 en la mitad del camino,

828.0 200.0 420.0 59.0 poco corteses y atentos,

830.0 244.0 431.0 61.0 intentaron desarmarnos,

830.0 291.0 439.0 57.0 y dentro de poco tiempo

827.0 336.0 493.0 60.0 dimos muerte hasta catorce,

827.0 382.0 503.0 65.0 y el otro se escapó huyendo;

826.0 425.0 398.0 64.0 aquí traigo las cabezas

827.0 474.0 448.0 52.0 por si no queréis creerlo.

835.0 513.0 481.0 64.0 —¿Qué diablo te envió acá?

827.0 562.0 488.0 61.0 — Quien te quitará tu reino,

823.0 607.0 410.0 53.0 si no te haces cristiano

823.0 650.0 437.0 59.0 y entregas los caballeros

823.0 696.0 425.0 58.0 y las sagradas reliquias;

825.0 746.0 490.0 61.0 porque ha hecho juramento

823.0 788.0 370.0 53.0 de quitarte la corona

823.0 830.0 393.0 59.0 y destruir tu Imperio.

823.0 875.0 475.0 54.0 —No llevarás la respuesta,

822.0 919.0 490.0 60.0 que dentro de breve tiempo

818.0 963.0 436.0 62.0 has de ser descuartizado

825.0 1011.0 445.0 57.0 y por los caminos puesto.

822.0 1054.0 490.0 60.0 Entró el segundo, y le dice :

823.0 1100.0 492.0 63.0 — ¿Quién es este caballero?

827.0 1147.0 512.0 62.0 —Soy Ricarte de Normandía.

825.0 1190.0 464.0 66.0 — Me alegro de conoceros,

822.0 1236.0 393.0 62.0 que ahora me pagarás

822.0 1282.0 549.0 64.0 los agravios que me has hecho.

825.0 1328.0 513.0 56.0 Entró el tercero, y pregunta :

827.0 1371.0 591.0 63.0 «¿Quién eres tú? Y muy discreto

821.0 1415.0 513.0 60.0 dice: «Soy Guy de Borgoña.»

825.0 1462.0 463.0 56.0 «También tuve gran deseo

820.0 1503.0 438.0 61.0 de pillarte en mi poder.»

825.0 1555.0 524.0 54.0 Y Guy respondió al momento :

822.0 1595.0 450.0 56.0 «Si tuvieras buena sangre

821.0 1641.0 417.0 51.0 o fueras buen caballero

822.0 1686.0 413.0 61.0 y te preciaras de noble,

820.0 1734.0 492.0 56.0 no hicieras estos propuestos

820.0 1776.0 483.0 58.0 de querer darnos la muerte

818.0 1820.0 362.0 56.0 oprimidos y sujetos,

820.0 1872.0 483.0 58.0 sino darnos nuestras armas,

817.0 1920.0 405.0 46.0 prevenir todo tu reino,

821.0 1953.0 396.0 59.0 y si acaso nos matasen

820.0 1999.0 449.0 68.0 caro os costaría el duelo.»
