1666 2330
819.0 88.0 124.0 66.0 — 26 —

248.0 179.0 423.0 50.0 llamó luego a Ferraguz,

251.0 214.0 504.0 60.0 que era un gigante soberbio,

248.0 260.0 361.0 58.0 el cual tenía de alto

247.0 302.0 483.0 57.0 sobre diez palmos y medio,

248.0 350.0 496.0 56.0 fuerza de cuarenta hombres

248.0 393.0 465.0 63.0 y muy fornido de cuerpo;

249.0 437.0 556.0 66.0 le entregó treinta mil hombres,

247.0 482.0 432.0 65.0 para que salga con ellos

248.0 532.0 500.0 54.0 a dar guerra a Carlo-Magno,

248.0 578.0 451.0 53.0 el cual salió al momento;

248.0 618.0 475.0 61.0 fué a la ciudad de Bagiére,

249.0 670.0 486.0 54.0 donde tiene su real puesto,

249.0 709.0 426.0 62.0 y le dijo a Carlo-Magno

251.0 754.0 501.0 57.0 si quiere hacer un concierto

249.0 798.0 488.0 61.0 de que se haga un combate

255.0 845.0 595.0 59.0 brazo a brazo y cuerpo a cuerpo.

253.0 890.0 466.0 60.0 Y Carlo-Magno que estaba

248.0 930.0 414.0 60.0 fiado en sus caballeros,

248.0 979.0 469.0 59.0 le envió a Oger de Danois,

249.0 1023.0 508.0 59.0 que era valiente en extremo;

249.0 1067.0 381.0 60.0 el gigante que le vió

248.0 1117.0 449.0 57.0 hacia ál se fué muy fiero,

249.0 1161.0 378.0 55.0 le cogió con traición

249.0 1205.0 455.0 55.0 y lo llevó a su real preso,

248.0 1249.0 435.0 58.0 lo encerró en una torre,

249.0 1290.0 443.0 63.0 y al campo volvió ligero.

251.0 1338.0 448.0 60.0 Viendo esto Carlo-Magno

248.0 1388.0 449.0 52.0 envió a Reinaldos presto,

249.0 1429.0 380.0 57.0 hizo lo mismo con él

247.0 1474.0 442.0 57.0 que con el otro primero;

247.0 1517.0 445.0 57.0 fué Contantino de Roma,

249.0 1566.0 442.0 55.0 y lo agarró con esfuerzo,

247.0 1606.0 373.0 61.0 lo llevó donde tenía

248.0 1653.0 426.0 51.0 a los otros compañeros;

248.0 1700.0 413.0 55.0 pesaroso Carlo-Magno,

248.0 1746.0 413.0 45.0 le envió dos caballeros

247.0 1783.0 464.0 58.0 por ver si con ellos puede

247.0 1830.0 455.0 59.0 lograr algo de su intento;

247.0 1878.0 400.0 57.0 el gigante que los vió,

245.0 1920.0 373.0 54.0 a ellos se fué ligero,

247.0 1964.0 424.0 57.0 y como que nada hacía,

247.0 2005.0 528.0 57.0 los asió a ambos a un tiempo,

247.0 2052.0 439.0 73.0 y atados por las espaldas

886.0 161.0 471.0 66.0 los llevó a la torre presto.

889.0 209.0 467.0 58.0 Viendo esto Carlo-Magno,

883.0 258.0 515.0 62.0 quedó admirado y suspenso,

886.0 302.0 395.0 60.0 y sabiéndolo Roldán,

885.0 349.0 458.0 58.0 muy irritado y soberbio,

885.0 392.0 480.0 64.0 fué a pedir a Carlo-Magno,

885.0 440.0 476.0 62.0 con grande valor resuelto,

886.0 482.0 413.0 59.0 le concediese licencia

886.0 530.0 380.0 60.0 para salir al empeño

886.0 576.0 427.0 58.0 con el gigante a batalla,

886.0 618.0 425.0 64.0 y se la concedió luego;

886.0 665.0 458.0 58.0 y armado de todas armas

885.0 713.0 426.0 54.0 en su caballo soberbio,

888.0 757.0 423.0 58.0 y con una gruesa lanza

888.0 799.0 397.0 55.0 salió al campo ligero;

885.0 845.0 501.0 58.0 fué donde estaba el gigante,

888.0 890.0 438.0 58.0 y así que le vió, risueño,

890.0 932.0 398.0 58.0 fué para él vigilante,

885.0 974.0 503.0 62.0 y Roldán con gran esfuerzo

886.0 1023.0 431.0 61.0 le dijo: «Toma tu lanza

888.0 1071.0 403.0 56.0 y ven a batalla luego.»

888.0 1126.0 438.0 46.0 Sin responderle palabra

888.0 1155.0 601.0 65.0 se fué a Roldán como un trueno,

889.0 1209.0 433.0 54.0 pero Rodán con la lanza

888.0 1251.0 508.0 57.0 le dió tan terrible encuentro

888.0 1294.0 362.0 53.0 que le desvió de sí;

889.0 1341.0 458.0 59.0 mas el gigante volviendo,

886.0 1388.0 408.0 51.0 arremetió con Roldán,

888.0 1426.0 458.0 63.0 cogiéndole por el cuerpo,

890.0 1476.0 350.0 55.0 y lo sacó de la silla,

888.0 1519.0 350.0 56.0 llevándoselo ligero

888.0 1563.0 481.0 62.0 para encerrarlo en la torre

888.0 1608.0 441.0 54.0 con los otros caballeros;

891.0 1654.0 422.0 57.0 viéndose Roldán llevar,

888.0 1699.0 419.0 54.0 estribó con el pie recio

886.0 1741.0 429.0 60.0 en las ancas del caballo,

889.0 1786.0 499.0 59.0 y asió con las manos diestro

889.0 1834.0 358.0 52.0 al gigante Ferraguz,

889.0 1876.0 483.0 55.0 y entrambos a dos cayeron

888.0 1919.0 434.0 57.0 en el suelo, y al instante

888.0 1964.0 447.0 52.0 en pie firme se pusieron;

889.0 2014.0 459.0 46.0 echan mano a las espadas,

888.0 2052.0 493.0 69.0 dándose golpes muy recios;
