1713 2286
156.0 107.0 466.0 66.0 diciendo : «Mira, africano,

158.0 158.0 473.0 60.0 no es de nobles caballeros

158.0 204.0 455.0 57.0 dar muerte a los caballos

161.0 247.0 526.0 64.0 estando en campaña puestos.

162.0 293.0 447.0 61.0 Le respondió arrogante:

165.0 336.0 479.0 57.0 «Yo de eso culpa no tengo,

163.0 383.0 430.0 65.0 pero yo te daré el mio,

163.0 426.0 497.0 68.0 aunque en verdad lo siento.

163.0 474.0 448.0 56.0 No quiero yo tu caballo,

165.0 519.0 436.0 61.0 sino que te apees luego,

167.0 563.0 451.0 61.0 y el que venza la batalla,

169.0 613.0 451.0 52.0 ese quedará por dueño.

167.0 654.0 431.0 59.0 Se desmontó Fierabrás

171.0 694.0 463.0 69.0 y ambos a dos en el suelo

169.0 745.0 428.0 58.0 arman tan cruel batalla

170.0 788.0 452.0 62.0 que parecía un incendio,

171.0 835.0 520.0 64.0 pues las chispas de las armas

172.0 880.0 416.0 63.0 querían llegar al cielo;

174.0 923.0 476.0 63.0 pero a los primeros lances

174.0 974.0 374.0 49.0 el valeroso Oliveros,

175.0 1013.0 469.0 57.0 va a tirarle un gran golpe

175.0 1059.0 462.0 57.0 a Fierabrás con esfuerzo;

181.0 1102.0 394.0 60.0 mas él así que lo vió,

177.0 1141.0 581.0 68.0 le huyó diestramente el cuerpo,

179.0 1191.0 403.0 62.0 y sin poder detenerse

179.0 1231.0 516.0 61.0 dió con la espada en el suelo

181.0 1278.0 417.0 66.0 y se le fué de la mano;

180.0 1329.0 435.0 56.0 así que le vió indefenso

182.0 1370.0 522.0 62.0 le dice el muy noble Conde:

191.0 1424.0 464.0 51.0 «Contém plate prisionero

184.0 1463.0 382.0 61.0 o te quitaré la vida.

188.0 1506.0 414.0 62.0 Y le respondió ligero:

188.0 1551.0 449.0 63.0 «Obra como tú quisieres,

185.0 1601.0 492.0 56.0 que si no me llevas muerto

186.0 1635.0 535.0 65.0 no es posible el entregarme.»

193.0 1685.0 507.0 65.0 Y alzando el brazo soberbio

189.0 1733.0 391.0 62.0 para ir a descargarle,

189.0 1774.0 542.0 64.0 cuando en este mismo tiempo,

189.0 1821.0 467.0 58.0 con un pedazo de escudo,

190.0 1864.0 522.0 67.0 que en la mano cogió presto,

191.0 1911.0 421.0 56.0 se lo tiró con tal fuerza

191.0 1957.0 425.0 62.0 e hizo el tiro tan cierto,

193.0 2001.0 423.0 67.0 que le quebró la visera,

325.0 2052.0 240.0 51.0 CARLOMAGNO.

739.0 39.0 109.0 66.0 — 9 —

803.0 125.0 443.0 36.0 y sobre el ojo izquierdo

799.0 147.0 417.0 58.0 le metió toda la punta,

803.0 186.0 446.0 65.0 y pegó un grito tan fiero

804.0 240.0 445.0 54.0 que el caballo se espantó

806.0 279.0 429.0 60.0 y a la parte de Oliveros

804.0 321.0 492.0 61.0 vino dando algunas vueltas,

808.0 370.0 423.0 63.0 y a él se arrojó ligero;

805.0 416.0 459.0 58.0 recobrado luego el moro,

805.0 458.0 525.0 62.0 se acercó el Conde diciendo :

812.0 504.0 443.0 64.0 «Turco, ya tengo espada,

809.0 552.0 459.0 56.0 ahora aquí nos veremos.»

808.0 593.0 486.0 62.0 Fierabrás le dice : «Amigo,

809.0 638.0 497.0 55.0 mucho en el alma lo siento,

814.0 684.0 458.0 60.0 ven y tomarás la tuya,

813.0 726.0 486.0 63.0 y dame la mía en premio.»

818.0 772.0 508.0 61.0 «Primero quiero templarla,

814.0 817.0 516.0 65.0 por ver si es fuerte el acero,

818.0 864.0 421.0 60.0 y si no es como la mía

815.0 908.0 496.0 61.0 luego después trocaremos.»

817.0 953.0 484.0 56.0 Se embisten el uno al otro,

817.0 999.0 484.0 62.0 pero a los lances primeros

819.0 1040.0 491.0 58.0 le dió a Fierabrás un golpe

819.0 1084.0 482.0 66.0 que le cortó todo el yelmo

819.0 1139.0 379.0 57.0 y parte de la cabeza,

822.0 1174.0 509.0 65.0 que andaba como sin tiento;

826.0 1224.0 420.0 52.0 le asestó otra estocada

823.0 1264.0 463.0 66.0 por el costado izquierdo,

824.0 1309.0 495.0 65.0 cayó el musulmán en tierra

824.0 1353.0 451.0 66.0 estas palabras diciendo :

828.0 1405.0 445.0 59.0 «¡Oh valeroso cristiano!,

826.0 1442.0 579.0 69.0 pues sin segundo es tu esfuerzo,

828.0 1497.0 433.0 60.0 no me acabes de matar,

828.0 1534.0 459.0 67.0 que desde ahora confieso

829.0 1579.0 526.0 65.0 que es tu Dios muy poderoso,

829.0 1629.0 382.0 61.0 infinito y verdadero;

832.0 1672.0 457.0 61.0 llévame presto, cristiano,

833.0 1717.0 515.0 66.0 donde están tus compañeros,

833.0 1761.0 458.0 62.0 y dame el santo bautismo

833.0 1805.0 454.0 65.0 que por instantes deseo.»

834.0 1854.0 392.0 53.0 Apenas aquesto oyó,

834.0 1894.0 441.0 65.0 a él se arrojó diciendo :

841.0 1940.0 450.0 60.0 «Levántate, noble amigo,

839.0 1992.0 450.0 69.0 que ahora curarte quiero

1248.0 2026.0 41.0 75.0 2
