1569 2392
664.0 205.0 144.0 58.0 — 11 —

106.0 263.0 504.0 62.0 bautizan a Fierabrás;

107.0 309.0 495.0 61.0 donde sus padrinos fueron

101.0 356.0 352.0 62.0 el valeroso Roldán

106.0 399.0 517.0 62.0 y el buen padre de Oliveros;

105.0 447.0 399.0 55.0 siguieron su curación,

105.0 494.0 433.0 60.0 y así que se vido bueno,

97.0 539.0 391.0 60.0 era azote de Turquía

98.0 583.0 416.0 62.0 y castigo de protervos;

737.0 275.0 612.0 70.0 porque en todas las batallas

737.0 322.0 424.0 63.0 llevaba por compañero

739.0 366.0 371.0 64.0 al caballero Roldán,

737.0 414.0 619.0 68.0 mostrando muy bien su esfuerzo,

731.0 459.0 473.0 64.0 Ahora en la tercera parte

737.0 504.0 443.0 60.0 se dirá lo que sufrieron

733.0 551.0 485.0 61.0 los cinco Pares de Francia

733.0 591.0 485.0 69.0 que quedaron prisioneros.

547.0 688.0 349.0 84.0 TERCERA PARTE

1208.0 794.0 128.0 49.0 La princesa Floripes presta su apoyo a los ilustres prisioneros.

163.0 813.0 1118.0 76.0 Embajadas por una y otra parte para el cange de los prisioneros.

131.0 898.0 517.0 65.0 Muy pronto los presentaron

91.0 947.0 396.0 53.0 a los cinco caballeros

90.0 986.0 399.0 63.0 delante del Almirante,

90.0 1037.0 452.0 58.0 que encolerizado y fiero,

87.0 1077.0 424.0 55.0 sabiendo de que su hijo

89.0 1121.0 438.0 65.0 era herido y prisionero,

86.0 1170.0 441.0 51.0 los encerró en una torre

86.0 1213.0 432.0 60.0 orilla del mar soberbio,

86.0 1259.0 440.0 57.0 y cada vez que crecía,

86.0 1306.0 448.0 56.0 hasta la mitad del cuerpo

85.0 1348.0 456.0 57.0 todos se cubrían de agua;

85.0 1392.0 502.0 63.0 y el buen conde de Oliveros,

83.0 1440.0 491.0 64.0 viéndose en tan gran fatiga,

82.0 1488.0 456.0 54.0 exclamaba lastimero :

86.0 1529.0 427.0 56.0 «¡Ah, desdichado de mí,

81.0 1574.0 481.0 60.0 que de ésta suerte me veo!;

81.0 1618.0 441.0 59.0 ¡hombre mal afortunado!

79.0 1662.0 439.0 54.0 Si permitiesen los cielos

81.0 1710.0 405.0 57.0 que yo saliera de aquí,

78.0 1754.0 449.0 62.0 desde luego les prometo,

78.0 1801.0 390.0 55.0 a los que niegan la fe

77.0 1847.0 465.0 57.0 castigarles con mi acero.»

81.0 1885.0 414.0 61.0 Y la hermosa Floripes,

75.0 1933.0 483.0 57.0 que todo lo estaba oyendo,

75.0 1980.0 355.0 54.0 movida de caridad,

75.0 2023.0 508.0 59.0 estaba hirviendo en su pecho

74.0 2066.0 495.0 61.0 de amor a Guy de Borgoña,

74.0 2114.0 499.0 58.0 desde que vió en los torneos

74.0 2158.0 443.0 65.0 aquel cuerpo tan bizarro,

723.0 951.0 569.0 69.0 que venció a muchos que había

727.0 1001.0 458.0 63.0 en la palestra, y con esto

719.0 1047.0 429.0 57.0 la Princesa se abrasaba

725.0 1087.0 495.0 65.0 en llamas del Dios flechero,

727.0 1138.0 490.0 51.0 y por ver si entre ellos iba,

729.0 1185.0 443.0 52.0 llamó luego al carcelero,

729.0 1225.0 441.0 58.0 y le dice : «Brutamonte,

722.0 1267.0 553.0 61.0 dime, ¿qué hombres son ésos?»

723.0 1311.0 440.0 57.0 El la responde: «Señora,

722.0 1363.0 397.0 53.0 esos cinco caballeros,

719.0 1405.0 477.0 60.0 son Pares de Carlo Magno,

722.0 1448.0 557.0 65.0 y grandes contrarios nuestros.»

719.0 1492.0 452.0 56.0 La Princesa le responde :

719.0 1538.0 489.0 57.0 «Yo pienso bajar a verlos.»

719.0 1584.0 492.0 54.0 «Por dos cosas no conviene

716.0 1626.0 541.0 67.0 que consigáis vuestro intento :

714.0 1671.0 474.0 63.0 porque es lugar hediondo,

718.0 1719.0 466.0 55.0 y abominable en extremo,

715.0 1763.0 504.0 53.0 y además que vuestro padre

715.0 1805.0 467.0 55.0 me los entregó, diciendo :

715.0 1851.0 392.0 58.0 «Bajo pena de la vida

712.0 1897.0 516.0 61.0 que nadie hablare con ellos»,

714.0 1945.0 351.0 58.0 y fiarse de mujeres

712.0 1988.0 470.0 58.0 suele traer malos riesgos.»

715.0 2031.0 457.0 59.0 «Quítate de mi presencia,

710.0 2075.0 505.0 64.0 que eres ignorante y necio :

715.0 2123.0 471.0 61.0 tú también irás conmigo,

718.0 2170.0 549.0 71.0 y escucharás lo que hablemos.»
