1711 2327
841.0 69.0 119.0 69.0 — 16 —

262.0 161.0 523.0 67.0 Floripes que está escuchando

262.0 204.0 411.0 70.0 de su querido los ecos,

263.0 253.0 440.0 63.0 pronta se bajó a la torre,

269.0 292.0 424.0 69.0 y dice : Conde Oliveros,

269.0 336.0 429.0 72.0 ya ha llegado la ocasión

269.0 368.0 616.0 85.0 de que mostréis vuestro esfuerzo

271.0 424.0 427.0 76.0 y me paguéis las finezas

272.0 466.0 493.0 78.0 que a vos y los compañeros

272.0 519.0 472.0 65.0 he hecho en aquesta torre;

272.0 563.0 467.0 70.0 que están siete caballeros,

274.0 606.0 499.0 71.0 entre ellos Guy de Borgoña,

276.0 655.0 468.0 68.0 dentro del palacio puestos

278.0 700.0 465.0 65.0 en presencia de mi padre,

279.0 745.0 462.0 61.0 que, encolerizado y ciego,

280.0 784.0 503.0 67.0 los ha sentenciado a muerte,

281.0 831.0 470.0 73.0 y también a vos con ellos;

284.0 877.0 392.0 73.0 yo pienso ir a palacio

285.0 923.0 415.0 67.0 a ver si puedo traerlos;

288.0 970.0 396.0 68.0 y si acaso no pudiese,

288.0 1009.0 502.0 75.0 lo que yo os suplico y ruego

290.0 1057.0 401.0 65.0 es que seáis diligentes

290.0 1101.0 417.0 68.0 en salir al desempeño.»

292.0 1146.0 425.0 69.0 Fué Floripes al instante

292.0 1185.0 489.0 76.0 con gran cuidado y anhelo,

294.0 1235.0 423.0 75.0 a su padre le gregunta :

301.0 1278.0 502.0 70.0 «¿Quién son esos caballeros?

301.0 1323.0 500.0 71.0 — Vasallos de Carlo-Magno,

298.0 1370.0 453.0 72.0 los que tengo gran deseo

300.0 1418.0 459.0 72.0 antes que concluya el día

302.0 1459.0 472.0 71.0 darles castigos muy fieros.

302.0 1509.0 404.0 68.0 Floripes dijo: «Señor,

303.0 1548.0 482.0 78.0 no conviene que tan presto

306.0 1600.0 352.0 66.0 ejecutéis el castigo,

306.0 1640.0 447.0 72.0 sin darle vado al tiempo;

307.0 1685.0 450.0 74.0 permitidme que los lleve

310.0 1733.0 440.0 63.0 adonde los otros tengo.»

311.0 1774.0 428.0 66.0 Le concedió la licencia,

314.0 1818.0 449.0 73.0 y Sortibrás a este tiempo

315.0 1870.0 400.0 61.0 le dice: «Noble señor,

316.0 1912.0 458.0 72.0 ¿no habéis leído ejemplos

316.0 1957.0 432.0 70.0 en las historias pasadas,

319.0 2006.0 450.0 68.0 y podéis saber por cierto

319.0 2047.0 432.0 79.0 que el fiarse de mujeres

907.0 157.0 509.0 43.0 suele traer grandes riesgos?»

910.0 177.0 393.0 63.0 Floripes muy enojada

907.0 217.0 481.0 73.0 entre sí exclamó diciendo :

914.0 272.0 366.0 62.0 «Villano, lo pagarás;

911.0 308.0 462.0 73.0 hoy por mi fe te prometo

910.0 350.0 528.0 76.0 que te has de acordar de mí»;

915.0 402.0 418.0 67.0 y llevándose los presos

916.0 451.0 426.0 64.0 donde los otros estaban

916.0 492.0 458.0 67.0 con grandísimo contento,

916.0 533.0 567.0 69.0 mandó al punto que se armasen

919.0 581.0 526.0 73.0 por si ocurriese algún riesgo;

922.0 634.0 389.0 60.0 se sentaron a la mesa

924.0 672.0 448.0 70.0 y todos juntos comieron,

923.0 722.0 418.0 65.0 poniendo por cabecera

924.0 767.0 367.0 59.0 al valeroso Oliveros

925.0 800.0 501.0 79.0 junto a la hermosa Floripes,

929.0 853.0 426.0 71.0 y luego al lado derecho

928.0 899.0 462.0 61.0 el noble Guy de Borgoña,

931.0 943.0 445.0 67.0 a quien le dijo Oliveros :

936.0 990.0 381.0 63.0 «Sabed, noble amigo,

933.0 1031.0 474.0 65.0 que a vos solo os debemos

933.0 1078.0 488.0 71.0 el que nos halléis con vida;

937.0 1120.0 466.0 71.0 y el veros libre del riesgo

938.0 1164.0 456.0 73.0 en que os habíais metido;

938.0 1213.0 418.0 68.0 daréis agradecimientos

938.0 1264.0 400.0 58.0 a la princesa Floripes,

940.0 1295.0 608.0 81.0 que es nuestro amparo y remedio;

942.0 1350.0 351.0 63.0 está tan apasionada

942.0 1392.0 445.0 64.0 de vos, señor, y con esto

945.0 1438.0 446.0 69.0 quiere volverse cristiana

946.0 1482.0 441.0 71.0 para que seáis su dueño;

955.0 1526.0 430.0 74.0 y yo la he dado palabra;

950.0 1566.0 504.0 74.0 con que es preciso hacerlo.»

950.0 1617.0 489.0 66.0 Guy de Borgoña responde,

951.0 1662.0 564.0 70.0 diciendo : «Si no es más de eso,

954.0 1707.0 432.0 65.0 desde el instante que vi

958.0 1751.0 450.0 67.0 la hermosura de su cielo,

958.0 1795.0 498.0 74.0 quedé rendido a sus plantas

962.0 1847.0 419.0 70.0 y el corazón tan sujeto,

962.0 1887.0 460.0 72.0 que mil vidas que tuviera

962.0 1931.0 448.0 67.0 todas las pusiera a riesgo

963.0 1980.0 444.0 69.0 por defender su persona

968.0 2023.0 432.0 76.0 y sacarla de este reino.»
