1687 2296
710.0 40.0 132.0 72.0 — 17 —

151.0 158.0 404.0 27.0 Floripes avergonzada,

151.0 174.0 454.0 59.0 sacó de su hermoso dedo

153.0 218.0 434.0 55.0 un anillo de esmeraldas

155.0 264.0 436.0 63.0 y se lo dió, así diciendo:

157.0 304.0 432.0 61.0 «Sea esta prenda testigo

155.0 359.0 452.0 55.0 ahora y en todo tiempo.»

151.0 403.0 480.0 58.0 Se dieron palabra y mano,

155.0 448.0 456.0 58.0 con todo formal empeño.

160.0 491.0 515.0 58.0 Llegó a este tiempo a palacio

794.0 482.0 508.0 69.0 y dió a su padre el pretexto,

157.0 535.0 365.0 58.0 un famoso caballero

160.0 584.0 415.0 57.0 sobrino del Almirante,

157.0 616.0 430.0 68.0 y preguntando por ellos,

155.0 667.0 373.0 61.0 su tío le respondió:

158.0 702.0 449.0 72.0 «Entre cadenas y hierros

157.0 755.0 469.0 69.0 los tiene mi hija Floripes;

157.0 799.0 482.0 63.0 si queréis hablar con ellos

157.0 851.0 444.0 55.0 bajaos presto a la torre»,

157.0 887.0 444.0 67.0 y lo ejecutó al momento;

157.0 935.0 419.0 59.0 halló la puerta cerrada,

160.0 978.0 511.0 66.0 y dió un empujón tan recio,

157.0 1019.0 436.0 71.0 que quebró la cerradura

158.0 1065.0 435.0 71.0 y el pestilló saltó Iuego;

156.0 1116.0 433.0 61.0 abrió la puerta y entró,

159.0 1158.0 457.0 62.0 y viendo a los caballeros

159.0 1204.0 509.0 56.0 que estaban todos armados,

158.0 1247.0 468.0 63.0 dice temblando de miedo:

164.0 1298.0 505.0 57.0 «No quisiera haber venido

158.0 1341.0 607.0 63.0 por no hallarme en tanto riesgo»;

160.0 1386.0 567.0 61.0 se levantó el duque Naimes,

159.0 1433.0 582.0 59.0 que es el más anciado de ellos;

162.0 1478.0 527.0 60.0 y él procuró retirarse,

159.0 1521.0 547.0 63.0 pero el Duque en este tiempo

160.0 1565.0 555.0 65.0 le pegó con gran valor

159.0 1612.0 565.0 56.0 un porrazo tan certero

159.0 1651.0 572.0 64.0 encima de la cabeza

159.0 1701.0 567.0 59.0 que le hizo saltar los sesos.

158.0 1750.0 569.0 58.0 Floripes cuando lo vido

159.0 1790.0 539.0 59.0 tuvo gran placer en ello,

153 1831 486 59 y le dice: «Señor Duque,

160.0 1882.0 516.0 56.0 no ha sido el golpe de viejo,

162.0 1924.0 499.0 60.0 sino de joven bizarro.»

163.0 1969.0 512.0 60.0 Y él la respondió risueño:

163.0 2016.0 495.0 68.0 «Pues otros veréis mayores

289.0 2067.0 239.0 65.0 CARLO MAGNO.

800.0 1339.0 492.0 59.0 Ricarte y Guy de Borgoña,

790.0 128.0 489.0 53.0 si Dios me da buen acierto.

796.0 170.0 431.0 63.0 Floripes dijo: «Señores,

792.0 216.0 462.0 61.0 os dejo por un momento,

792.0 256.0 552.0 63.0 que mi padre está aguardando,

792.0 306.0 548.0 63.0 pues me tengo por muy cierto

794.0 353.0 490.0 58.0 que no ha de comer sin mí;

796.0 401.0 469.0 65.0 dentro breve rato vuelvo.»

794.0 449.0 423.0 50.0 Fué Floripes al palacio,

796.0 531.0 458.0 64.0 que ella comer no quería,

796.0 580.0 513.0 57.0 que se hallaba mal dispuesto

794.0 621.0 473.0 56.0 su cuerpo, por la cuestión

796.0 667.0 433.0 52.0 de aquel falso caballero.

802.0 707.0 438.0 65.0 Preguntó por su sobrino

794.0 759.0 458.0 57.0 y le respondió, diciendo:

798.0 797.0 527.0 63.0 —Allá abajo quedó hablando

796.0 845.0 442.0 60.0 con los otros caballeros.

798.0 891.0 538.0 63.0 —Pues llega y dile que venga,

798.0 939.0 500.0 54.0 que se va pasando el tiempo.

796.0 977.0 427.0 63.0 Se despidió cuidadosa,

798.0 1025.0 458.0 57.0 fué y dijo a los caballeros

796.0 1077.0 414.0 48.0 si está todo prevenido

798.0 1115.0 490.0 61.0 o les falta algún pertrecho,

800.0 1159.0 456.0 65.0 porque es llegada la hora

798.0 1203.0 519.0 59.0 de que salgan de su encierro.

796.0 1249.0 444.0 61.0 Salieron Roldán delante

796.0 1295.0 398.0 65.0 y el valeroso Oliveros,

798.0 1385.0 461.0 53.0 seguían sus compañeros.

798.0 1431.0 442.0 57.0 Mató Roldán al Maestre,

800.0 1477.0 400.0 59.0 y el valeroso Oliveros

798.0 1521.0 498.0 53.0 dió la muerte al rey Coldé.

794.0 1563.0 569.0 65.0 Guy de Borgoña a este tiempo,

801.0 1611.0 487.0 58.0 subiendo a los corredores

807.0 1655.0 438.0 60.0 mató varios caballeros

801.0 1700.0 482.0 62.0 y los demás que allí había,

798.0 1747.0 490.0 57.0 todos se escapan huyendo.

798.0 1790.0 470.0 60.0 Sólo quedó el Almirante,

801.0 1838.0 573.0 56.0 que al oír tan grande estruendo,

802.0 1882.0 504.0 59.0 salió en busca de los suyos

801.0 1928.0 504.0 54.0 y en el campo se reunieron.

800.0 1970.0 582.0 60.0 Viendo el padre de Floripes

800.0 2016.0 490.0 61.0 tal desastre, exclama fiero:

1208.0 2068.0 27.0 48.0 3
