1660 2393
734.0 163.0 143.0 92.0 — 13 —

181.0 285.0 455.0 48.0 en pensar en su persona,

183.0 317.0 411.0 61.0 y si lograra mi intento

183.0 356.0 489.0 68.0 que quisiera ser mi esposo,

185.0 404.0 451.0 62.0 renunciara de mis reinos

187.0 450.0 433.0 64.0 y me volviera cristiana

187.0 490.0 493.0 66.0 por tener tan dulce dueño.»

187.0 534.0 431.0 68.0 Dijo Oliveros : «Señora,

187.0 582.0 353.0 68.0 ese noble caballero

187.0 632.0 477.0 51.0 se quedó con Carlo-Magno,

191.0 676.0 459.0 57.0 mas no os dé cuidado eso,

191.0 719.0 469.0 68.0 porque es muy amigo mío

195.0 765.0 455.0 66.0 y mi más cercano deudo,

195.0 811.0 475.0 64.0 y hará cuanto yo le mande

197.0 855.0 497.0 64.0 y cumpla a vuestros deseos.»

195.0 905.0 389.0 54.0 Floripes se despidió :

199.0 945.0 511.0 66.0 «Quedaos en paz, caballeros,

197.0 983.0 537.0 77.0 que antes que amanezca el dia

199.0 1032.0 483.0 72.0 os sacaré de este encierro.»

199.0 1084.0 477.0 56.0 Partióse luego a su cuarto,

199.0 1114.0 481.0 72.0 donde previno al momento

199.0 1172.0 433.0 54.0 a cinco damas hermosas

201.0 1214.0 467.0 62.0 que asistan los caballeros,

207.0 1254.0 433.0 70.0 y todas seis en cuadrilla

205.0 1298.0 469.0 73.0 hacia la mazmorra fueron;

207.0 1344.0 471.0 77.0 y una cuerda de diez varas

207.0 1399.0 465.0 60.0 se la echaron a Oliveros,

207.0 1439.0 471.0 70.0 y entre las seis lo sacaron;

209.0 1485.0 467.0 60.0 luego con grande esfuerzo

209.0 1533.0 459.0 56.0 él sacó a los otros cuatro,

209.0 1573.0 457.0 76.0 y así que fuera se vieron,

209.0 1623.0 359.0 64.0 a cada uno les puso

211.0 1663.0 433.0 63.0 un vestido de turquesto;

211.0 1714.0 389.0 56.0 los llevó para su sala,

215.0 1750.0 447.0 74.0 y dijo al conde Oliveros :

215.0 1790.0 507.0 78.0 «Muy bien os cae el vestido,»

217.0 1844.0 467.0 72.0 y la respondió muy serio :

219.0 1876.0 499.0 76.0 «El hábito no hace al monje,

217.0 1930.0 485.0 68.0 lo mejor fuera y más cierto

215.0 1972.0 449.0 81.0 el hallarme bien armado,

217.0 2028.0 451.0 67.0 para poder defendernos.»

219.0 2073.0 403.0 66.0 Cenaron con apetito,

221.0 2115.0 473.0 70.0 y la Princesa a este tiempo

221.0 2161.0 453.0 70.0 sacó un cofrecillo de oro,

824.0 265.0 434.0 52.0 y dió a gustar a Oliveros

822.0 299.0 367.0 61.0 un cordial tan suave

820.0 323.0 500.0 79.0 el cual que envió al desierto

820.0 380.0 434.0 72.0 Dios al pueblo de Israel,

820.0 422.0 496.0 72.0 y al instante se halló bueno;

824.0 470.0 442.0 66.0 dando mil gracias a Dios

824.0 512.0 438.0 66.0 quedaron los caballeros,

828.0 566.0 450.0 62.0 y así que amaneció el día

828.0 612.0 460.0 66.0 fué la Princesa a Oliveros

828.0 654.0 375.0 69.0 diciéndole, que tenía

828.0 693.0 440.0 76.0 en otro salón de adentro

829.0 733.0 489.0 78.0 grande porción de vestidos,

829.0 785.0 423.0 64.0 cotas y mallas de acero,

829.0 837.0 441.0 70.0 y muy cortantes espadas

831.0 885.0 445.0 64.0 para armarles caballeros,

833.0 919.0 431.0 78.0 y cada cual en su cuarto

831.0 973.0 507.0 59.0 que se ponga los pertrechos.

833.0 1017.0 435.0 61.0 Dejemos aquí a Floripes

835.0 1066.0 435.0 66.0 con los cinco caballeros,

837.0 1102.0 394.0 72.0 y vamos al Almirante,

837.0 1152.0 481.0 68.0 que hizo venir al momento

837.0 1196.0 469.0 62.0 diez reyes, sus tributarios,

839.0 1242.0 461.0 68.0 para que lleven un pliego

841.0 1280.0 477.0 70.0 donde estaba Carlo-Magno,

841.0 1336.0 429.0 61.0 pidiéndole con imperio

843.0 1369.0 427.0 66.0 que le diese a Fierabrás

843.0 1421.0 435.0 72.0 por sus cinco caballeros,

849.0 1467.0 401.0 62.0 y que si no se lo envía

845.0 1507.0 431.0 68.0 les dará la muerte fiero.

849.0 1557.0 477.0 62.0 A este tiempo Carlo Magno

847.0 1599.0 423.0 60.0 también tenía dispuesto

849.0 1647.0 413.0 60.0 que saliese don Roldán,

849.0 1693.0 469.0 65.0 con otros seis compañeros

849.0 1726.0 396.0 68.0 a llevarle la embajada

849.0 1780.0 405.0 66.0 al Almirante, diciendo

851.0 1820.0 386.0 70.0 que si no se le rendía

855.0 1868.0 370.0 70.0 y daba los caballeros

855.0 1912.0 455.0 70.0 que tenía allá en la torre,

857.0 1952.0 409.0 74.0 que le hacía juramento

857.0 2004.0 376.0 61.0 de quitarle la corona

861.0 2051.0 409.0 64.0 y destruirle sus reinos.

859.0 2095.0 459.0 58.0 Salen de una parte y otra

861.0 2131.0 469.0 94.0 las embajadas a un tiempo
