1677 2272
786.0 68.0 94.0 53.0 — 23 —

189.0 151.0 472.0 35.0 tomó la espada y la lanza,

190.0 175.0 450.0 57.0 salió a la palestra luego.

189.0 215.0 540.0 59.0 Se embistieron los dos Martes

187.0 263.0 489.0 60.0 con tanto valor y esfuerzo,

190.0 309.0 447.0 58.0 que cada uno pretendía

190.0 354.0 502.0 57.0 llevar el lauro por premio;

193.0 399.0 464.0 59.0 pero viendo Carlo-Magno

187.0 441.0 472.0 56.0 que no hería al caballero,

193.0 488.0 526.0 56.0 como era diestro en la lucha,

193.0 532.0 458.0 59.0 soltó la lanza en el suelo,

191.0 579.0 543.0 57.0 se cubrió bien con su escudo,

196.0 624.0 426.0 53.0 y a él se arrojó ligero;

196.0 670.0 421.0 58.0 le cogió por la cintura

194.0 714.0 448.0 61.0 y dió con él en el suelo,

199.0 761.0 402.0 49.0 cortándole la cabeza;

193.0 802.0 454.0 52.0 ambas tropas acudieron;

193.0 849.0 469.0 56.0 se armó tan cruel batalla,

191.0 889.0 521.0 65.0 que dentro de breve tiempo

196.0 941.0 488.0 53.0 dieron muerte a Sortibrán

196.0 984.0 541.0 54.0 y al rey Tempestre el tercero.

195.0 1029.0 452.0 53.0 De coraje el Almirante

196.0 1072.0 538.0 57.0 viendo sus magnates muertos,

196.0 1120.0 522.0 60.0 se entró por medio de todos

196.0 1167.0 497.0 59.0 sin reparar en los riesgos;

196.0 1210.0 432.0 59.0 acuchilló mucha gente,

196.0 1253.0 449.0 57.0 mató muchos caballeros,

198.0 1300.0 511.0 60.0 y el buen padre don Roldán

196.0 1348.0 455.0 54.0 quiso salir al encuentro,

198.0 1397.0 457.0 54.0 pero fué su mala suerte,

198.0 1437.0 520.0 56.0 porque a los lances primeros

196.0 1478.0 503.0 59.0 se le ha quebrado la espada

199.0 1528.0 476.0 52.0 por cerca de los brazuelos,

198.0 1566.0 468.0 68.0 y así que vió el Almirante

199.0 1616.0 407.0 55.0 que lo tenía indefenso

198.0 1661.0 458.0 56.0 lo atravesó en su caballo,

199.0 1706.0 457.0 57.0 y quiso escapar huyendo.

199.0 1750.0 432.0 58.0 Fierabrás cuando lo vió

198.0 1796.0 371.0 49.0 salió para detenerlo,

199.0 1842.0 371.0 55.0 y se le puso delante

199.0 1881.0 423.0 61.0 quitándole el caballero;

198.0 1934.0 370.0 50.0 su padre le conoció,

199.0 1974.0 429.0 56.0 estas palabras diciendo:

205.0 2019.0 397.0 56.0 «Sois acaso Fierabrás

835.0 161.0 459.0 16.0 en los valerosos hechos?»

832.0 171.0 493.0 63.0 Dijo que sí, y muy humilde,

833.0 223.0 442.0 55.0 empezó a rogarle tierno

834.0 263.0 445.0 57.0 que se volviese cristiano

833.0 312.0 491.0 51.0 y creyese en Dios inmenso.

834.0 353.0 407.0 58.0 El padre le respondió

835.0 393.0 440.0 63.0 lleno de rabia y veneno:

835.0 443.0 513.0 58.0 «¡Oh, nunca hubieras nacido,

832.0 499.0 481.0 46.0 para no darme tormentos!

837.0 532.0 436.0 64.0 Tú vives muy engañado,

832.0 579.0 538.0 60.0 y en ti gran venganza espero.»

833.0 631.0 410.0 50.0 Le rodeó las espaldas,

832.0 667.0 468.0 61.0 y Fierabrás a este tiempo,

833.0 714.0 479.0 58.0 por no reñir con su padre,

834.0 761.0 454.0 54.0 se tiró a otros caballeros.

835.0 807.0 489.0 53.0 Los que estaban en la torre

831.0 844.0 434.0 62.0 en este tiempo salieron,

835.0 889.0 351.0 69.0 acuden a la batalla,

837.0 941.0 439.0 58.0 y los pillaron en medio;

834.0 988.0 457.0 55.0 en fin, ganaron el campo,

839.0 1032.0 485.0 54.0 y al Almirante prendieron,

835.0 1074.0 478.0 59.0 llevándolo a Carlo-Magno,

837.0 1119.0 516.0 54.0 mandando luego al momento

835.0 1165.0 455.0 58.0 lo encierren en una sala

837.0 1210.0 439.0 56.0 con otros seis caballeros

838.0 1258.0 457.0 55.0 que cuiden de su persona

838.0 1300.0 477.0 54.0 y le den buen tratamiento.

841.0 1346.0 444.0 57.0 Vino a la noche Floripes

837.0 1390.0 521.0 61.0 con Fierabrás, y muy tiernos

838.0 1436.0 445.0 53.0 y humildes le suplicaban

837.0 1484.0 487.0 57.0 que creyese en Dios eterno,

839.0 1526.0 459.0 56.0 y el fementino Almirante,

838.0 1566.0 476.0 59.0 fingiendo arrepentimiento,

839.0 1619.0 442.0 53.0 dijo quería ser cristiano,

841.0 1661.0 487.0 61.0 y quedaron muy contentos;

839.0 1707.0 380.0 55.0 a otro día de mañana

841.0 1753.0 419.0 55.0 tranquilos y satisfechos,

838.0 1797.0 407.0 54.0 a la Iglesia lo llevaron

839.0 1844.0 442.0 51.0 entre muchos caballeros.

841.0 1885.0 440.0 53.0 Vino el señor Arzobispo,

839.0 1936.0 451.0 55.0 dándole buenos consejos,

838.0 1976.0 499.0 59.0 pero en lugar de escucharlo

841.0 2023.0 459.0 65.0 levantó el brazo soberbio,
