1711 2406
855.0 66.0 111.0 70.0 — 24 —

266.0 156.0 464.0 42.0 se abalanzó al Arzobispo,

268.0 188.0 492.0 60.0 llenándole de improperios;

266.0 234.0 458.0 60.0 Fierabrás dijo a su padre

268.0 280.0 456.0 54.0 con muy doloridos ecos :

270.0 320.0 456.0 58.0 «Dulce padre de mi vida,

268.0 364.0 422.0 67.0 deja esos ídolos fieros,

268.0 413.0 450.0 56.0 recibe el santo Bautismo

272.0 451.0 512.0 68.0 y tendrás parte en el Cielo.»

275.0 502.0 456.0 63.0 Respondió muy enojado:

275.0 546.0 527.0 62.0 «En balde es cansarte, necio,

274.0 598.0 451.0 55.0 que mejor quiero morir

274.0 637.0 597.0 62.0 que no olvidar los preceptos

280.0 683.0 426.0 61.0 de mi profeta Mahoma,

275.0 728.0 555.0 55.0 que son muy santos y buenos.»

276.0 772.0 479.0 60.0 Pero viendo Carlo-Magno

276.0 824.0 515.0 56.0 que se hallaba tan protervo,

278.0 863.0 513.0 59.0 mandó luego a los soldados

283.0 908.0 558.0 62.0 que al campo lo saquen, fieros,

286.0 951.0 459.0 64.0 y allí le diesen la muerte,

279.0 997.0 509.0 64.0 pues no tiene otro remedio.

280.0 1042.0 500.0 62.0 En fin, murió el Almirante,

286.0 1094.0 401.0 56.0 y publican en el reino

280.0 1130.0 541.0 62.0 que el que quiera convertirse

280.0 1178.0 363.0 58.0 acudiese sin recelo.

283.0 1221.0 525.0 62.0 Más de doscientas mil almas

286.0 1268.0 483.0 59.0 a nuestra ley se volvieron.

283.0 1319.0 412.0 52.0 Bautizaron a Floripes,

282.0 1358.0 501.0 62.0 uniéndose en lazo estrecho

283.0 1402.0 522.0 62.0 con su fiel Guy de Borgoña,

1388.0 156.0 110.0 34.0 dando mil gracias al Cielo.

907.0 183.0 450.0 56.0 Allí estuvo Carlo-Magno

908.0 225.0 424.0 63.0 ocupado con gran celo

906.0 268.0 484.0 67.0 en cuidar de sus vasallos;

910.0 316.0 475.0 64.0 hizo dos partes del reino:

910.0 363.0 422.0 64.0 una le dió a Fierabrás

908.0 405.0 498.0 68.0 para que quede por dueño,

910.0 455.0 477.0 56.0 la otra a Guy de Borgoña,

906.0 497.0 512.0 63.0 y quedaron muy contentos.

912.0 541.0 478.0 64.0 Se despidió Carlo-Magno;

916.0 587.0 536.0 64.0 pero aquí atienda el discreto,

910.0 639.0 470.0 60.0 que no puedo yo explicar

909.0 679.0 421.0 60.0 el dolor y sentimiento

911.0 723.0 419.0 62.0 que recibió Flerabrás

914.0 769.0 432.0 61.0 al dejar su compañero,

914.0 814.0 457.0 62.0 que era el noble Roldán,

915.0 856.0 456.0 64.0 siendo dos almas y un cuerpo,

914.0 907.0 501.0 59.0 y también Guy de Borgoña

906.0 949.0 465.0 62.0 de su pariente Oliveros;

912.0 991.0 522.0 59.0 con que tiernos se despiden,

915.0 1038.0 467.0 63.0 y para Francia se fueron.

912.0 1090.0 449.0 56.0 Dejemos a Carlo-Magno

916.0 1126.0 453.0 67.0 sosegado ya en su reino,

915.0 1173.0 476.0 66.0 después de tantas fatigas,

917.0 1220.0 451.0 63.0 y en otra parte prometo

917.0 1267.0 405.0 56.0 referir a mis oyentes

939.0 1308.0 419.0 58.0 los soberanos misterios

928.0 1352.0 407.0 60.0 que le reveló Santiago

912.0 1398.0 479.0 62.0 por disposición del Cielo.

744.0 1489.0 342.0 61.0 SÉPTIMA PARTE

1356.0 1565.0 154.0 53.0 Aparición del apóstol Santiago. — Conquista de Galicia.

362.0 1599.0 1100.0 55.0 Combate de Roldán con Ferraguz.— Hallazgo del cuerpo de Santiago.

324.0 1676.0 467.0 60.0 Ya dije que Carlo-Magno

292.0 1720.0 494.0 56.0 con sus valientes guerreros

291.0 1764.0 489.0 61.0 se marcharon para Francia

292.0 1809.0 425.0 66.0 satisfechos y contentos,

287.0 1859.0 499.0 61.0 porque habían conquistado

287.0 1899.0 488.0 60.0 de Aguas-Muertas el reino;

292.0 1944.0 485.0 63.0 pero estando en su palacio

294.0 1990.0 442.0 60.0 una noche miró al cielo,

288.0 2033.0 530.0 84.0 y vió un concierto armonioso

928.0 1716.0 473.0 57.0 de estrellas y de luceros

923.0 1894.0 464.0 65.0 que cruzaban desde Italia

1375.0 1682.0 143.0 36.0 la Gascuña y otros reinos

920.0 1950.0 3.0 45.0 de Aragón y Cataluña,

942.0 1984.0 387.0 63.0 y que iban prosiguiendo

925.0 2030.0 397.0 68.0 hasta el reino de Galicia;

939.0 1757.0 459.0 58.0 novedad causó en su pecho

937.0 1801.0 401.0 64.0 y se puso en oración,

934.0 1845.0 453.0 66.0 alzó los ojos al Cielo
