1659 2393
844 202 125 71 — 12 —

270 301 451 49 Al fin cedió, y a la noche,

270 337 424 52 amparados del silencio,

270 377 441 57 fué la Princesa a la torre

268 432 433 51 seguida de su escudero,

271 473 455 58 y entre el vestido llevaba

272 517 462 55 oculto un palo bien recio;

271 558 411 62 llegó al sitio señalado,

275 604 499 62 y al tiempo que el carcelero

272 650 475 59 fué abrir la primer puerta,

271 695 472 61 le pegó un golpe tan recio

272 744 429 56 con el palo que llevaba,

274 785 533 61 que a sus pies le dejó muerto;

275 830 440 58 se apoderó de las llaves,

275 872 495 62 y luego la trampa abriendo

275 919 520 60 entró do están los cristianos;

274 965 465 60 gozosos cuando la vieron,

274 1011 424 52 dijo Oliveros : «Señora,

276 1055 471 60 qué grande dicha tenemos

275 1100 442 52 los pobres encarcelados;

275 1143 474 60 pues nos sirve de consuelo

275 1189 390 59 tu inesperada visita.»

278 1232 460 52 Ella respondió, diciendo :

280 1277 466 60 «¿Quién sabe si mi venida

278 1321 452 57 es para daros tormento?»

276 1369 438 53 Dijo Oliveros:«Señora,

276 1415 418 60 en tan generoso pecho

276 1457 438 58 no puede caber maldad,

276 1504 470 59 sino buenos sentimientos;

278 1548 404 55 bendito el que te crió,

278 1596 447 57 tan bellísimo portento.

286 1639 381 57 Si mereciera, señora,

278 1679 480 66 el poder lograr mi intento,

280 1730 457 56 que te volvieras cristiana,

279 1773 436 58 yo te llevara a mi reino,

282 1818 421 57 recibieras el Bautismo,

282 1866 482 60 que es una joya sin precio,

282 1911 510 55 y estuvieras con tu hermano

282 1956 497 55 con gran placer y contento;

282 1998 372 61 y si lograra la dicha

284 2043 504 62 yo y mis cuatro compañeros

283 2084 481 63 de hallarnos bien armados

284 2135 438 59 y con buenos alimentos,

283 2177 460 63 los cinco somos bastantes

911 301 436 39 para conquistar tu reino,

913 327 441 61 y desterrar de esa tierra

912 370 452 58 el culto falso y protervo.»

915 410 532 67 «¿Quien eres tú, que así hablas,

912 466 426 48 determinado y resuelto

912 506 475 55 metido entre las prisiones,

912 551 496 61 que amenazas a los sueltos?»

913 592 493 64 Respondió Oger de Danois:

917 643 455 58 «Señora, es tanto el deseo

919 683 403 62 y voluntad de serviros

913 728 471 61 de mi amigo, que entiendo

913 776 467 64 que la muy grande pasión

915 820 511 65 le hace hablar sin concierto.

915 864 481 63 Dijo Floripes : «Bien sabes

913 913 450 61 defender tu compañero.»

915 954 549 57 Les preguntó por sus nombres.

919 1003 496 59 — Yo soy el conde Oliveros,

916 1048 401 58 hijo del duque Reiner

917 1091 499 62 y humilde servidor vuestro.

921 1135 596 66 — ¿Cómo venciste a mi hermano

916 1180 483 63 siendo tan buen caballero?

920 1228 488 57 — Con la ayuda de mi Dios,

919 1272 422 65 y la Reina de los cielos,

921 1321 434 56 y esa es la causa, señora,

920 1365 421 52 de hallarme prisionero,

921 1403 447 66 y lo tengo a grande dicha

920 1454 433 56 por haber visto tu cielo.

921 1500 336 59 Floripes se sonrió,

924 1544 410 60 y les dice : «Caballeros,

923 1587 493 58 me habéis de dar la palabra

923 1635 391 54 bajo fe de juramento,

923 1679 508 61 de ampararme y defenderme

924 1732 475 52 y de guardarme el secreto;

923 1769 431 61 sobre lo que soy venida

923 1813 460 60 es por ver si un caballero

923 1859 500 62 que llaman Guy de Borgoña

924 1905 494 58 está en tu acompañamiento,

924 1948 492 63 que habrá tres años cabales

924 1995 478 56 que lo vide en los torneos,

927 2036 501 59 y en las justas con mi primo

925 2085 422 50 hacer valerosos hechos,

927 2129 427 59 y desde entonces quedé

924 2181 462 67 que no duermo ni sosiego
