1683 2309
815.0 82.0 82.0 60.0 — 8 —

220.0 170.0 442.0 44.0 al instante se halló sano;

223.0 207.0 430.0 57.0 y esto que vió Oliveros,

224.0 248.0 384.0 61.0 a la purísima Virgen

222.0 292.0 440.0 54.0 esta súplica la ha hecho:

225.0 338.0 442.0 54.0 «Sacra celestial Princesa,

220.0 384.0 435.0 55.0 María, Madre del Verbo,

220.0 428.0 461.0 56.0 a vuestras divinas plantas

222.0 473.0 450.0 59.0 hoy humildemente llego,

220.0 518.0 430.0 57.0 pidiéndote, Madre mía,

220.0 564.0 473.0 58.0 me des luz, favor y acierto

220.0 606.0 419.0 61.0 para poder convertir

220.0 652.0 423.0 54.0 a este turco soberbio.»

220.0 697.0 477.0 52.0 Fierabrás le dice: «Amigo,

856.0 740.0 418.0 64.0 y rebatiendo la espada

222.0 741.0 607.0 63.0 ¿qué oración es la que has hecho?,

220.0 790.0 457.0 60.0 ¿con ella te has de sanar?;

222.0 836.0 483.0 64.0 hoy por merced te ofrezco,

220.0 881.0 462.0 54.0 que vengas a mis barriles,

220.0 927.0 478.0 51.0 tomarás un sorbo de ellos,

222.0 965.0 469.0 62.0 y al instante estarás sano.»

223.0 1009.0 448.0 62.0 Y le respondió, diciendo:

223.0 1060.0 452.0 54.0 «No quiero yo nada tuyo,

219.0 1104.0 426.0 55.0 si no lo gano primero.»

222.0 1146.0 398.0 58.0 Volvieron a la batalla

220.0 1191.0 425.0 53.0 como dos leones fieros;

219.0 1235.0 442.0 60.0 pero Guarín, su criado,

220.0 1280.0 468.0 57.0 que todo lo estaba viendo,

219.0 1325.0 463.0 60.0 fué a decir a Carlo- Magno

219.0 1368.0 492.0 55.0 ruegue a Dios por Oliveros,

220.0 1416.0 487.0 57.0 que está en grande peligro.

219.0 1461.0 431.0 57.0 El Emperador con celo,

218.0 1504.0 391.0 52.0 ante un divino Señor

225.0 1547.0 441.0 60.0 dijo de rodillas puesto:

223.0 1594.0 439.0 60.0 «Dulce Jesús de mi vida,

219.0 1638.0 388.0 57.0 amantísimo Cordero,

219.0 1686.0 388.0 57.0 consuelo del afligido,

219.0 1727.0 449.0 61.0 mirad por mi caballero.»

223.0 1774.0 477.0 60.0 Y estando en esta plegaria,

220.0 1822.0 461.0 57.0 oyó que una voz del cielo

222.0 1863.0 423.0 58.0 le decía: «Carlo Magno,

218.0 1911.0 472.0 59.0 no tengas temor ni miedo;

220.0 1957.0 495.0 60.0 porque, aunque sea costoso,

222.0 2002.0 466.0 59.0 será tuyo el vencimiento.»

224.0 2043.0 457.0 76.0 Volvamos ahora al campo

861.0 182.0 472.0 27.0 donde están los caballeros

862.0 202.0 466.0 51.0 con las armas destrozadas,

861.0 246.0 445.0 59.0 desbaratados los yelmos,

861.0 297.0 448.0 48.0 las viseras quebrantadas,

862.0 336.0 444.0 60.0 los escudos por el suelo;

860.0 383.0 422.0 54.0 pero en tal disposición

860.0 427.0 392.0 51.0 el esforzado Oliveros

858.0 465.0 500.0 62.0 le dió a Fierabrás un golpe

858.0 516.0 489.0 56.0 sobre el costado izquierdo,

860.0 563.0 469.0 54.0 que parte de la armadura

858.0 611.0 403.0 50.0 la hizo venir al suelo;

861.0 647.0 508.0 62.0 y desde el hombro a la ijada

858.0 695.0 437.0 57.0 todo quedó descubierto;

860.0 790.0 385.0 51.0 cortó la cadena luego

858.0 831.0 460.0 54.0 que colgaban los barriles,

860.0 877.0 469.0 54.0 y ambos vinieron al suelo;

852.0 922.0 481.0 59.0 pero al golpe que pegaron

858.0 973.0 510.0 46.0 se desvió el caballo huyendo

860.0 1014.0 517.0 55.0 por el campo, sin que pueda

857.0 1054.0 461.0 56.0 el musulmán contenerlo.

858.0 1103.0 400.0 54.0 Oliveros que esto vió,

860.0 1148.0 427.0 57.0 recogió pronto y ligero

863.0 1189.0 492.0 56.0 entrambos a dos barriles,

858.0 1234.0 510.0 59.0 y tomando un sorbo de ellos

860.0 1278.0 478.0 58.0 se halló sano de sus llagas,

858.0 1323.0 501.0 57.0 y con gran valor y esfuerzo;

858.0 1376.0 344.0 46.0 en el caudaloso río

858.0 1411.0 428.0 59.0 que estaba junto a ellos,

858.0 1462.0 437.0 51.0 fué y arrojó los barriles

861.0 1499.0 492.0 59.0 y en el fondo se hundieron.

858.0 1545.0 438.0 57.0 Fierabrás cuando lo vió,

858.0 1593.0 439.0 57.0 lleno de rabia y veneno,

860.0 1634.0 485.0 63.0 le dice: «Muy noble Conde,

858.0 1680.0 574.0 58.0 mala acción es la que has hecho,

857.0 1724.0 601.0 60.0 que presto te han de hacer falta»;

860.0 1768.0 493.0 62.0 y alzando el brazo soberbio

860.0 1820.0 383.0 55.0 para ir a descargarle,

857.0 1861.0 498.0 58.0 le hurtó vigilante el cuerpo,

857.0 1904.0 465.0 58.0 dió en el arzón de la silla,

858.0 1953.0 446.0 55.0 y rebatiendo al pescuezo

858.0 1994.0 470.0 58.0 del caballo, le dió muerte;

858.0 2037.0 531.0 66.0 con que quedó a pie Oliveros,
