<?xml version="1.0" encoding="UTF-8"?>
<alto xmlns:xsi="http://www.w3.org/2001/XMLSchema-instance"
      xmlns="http://www.loc.gov/standards/alto/ns-v4#"
      xsi:schemaLocation="http://www.loc.gov/standards/alto/ns-v4# http://www.loc.gov/standards/alto/v4/alto-4-2.xsd">
  <Description>
    <MeasurementUnit>pixel</MeasurementUnit>
    <sourceImageInformation>
      <fileName>Varios_427_4.jpg</fileName>
      
    </sourceImageInformation>
  </Description>
  
  <Tags>
    <OtherTag ID="BT1233" LABEL="CustomZone:impresorNum" DESCRIPTION="block type CustomZone:impresorNum"/><OtherTag ID="BT1234" LABEL="CustomZone:numero_pliego" DESCRIPTION="block type CustomZone:numero_pliego"/><OtherTag ID="BT1235" LABEL="CustomZone:title" DESCRIPTION="block type CustomZone:title"/><OtherTag ID="BT1236" LABEL="GraphicZone:illustration" DESCRIPTION="block type GraphicZone:illustration"/><OtherTag ID="BT1237" LABEL="GraphicZone:ornamentation" DESCRIPTION="block type GraphicZone:ornamentation"/><OtherTag ID="BT1238" LABEL="MainZone" DESCRIPTION="block type MainZone"/><OtherTag ID="BT1239" LABEL="MainZone:columns" DESCRIPTION="block type MainZone:columns"/><OtherTag ID="BT1240" LABEL="MarginTextZone:colophon" DESCRIPTION="block type MarginTextZone:colophon"/><OtherTag ID="BT1241" LABEL="MarginTextZone:note" DESCRIPTION="block type MarginTextZone:note"/><OtherTag ID="BT1242" LABEL="MusicZone" DESCRIPTION="block type MusicZone"/><OtherTag ID="BT1243" LABEL="NumberingZone:page" DESCRIPTION="block type NumberingZone:page"/><OtherTag ID="BT1244" LABEL="QuireMarksZone:catchwords" DESCRIPTION="block type QuireMarksZone:catchwords"/><OtherTag ID="BT1245" LABEL="QuireMarksZone:signature" DESCRIPTION="block type QuireMarksZone:signature"/><OtherTag ID="BT1246" LABEL="RunningTitleZone" DESCRIPTION="block type RunningTitleZone"/>
    <OtherTag ID="LT463" LABEL="CustomLine:propriedad" DESCRIPTION="line type CustomLine:propriedad"/><OtherTag ID="LT464" LABEL="CustomLine:trailer" DESCRIPTION="line type CustomLine:trailer"/><OtherTag ID="LT465" LABEL="DefaultLine" DESCRIPTION="line type DefaultLine"/><OtherTag ID="LT466" LABEL="HeadingLine" DESCRIPTION="line type HeadingLine"/>
  </Tags>
  
  <Layout>
    <Page WIDTH="1688"
          HEIGHT="2276"
          PHYSICAL_IMG_NR="171"
          ID="eSc_dummypage_">
      <PrintSpace HPOS="0"
                  VPOS="0"
                  WIDTH="1688"
                  HEIGHT="2276">
        
        <TextBlock HPOS="809.0"
                   VPOS="9.0"
                   WIDTH="190.0"
                   HEIGHT="97.0"
                   ID="block_2"
                   TAGREFS="BT1243">
          <Shape><Polygon POINTS="999 9 999 106 809 106 809 9"/></Shape>
          
          
          <TextLine ID="line_72"
                    TAGREFS="LT465"
                    BASELINE="841 74 965 77" 
                    HPOS="837.0"
                    VPOS="41.0"
                    WIDTH="127.0"
                    HEIGHT="63.0">
            <Shape><Polygon POINTS="839 73 837 91 863 104 865 104 867 104 962 89 964 75 962 45 839 41 839 73"/></Shape>
	    <String CONTENT="— 4 —"
                    HPOS="837.0"
                    VPOS="41.0"
                    WIDTH="127.0"
                    HEIGHT="63.0"></String>
          </TextLine>

          
        </TextBlock>
        
        <TextBlock HPOS="237.0"
                   VPOS="105.0"
                   WIDTH="676.0"
                   HEIGHT="1970.0"
                   ID="block_0"
                   TAGREFS="BT1239">
          <Shape><Polygon POINTS="867 115 903 1135 913 2072 237 2075 237 105"/></Shape>
          
          
          <TextLine ID="line_34"
                    TAGREFS="LT465"
                    BASELINE="283 141 722 144" 
                    HPOS="282.0"
                    VPOS="106.0"
                    WIDTH="440.0"
                    HEIGHT="52.0">
            <Shape><Polygon POINTS="283 141 282 158 721 156 722 144 722 117 665 107 664 107 663 107 639 116 609 107 608 107 607 107 606 107 604 107 593 116 575 107 574 107 535 107 533 107 532 107 504 116 503 116 501 116 473 106 471 106 470 106 469 106 441 115 411 106 409 106 408 106 407 106 375 115 374 115 372 115 307 106 306 106 304 106 283 113 283 141"/></Shape>
	    <String CONTENT="llamados los doce Pares,"
                    HPOS="282.0"
                    VPOS="106.0"
                    WIDTH="440.0"
                    HEIGHT="52.0"></String>
          </TextLine>

          
          
          <TextLine ID="line_35"
                    TAGREFS="LT465"
                    BASELINE="284 187 773 185" 
                    HPOS="283.0"
                    VPOS="152.0"
                    WIDTH="490.0"
                    HEIGHT="54.0">
            <Shape><Polygon POINTS="284 187 284 206 396 199 770 204 773 185 766 152 759 159 583 156 360 152 359 152 316 159 307 152 306 152 304 152 303 152 302 152 283 160 284 187"/></Shape>
	    <String CONTENT="de mucho valor y esfuerzo;"
                    HPOS="283.0"
                    VPOS="152.0"
                    WIDTH="490.0"
                    HEIGHT="54.0"></String>
          </TextLine>

          
          
          <TextLine ID="line_36"
                    TAGREFS="LT465"
                    BASELINE="285 233 665 230" 
                    HPOS="284.0"
                    VPOS="194.0"
                    WIDTH="381.0"
                    HEIGHT="57.0">
            <Shape><Polygon POINTS="285 233 285 251 664 247 665 230 663 204 618 194 617 194 535 204 461 197 460 197 459 197 434 204 412 195 411 195 409 195 408 195 377 206 337 197 336 197 284 207 285 233"/></Shape>
	    <String CONTENT="y viendo la crueldad"
                    HPOS="284.0"
                    VPOS="194.0"
                    WIDTH="381.0"
                    HEIGHT="57.0"></String>
          </TextLine>

          
          
          <TextLine ID="line_37"
                    TAGREFS="LT465"
                    BASELINE="284 276 808 276" 
                    HPOS="284.0"
                    VPOS="241.0"
                    WIDTH="524.0"
                    HEIGHT="56.0">
            <Shape><Polygon POINTS="284 276 284 289 363 297 364 297 397 292 404 290 415 292 445 297 446 297 578 294 746 290 807 297 808 276 808 249 776 241 775 241 669 241 668 241 666 241 649 249 427 242 426 242 387 249 337 241 336 241 284 249 284 276"/></Shape>
	    <String CONTENT="de aquel mulsumán soberbio,"
                    HPOS="284.0"
                    VPOS="241.0"
                    WIDTH="524.0"
                    HEIGHT="56.0"></String>
          </TextLine>

          
          
          <TextLine ID="line_38"
                    TAGREFS="LT465"
                    BASELINE="284 321 650 319" 
                    HPOS="283.0"
                    VPOS="287.0"
                    WIDTH="367.0"
                    HEIGHT="51.0">
            <Shape><Polygon POINTS="284 321 284 338 649 332 650 319 649 295 614 287 613 287 612 287 520 294 502 287 501 287 423 287 422 287 421 287 404 294 388 287 387 287 385 287 384 287 383 287 383 288 375 295 351 295 335 287 334 287 332 287 283 295 284 321"/></Shape>
	    <String CONTENT="para defender la Fe"
                    HPOS="283.0"
                    VPOS="287.0"
                    WIDTH="367.0"
                    HEIGHT="51.0"></String>
          </TextLine>

          
          
          <TextLine ID="line_39"
                    TAGREFS="LT465"
                    BASELINE="287 364 688 366" 
                    HPOS="285.0"
                    VPOS="331.0"
                    WIDTH="403.0"
                    HEIGHT="48.0">
            <Shape><Polygon POINTS="287 364 285 379 687 378 688 366 687 341 539 332 537 332 536 332 508 340 506 340 503 340 484 331 483 331 482 331 480 331 450 338 440 331 439 331 437 331 436 331 435 331 415 337 392 331 390 331 389 331 388 331 387 331 375 338 374 340 336 340 335 338 330 333 330 332 328 332 327 332 326 332 287 337 287 364"/></Shape>
	    <String CONTENT="a las armas acudieron;"
                    HPOS="285.0"
                    VPOS="331.0"
                    WIDTH="403.0"
                    HEIGHT="48.0"></String>
          </TextLine>

          
          
          <TextLine ID="line_40"
                    TAGREFS="LT465"
                    BASELINE="285 408 709 410" 
                    HPOS="284.0"
                    VPOS="374.0"
                    WIDTH="425.0"
                    HEIGHT="52.0">
            <Shape><Polygon POINTS="285 408 284 426 708 424 709 410 708 375 612 383 582 376 573 375 571 375 570 375 569 375 568 376 560 384 528 384 511 378 498 374 497 374 496 374 494 374 482 378 470 381 453 379 426 374 425 374 423 374 406 379 396 383 332 383 330 380 316 374 315 374 313 374 312 374 285 380 285 408"/></Shape>
	    <String CONTENT="se comenzó la campaña"
                    HPOS="284.0"
                    VPOS="374.0"
                    WIDTH="425.0"
                    HEIGHT="52.0"></String>
          </TextLine>

          
          
          <TextLine ID="line_41"
                    TAGREFS="LT465"
                    BASELINE="287 455 768 455" 
                    HPOS="287.0"
                    VPOS="422.0"
                    WIDTH="481.0"
                    HEIGHT="54.0">
            <Shape><Polygon POINTS="287 455 287 472 470 469 477 474 477 475 478 475 479 475 480 476 523 476 523 475 530 475 559 469 583 475 585 475 587 475 588 475 589 475 590 475 609 469 636 475 639 475 640 475 641 475 642 475 642 474 649 469 690 475 693 475 694 475 695 475 697 475 697 474 702 470 707 475 708 475 709 475 711 476 768 476 768 455 768 431 731 422 730 422 683 428 639 422 637 422 636 422 616 428 609 429 601 428 574 423 573 423 571 423 560 427 555 429 550 427 539 422 537 422 536 422 504 427 484 429 287 424 287 455"/></Shape>
	    <String CONTENT="con tanto valor y esfuerzo,"
                    HPOS="287.0"
                    VPOS="422.0"
                    WIDTH="481.0"
                    HEIGHT="54.0"></String>
          </TextLine>

          
          
          <TextLine ID="line_42"
                    TAGREFS="LT465"
                    BASELINE="287 500 757 498" 
                    HPOS="285.0"
                    VPOS="466.0"
                    WIDTH="472.0"
                    HEIGHT="53.0">
            <Shape><Polygon POINTS="287 500 287 519 337 512 417 517 439 518 440 518 441 518 442 518 445 517 453 512 507 515 539 517 540 517 628 513 673 510 674 512 679 515 679 517 680 517 682 517 683 518 730 518 730 517 731 517 757 509 757 498 755 475 654 466 652 466 544 472 522 466 521 466 520 466 477 475 445 469 444 469 358 475 321 467 320 467 318 467 285 476 287 500"/></Shape>
	    <String CONTENT="que pronto los doce Pares"
                    HPOS="285.0"
                    VPOS="466.0"
                    WIDTH="472.0"
                    HEIGHT="53.0"></String>
          </TextLine>

          
          
          <TextLine ID="line_43"
                    TAGREFS="LT465"
                    BASELINE="287 546 811 543" 
                    HPOS="285.0"
                    VPOS="508.0"
                    WIDTH="526.0"
                    HEIGHT="59.0">
            <Shape><Polygon POINTS="287 546 287 565 373 557 431 566 445 567 446 567 447 567 449 567 450 566 458 560 502 563 503 563 568 556 584 566 585 566 587 566 588 567 660 567 660 566 661 566 663 566 663 565 664 565 669 558 708 566 709 566 711 566 712 566 733 556 809 566 811 543 808 518 760 510 759 510 757 510 744 518 616 518 604 508 603 508 602 508 547 508 546 508 512 515 502 509 501 509 499 509 498 509 460 515 435 510 434 510 432 510 431 510 421 518 337 509 336 509 335 509 334 509 320 518 301 509 299 509 298 509 297 509 296 509 285 517 287 546"/></Shape>
	    <String CONTENT="del campo se hicieron dueños"
                    HPOS="285.0"
                    VPOS="508.0"
                    WIDTH="526.0"
                    HEIGHT="59.0"></String>
          </TextLine>

          
          
          <TextLine ID="line_44"
                    TAGREFS="LT465"
                    BASELINE="288 589 699 591" 
                    HPOS="287.0"
                    VPOS="555.0"
                    WIDTH="412.0"
                    HEIGHT="54.0">
            <Shape><Polygon POINTS="288 589 287 603 535 603 566 608 575 609 577 609 578 609 579 609 579 608 587 603 671 603 695 609 699 591 698 565 664 565 664 563 655 556 654 556 652 556 651 556 597 562 552 556 551 556 550 556 525 562 517 565 501 565 499 562 494 556 493 556 493 555 492 555 490 555 489 555 488 555 466 561 461 562 454 561 420 555 418 555 288 558 288 589"/></Shape>
	    <String CONTENT="acuchillando turbantes,"
                    HPOS="287.0"
                    VPOS="555.0"
                    WIDTH="412.0"
                    HEIGHT="54.0"></String>
          </TextLine>

          
          
          <TextLine ID="line_45"
                    TAGREFS="LT465"
                    BASELINE="289 633 717 636" 
                    HPOS="288.0"
                    VPOS="599.0"
                    WIDTH="429.0"
                    HEIGHT="48.0">
            <Shape><Polygon POINTS="289 633 288 647 716 647 717 636 716 608 666 600 665 600 613 606 597 608 592 606 575 600 574 600 573 600 571 600 555 605 549 608 533 605 493 599 492 599 444 605 426 606 289 604 289 633"/></Shape>
	    <String CONTENT="cotas y mallas de acero."
                    HPOS="288.0"
                    VPOS="599.0"
                    WIDTH="429.0"
                    HEIGHT="48.0"></String>
          </TextLine>

          
          
          <TextLine ID="line_46"
                    TAGREFS="LT465"
                    BASELINE="288 677 735 680" 
                    HPOS="287.0"
                    VPOS="641.0"
                    WIDTH="448.0"
                    HEIGHT="60.0">
            <Shape><Polygon POINTS="287 696 406 691 437 696 456 699 458 699 459 699 460 699 463 696 469 691 509 691 525 695 545 700 546 700 547 701 595 701 595 700 597 700 598 700 598 699 604 694 623 700 625 700 626 700 733 691 735 680 735 652 712 643 711 643 709 643 671 651 665 652 657 651 621 643 620 643 618 643 604 649 598 652 592 649 582 643 580 643 579 643 578 643 577 643 577 644 571 648 570 651 512 652 471 646 449 642 447 642 417 644 330 651 289 641 288 677 287 696"/></Shape>
	    <String CONTENT="Pero viendo el almirante"
                    HPOS="287.0"
                    VPOS="641.0"
                    WIDTH="448.0"
                    HEIGHT="60.0"></String>
          </TextLine>

          
          
          <TextLine ID="line_47"
                    TAGREFS="LT465"
                    BASELINE="288 721 749 725" 
                    HPOS="287.0"
                    VPOS="690.0"
                    WIDTH="462.0"
                    HEIGHT="56.0">
            <Shape><Polygon POINTS="288 721 287 740 334 735 350 743 351 743 353 743 354 743 355 743 356 743 375 735 401 743 402 743 403 743 404 743 435 737 450 743 451 744 453 744 454 744 460 744 496 737 512 744 513 744 515 744 516 744 532 744 713 738 745 746 749 725 747 701 673 692 671 692 670 692 656 700 655 700 654 700 628 692 627 692 626 692 625 692 603 700 601 700 599 700 584 691 583 691 528 691 527 691 526 691 525 691 517 699 516 700 484 700 484 699 480 694 479 694 479 692 478 692 477 692 475 692 399 697 397 697 389 691 389 690 388 690 387 690 385 690 288 696 288 721"/></Shape>
	    <String CONTENT="que iba a perder su reino,"
                    HPOS="287.0"
                    VPOS="690.0"
                    WIDTH="462.0"
                    HEIGHT="56.0"></String>
          </TextLine>

          
          
          <TextLine ID="line_48"
                    TAGREFS="LT465"
                    BASELINE="288 767 703 770" 
                    HPOS="288.0"
                    VPOS="738.0"
                    WIDTH="415.0"
                    HEIGHT="54.0">
            <Shape><Polygon POINTS="288 767 288 790 313 783 330 791 331 791 332 791 334 792 418 792 418 791 420 791 421 791 451 783 482 791 483 791 484 791 485 791 487 791 497 783 568 792 575 792 577 792 584 792 664 785 701 792 703 770 702 743 288 738 288 767"/></Shape>
	    <String CONTENT="mandó retirar su gente"
                    HPOS="288.0"
                    VPOS="738.0"
                    WIDTH="415.0"
                    HEIGHT="54.0"></String>
          </TextLine>

          
          
          <TextLine ID="line_49"
                    TAGREFS="LT465"
                    BASELINE="288 813 732 815" 
                    HPOS="287.0"
                    VPOS="780.0"
                    WIDTH="445.0"
                    HEIGHT="52.0">
            <Shape><Polygon POINTS="288 813 287 832 731 829 732 815 731 786 626 781 625 781 623 781 614 786 607 790 550 790 541 786 526 781 525 781 523 781 501 786 494 787 492 786 479 780 478 780 477 780 387 786 369 787 365 786 345 780 344 780 342 780 288 786 288 813"/></Shape>
	    <String CONTENT="con precaución y recelo,"
                    HPOS="287.0"
                    VPOS="780.0"
                    WIDTH="445.0"
                    HEIGHT="52.0"></String>
          </TextLine>

          
          
          <TextLine ID="line_50"
                    TAGREFS="LT465"
                    BASELINE="289 859 668 858" 
                    HPOS="288.0"
                    VPOS="824.0"
                    WIDTH="380.0"
                    HEIGHT="53.0">
            <Shape><Polygon POINTS="289 859 289 877 666 869 668 858 664 832 642 833 639 832 631 825 630 825 628 825 627 825 565 832 546 833 536 832 499 824 498 824 497 824 471 832 466 833 463 832 442 824 441 824 440 824 439 824 426 830 411 825 409 825 408 825 407 825 406 825 406 826 399 832 398 833 385 832 326 826 325 826 288 832 289 859"/></Shape>
	    <String CONTENT="y a su hijo Fierabrás"
                    HPOS="288.0"
                    VPOS="824.0"
                    WIDTH="380.0"
                    HEIGHT="53.0"></String>
          </TextLine>

          
          
          <TextLine ID="line_51"
                    TAGREFS="LT465"
                    BASELINE="288 904 697 904" 
                    HPOS="288.0"
                    VPOS="869.0"
                    WIDTH="409.0"
                    HEIGHT="47.0">
            <Shape><Polygon POINTS="288 916 697 915 697 904 694 871 671 878 631 871 630 871 628 871 627 871 627 872 620 880 584 880 573 871 571 871 570 871 569 871 568 871 554 876 533 869 531 869 530 869 528 869 527 869 526 869 511 878 492 869 490 869 489 869 488 869 487 869 485 869 474 880 439 880 430 871 430 869 428 869 427 869 354 869 353 869 351 869 350 869 316 878 289 869 288 904 288 916"/></Shape>
	    <String CONTENT="le llamó así, diciendo:"
                    HPOS="288.0"
                    VPOS="869.0"
                    WIDTH="409.0"
                    HEIGHT="47.0"></String>
          </TextLine>

          
          
          <TextLine ID="line_52"
                    TAGREFS="LT465"
                    BASELINE="291 947 765 950" 
                    HPOS="289.0"
                    VPOS="909.0"
                    WIDTH="476.0"
                    HEIGHT="64.0">
            <Shape><Polygon POINTS="291 947 289 960 345 971 346 971 417 966 453 972 454 972 455 972 456 972 466 966 469 964 475 966 494 972 496 972 497 972 498 972 511 967 517 964 525 967 536 972 537 972 539 972 593 969 661 966 671 972 674 973 675 973 676 973 678 973 688 972 719 966 763 973 765 950 760 912 749 923 609 923 577 911 575 911 531 911 523 911 522 911 521 911 494 920 483 911 482 911 480 911 407 910 406 910 404 910 373 919 291 909 291 947"/></Shape>
	    <String CONTENT="« Bien sabes, hijo animoso,"
                    HPOS="289.0"
                    VPOS="909.0"
                    WIDTH="476.0"
                    HEIGHT="64.0"></String>
          </TextLine>

          
          
          <TextLine ID="line_53"
                    TAGREFS="LT465"
                    BASELINE="289 993 747 993" 
                    HPOS="289.0"
                    VPOS="968.0"
                    WIDTH="458.0"
                    HEIGHT="46.0">
            <Shape><Polygon POINTS="289 993 289 1014 349 1007 363 1014 364 1014 365 1014 366 1014 370 1014 399 1007 421 1012 425 1014 426 1014 427 1014 436 1012 468 1007 485 1012 492 1014 493 1014 494 1014 496 1014 501 1012 513 1007 542 1011 560 1014 561 1014 563 1014 571 1011 584 1007 595 1011 604 1014 606 1014 607 1014 747 1009 747 993 747 969 289 968 289 993"/></Shape>
	    <String CONTENT="que estos doce caballeros"
                    HPOS="289.0"
                    VPOS="968.0"
                    WIDTH="458.0"
                    HEIGHT="46.0"></String>
          </TextLine>

          
          
          <TextLine ID="line_54"
                    TAGREFS="LT465"
                    BASELINE="288 1035 804 1039" 
                    HPOS="287.0"
                    VPOS="1005.0"
                    WIDTH="517.0"
                    HEIGHT="55.0">
            <Shape><Polygon POINTS="288 1035 287 1055 406 1049 453 1058 464 1059 465 1059 466 1059 471 1058 492 1050 554 1058 569 1059 570 1059 571 1059 577 1058 603 1050 673 1050 697 1058 706 1060 707 1060 708 1060 757 1059 759 1059 760 1059 760 1058 769 1052 802 1058 804 1039 804 1014 633 1005 632 1005 288 1009 288 1035"/></Shape>
	    <String CONTENT="que vienen con Carlo-Magno"
                    HPOS="287.0"
                    VPOS="1005.0"
                    WIDTH="517.0"
                    HEIGHT="55.0"></String>
          </TextLine>

          
          
          <TextLine ID="line_55"
                    TAGREFS="LT465"
                    BASELINE="291 1081 854 1086" 
                    HPOS="289.0"
                    VPOS="1048.0"
                    WIDTH="565.0"
                    HEIGHT="57.0">
            <Shape><Polygon POINTS="291 1081 289 1096 301 1102 302 1102 303 1102 304 1102 406 1096 409 1096 415 1096 493 1103 494 1103 496 1103 518 1097 523 1097 531 1098 571 1105 573 1105 574 1105 593 1100 598 1098 851 1103 854 1086 854 1058 707 1049 706 1049 704 1049 703 1049 693 1055 692 1057 577 1057 573 1055 552 1048 551 1048 550 1048 517 1054 516 1054 515 1054 493 1048 492 1048 490 1048 291 1052 291 1081"/></Shape>
	    <String CONTENT="son hombres de mucho arresto,"
                    HPOS="289.0"
                    VPOS="1048.0"
                    WIDTH="565.0"
                    HEIGHT="57.0"></String>
          </TextLine>

          
          
          <TextLine ID="line_56"
                    TAGREFS="LT465"
                    BASELINE="293 1127 897 1130" 
                    HPOS="292.0"
                    VPOS="1092.0"
                    WIDTH="605.0"
                    HEIGHT="63.0">
            <Shape><Polygon POINTS="293 1127 292 1150 340 1143 523 1143 536 1148 546 1153 547 1153 697 1154 698 1154 699 1154 716 1145 719 1144 771 1144 775 1144 811 1154 812 1154 813 1155 878 1155 878 1154 879 1154 880 1154 895 1143 897 1130 895 1105 841 1103 819 1093 818 1093 817 1093 816 1093 789 1101 768 1093 766 1093 765 1093 764 1093 763 1093 751 1102 711 1096 709 1096 642 1102 628 1093 627 1093 626 1093 625 1093 556 1098 535 1092 533 1092 532 1092 531 1092 515 1101 494 1092 493 1092 492 1092 442 1101 368 1092 366 1092 365 1092 364 1092 350 1102 293 1102 293 1127"/></Shape>
	    <String CONTENT="me han matado cien mil hombres"
                    HPOS="292.0"
                    VPOS="1092.0"
                    WIDTH="605.0"
                    HEIGHT="63.0"></String>
          </TextLine>

          
          
          <TextLine ID="line_57"
                    TAGREFS="LT465"
                    BASELINE="291 1175 741 1175" 
                    HPOS="291.0"
                    VPOS="1143.0"
                    WIDTH="450.0"
                    HEIGHT="54.0">
            <Shape><Polygon POINTS="291 1175 292 1194 313 1187 398 1194 399 1194 401 1194 426 1187 453 1196 455 1196 456 1196 458 1196 461 1196 497 1187 554 1196 558 1196 559 1196 560 1196 578 1187 614 1187 632 1196 633 1196 635 1196 636 1196 637 1196 647 1187 674 1196 675 1196 676 1197 741 1197 741 1175 741 1148 411 1143 409 1143 408 1143 383 1149 382 1149 356 1143 355 1143 354 1143 291 1149 291 1175"/></Shape>
	    <String CONTENT="y mis mejores guerreros;"
                    HPOS="291.0"
                    VPOS="1143.0"
                    WIDTH="450.0"
                    HEIGHT="54.0"></String>
          </TextLine>

          
          
          <TextLine ID="line_58"
                    TAGREFS="LT465"
                    BASELINE="288 1220 676 1220" 
                    HPOS="288.0"
                    VPOS="1186.0"
                    WIDTH="388.0"
                    HEIGHT="58.0">
            <Shape><Polygon POINTS="288 1220 288 1242 330 1235 380 1242 392 1244 393 1244 394 1244 401 1242 427 1235 509 1235 532 1241 540 1244 541 1244 542 1244 676 1240 676 1220 676 1193 633 1186 632 1186 602 1192 601 1192 599 1192 568 1186 566 1186 565 1186 550 1192 549 1192 544 1192 490 1186 489 1186 488 1186 468 1191 465 1192 464 1191 453 1186 451 1186 450 1186 449 1186 435 1191 431 1192 423 1191 390 1186 389 1186 288 1189 288 1220"/></Shape>
	    <String CONTENT="por el profeta de Alá"
                    HPOS="288.0"
                    VPOS="1186.0"
                    WIDTH="388.0"
                    HEIGHT="58.0"></String>
          </TextLine>

          
          
          <TextLine ID="line_59"
                    TAGREFS="LT465"
                    BASELINE="288 1263 725 1265" 
                    HPOS="287.0"
                    VPOS="1232.0"
                    WIDTH="438.0"
                    HEIGHT="52.0">
            <Shape><Polygon POINTS="288 1263 287 1279 332 1283 334 1283 335 1283 346 1279 354 1277 360 1279 369 1283 370 1283 372 1283 373 1283 380 1279 387 1277 394 1279 407 1283 408 1283 409 1283 439 1279 454 1277 456 1279 463 1283 464 1283 465 1283 585 1284 587 1284 644 1278 645 1278 706 1284 707 1284 708 1284 723 1277 725 1265 723 1236 288 1232 288 1263"/></Shape>
	    <String CONTENT="les hago hoy juramento,"
                    HPOS="287.0"
                    VPOS="1232.0"
                    WIDTH="438.0"
                    HEIGHT="52.0"></String>
          </TextLine>

          
          
          <TextLine ID="line_60"
                    TAGREFS="LT465"
                    BASELINE="287 1309 798 1308" 
                    HPOS="285.0"
                    VPOS="1273.0"
                    WIDTH="513.0"
                    HEIGHT="52.0">
            <Shape><Polygon POINTS="287 1309 287 1325 797 1325 798 1308 794 1273 741 1283 673 1283 659 1274 657 1274 656 1274 655 1274 613 1282 584 1274 583 1274 582 1274 580 1274 556 1282 523 1274 520 1274 518 1274 512 1274 459 1280 434 1275 427 1274 426 1274 425 1274 423 1274 423 1275 416 1282 390 1275 383 1274 382 1274 380 1274 377 1275 360 1282 285 1277 287 1309"/></Shape>
	    <String CONTENT="que he de tomar la demanda"
                    HPOS="285.0"
                    VPOS="1273.0"
                    WIDTH="513.0"
                    HEIGHT="52.0"></String>
          </TextLine>

          
          
          <TextLine ID="line_61"
                    TAGREFS="LT465"
                    BASELINE="291 1355 799 1352" 
                    HPOS="289.0"
                    VPOS="1318.0"
                    WIDTH="510.0"
                    HEIGHT="56.0">
            <Shape><Polygon POINTS="291 1355 292 1374 311 1365 366 1373 373 1373 374 1373 375 1373 378 1373 401 1365 408 1371 409 1373 411 1373 412 1373 413 1373 415 1373 418 1371 434 1365 461 1370 475 1373 477 1373 478 1373 484 1370 496 1365 513 1369 527 1373 528 1373 530 1373 570 1368 607 1364 620 1366 636 1371 637 1371 639 1371 695 1365 702 1365 707 1365 763 1371 764 1371 765 1371 799 1363 799 1352 797 1327 755 1327 741 1318 740 1318 738 1318 737 1318 536 1327 515 1321 513 1321 512 1321 511 1321 492 1327 484 1321 484 1320 483 1320 482 1320 480 1320 418 1327 409 1320 408 1320 407 1320 337 1320 336 1320 335 1320 311 1326 303 1320 302 1320 301 1320 299 1320 298 1320 297 1320 297 1321 289 1326 291 1355"/></Shape>
	    <String CONTENT="y me he de vengar de ellos.»"
                    HPOS="289.0"
                    VPOS="1318.0"
                    WIDTH="510.0"
                    HEIGHT="56.0"></String>
          </TextLine>

          
          
          <TextLine ID="line_62"
                    TAGREFS="LT465"
                    BASELINE="289 1395 709 1399" 
                    HPOS="288.0"
                    VPOS="1360.0"
                    WIDTH="421.0"
                    HEIGHT="59.0">
            <Shape><Polygon POINTS="289 1395 288 1412 402 1417 403 1417 416 1414 444 1409 458 1416 464 1418 465 1418 466 1419 526 1419 526 1418 527 1418 528 1418 530 1417 539 1411 665 1411 707 1419 709 1399 708 1373 650 1373 649 1371 641 1365 640 1365 639 1365 637 1365 560 1369 540 1370 532 1369 501 1361 499 1361 460 1368 458 1368 454 1368 417 1360 416 1360 415 1360 413 1360 413 1361 407 1366 404 1369 390 1366 356 1360 355 1360 289 1364 289 1395"/></Shape>
	    <String CONTENT="Fierabrás dijo: «Señor,"
                    HPOS="288.0"
                    VPOS="1360.0"
                    WIDTH="421.0"
                    HEIGHT="59.0"></String>
          </TextLine>

          
          
          <TextLine ID="line_63"
                    TAGREFS="LT465"
                    BASELINE="289 1441 746 1445" 
                    HPOS="288.0"
                    VPOS="1411.0"
                    WIDTH="458.0"
                    HEIGHT="54.0">
            <Shape><Polygon POINTS="289 1441 288 1452 311 1460 312 1460 313 1460 401 1456 426 1455 432 1456 451 1462 453 1462 454 1462 512 1459 550 1456 560 1460 568 1462 569 1462 570 1462 593 1460 623 1457 631 1461 633 1464 635 1464 636 1464 637 1465 745 1465 746 1445 744 1413 727 1419 718 1413 717 1413 716 1413 714 1413 701 1413 587 1418 582 1414 579 1412 578 1412 577 1412 575 1412 521 1414 453 1418 449 1416 444 1411 442 1411 441 1411 440 1411 289 1416 289 1441"/></Shape>
	    <String CONTENT="eso queda de mi empeño;"
                    HPOS="288.0"
                    VPOS="1411.0"
                    WIDTH="458.0"
                    HEIGHT="54.0"></String>
          </TextLine>

          
          
          <TextLine ID="line_64"
                    TAGREFS="LT465"
                    BASELINE="288 1484 798 1488" 
                    HPOS="287.0"
                    VPOS="1450.0"
                    WIDTH="511.0"
                    HEIGHT="58.0">
            <Shape><Polygon POINTS="288 1484 287 1498 363 1505 364 1505 365 1505 385 1499 388 1498 389 1499 397 1505 398 1505 399 1505 401 1505 441 1500 456 1507 458 1507 459 1507 460 1507 488 1500 556 1507 558 1507 559 1507 560 1507 573 1499 575 1499 613 1505 614 1505 616 1505 617 1505 626 1499 627 1499 661 1499 674 1499 688 1507 689 1507 690 1507 692 1507 708 1500 728 1508 730 1508 731 1508 797 1499 798 1488 795 1454 766 1461 660 1455 659 1455 657 1455 645 1461 630 1454 628 1454 627 1454 626 1454 602 1460 582 1454 580 1454 579 1454 578 1454 577 1454 568 1461 459 1461 428 1451 427 1451 426 1451 387 1459 288 1450 288 1484"/></Shape>
	    <String CONTENT="dadme licencia, iré al campo"
                    HPOS="287.0"
                    VPOS="1450.0"
                    WIDTH="511.0"
                    HEIGHT="58.0"></String>
          </TextLine>

          
          
          <TextLine ID="line_65"
                    TAGREFS="LT465"
                    BASELINE="288 1531 769 1535" 
                    HPOS="287.0"
                    VPOS="1498.0"
                    WIDTH="482.0"
                    HEIGHT="57.0">
            <Shape><Polygon POINTS="288 1531 287 1542 356 1552 358 1552 399 1546 447 1554 449 1554 488 1546 494 1546 578 1546 584 1548 595 1554 597 1554 598 1554 623 1548 626 1548 627 1548 633 1555 635 1555 636 1555 637 1555 639 1555 656 1550 666 1547 683 1550 711 1555 712 1555 768 1551 769 1535 768 1511 719 1502 718 1502 717 1502 716 1502 716 1503 709 1509 708 1511 645 1511 637 1508 609 1499 608 1499 607 1499 571 1507 561 1508 551 1505 533 1502 532 1502 531 1502 530 1502 528 1502 528 1503 525 1505 522 1509 456 1509 445 1504 428 1498 427 1498 426 1498 288 1500 288 1531"/></Shape>
	    <String CONTENT="donde tiene su real puesto,"
                    HPOS="287.0"
                    VPOS="1498.0"
                    WIDTH="482.0"
                    HEIGHT="57.0"></String>
          </TextLine>

          
          
          <TextLine ID="line_66"
                    TAGREFS="LT465"
                    BASELINE="289 1579 730 1579" 
                    HPOS="289.0"
                    VPOS="1543.0"
                    WIDTH="441.0"
                    HEIGHT="55.0">
            <Shape><Polygon POINTS="289 1579 289 1598 330 1590 468 1590 475 1596 475 1598 477 1598 478 1598 479 1598 480 1598 482 1598 494 1591 504 1596 504 1598 506 1598 507 1598 508 1598 513 1596 539 1591 568 1596 575 1598 577 1598 583 1596 611 1590 627 1596 631 1598 632 1598 633 1598 730 1595 730 1579 730 1550 707 1543 706 1543 704 1543 669 1550 604 1543 603 1543 470 1550 461 1543 460 1543 459 1543 406 1543 404 1543 369 1550 331 1543 330 1543 289 1550 289 1579"/></Shape>
	    <String CONTENT="y los llamaré a campaña,"
                    HPOS="289.0"
                    VPOS="1543.0"
                    WIDTH="441.0"
                    HEIGHT="55.0"></String>
          </TextLine>

          
          
          <TextLine ID="line_67"
                    TAGREFS="LT465"
                    BASELINE="289 1622 799 1622" 
                    HPOS="289.0"
                    VPOS="1589.0"
                    WIDTH="510.0"
                    HEIGHT="62.0">
            <Shape><Polygon POINTS="289 1622 289 1639 296 1646 297 1646 298 1646 299 1646 301 1646 302 1646 315 1638 415 1638 455 1650 456 1650 458 1651 487 1651 487 1650 488 1650 513 1638 533 1638 549 1650 550 1650 551 1650 552 1650 630 1643 649 1650 650 1650 651 1650 652 1650 670 1642 760 1650 761 1650 763 1650 799 1637 799 1622 795 1589 783 1598 714 1598 701 1590 701 1589 699 1589 698 1589 697 1589 695 1589 693 1590 670 1596 636 1590 633 1590 632 1590 628 1590 583 1596 568 1590 564 1589 563 1589 520 1589 518 1589 517 1589 516 1589 513 1590 506 1596 471 1591 463 1590 461 1590 460 1590 456 1591 436 1596 408 1591 392 1589 390 1589 389 1589 388 1589 385 1591 380 1596 368 1591 363 1590 361 1590 360 1590 359 1590 354 1591 341 1596 289 1593 289 1622"/></Shape>
	    <String CONTENT="por ver si puede mi esfuerzo"
                    HPOS="289.0"
                    VPOS="1589.0"
                    WIDTH="510.0"
                    HEIGHT="62.0"></String>
          </TextLine>

          
          
          <TextLine ID="line_68"
                    TAGREFS="LT465"
                    BASELINE="291 1665 695 1667" 
                    HPOS="289.0"
                    VPOS="1637.0"
                    WIDTH="406.0"
                    HEIGHT="49.0">
            <Shape><Polygon POINTS="291 1665 289 1680 335 1685 336 1685 366 1681 404 1677 413 1682 417 1685 418 1685 420 1685 421 1685 422 1685 430 1682 442 1679 456 1684 463 1685 464 1685 465 1685 466 1685 470 1684 484 1677 526 1684 541 1686 542 1686 556 1685 599 1679 693 1686 695 1667 693 1637 291 1639 291 1665"/></Shape>
	    <String CONTENT="uno a uno o dos a dos,"
                    HPOS="289.0"
                    VPOS="1637.0"
                    WIDTH="406.0"
                    HEIGHT="49.0"></String>
          </TextLine>

          
          
          <TextLine ID="line_69"
                    TAGREFS="LT465"
                    BASELINE="289 1708 719 1713" 
                    HPOS="288.0"
                    VPOS="1676.0"
                    WIDTH="431.0"
                    HEIGHT="56.0">
            <Shape><Polygon POINTS="289 1708 288 1724 474 1723 477 1725 480 1728 480 1729 482 1729 483 1729 555 1731 556 1731 599 1725 611 1724 621 1725 679 1732 680 1732 718 1724 719 1713 719 1688 689 1680 688 1680 687 1680 598 1686 570 1679 569 1679 568 1679 535 1686 533 1686 531 1686 506 1677 504 1677 503 1677 502 1677 483 1685 483 1686 439 1686 437 1685 425 1677 423 1677 422 1677 421 1677 420 1677 402 1685 399 1685 397 1685 373 1676 372 1676 370 1676 289 1682 289 1708"/></Shape>
	    <String CONTENT="darles fin a todos ellos.»"
                    HPOS="288.0"
                    VPOS="1676.0"
                    WIDTH="431.0"
                    HEIGHT="56.0"></String>
          </TextLine>

          
          
          <TextLine ID="line_70"
                    TAGREFS="LT465"
                    BASELINE="288 1753 751 1758" 
                    HPOS="287.0"
                    VPOS="1719.0"
                    WIDTH="464.0"
                    HEIGHT="61.0">
            <Shape><Polygon POINTS="288 1753 287 1770 423 1768 474 1775 489 1776 490 1776 492 1776 494 1775 509 1768 540 1776 544 1776 545 1776 550 1776 593 1770 620 1777 622 1777 623 1777 625 1777 626 1777 627 1777 635 1771 645 1777 646 1779 647 1779 649 1779 650 1780 689 1780 689 1779 690 1779 692 1779 692 1777 699 1771 725 1771 747 1779 751 1758 751 1732 713 1723 712 1723 566 1727 477 1728 456 1723 450 1722 449 1722 447 1722 439 1723 406 1728 288 1719 288 1753"/></Shape>
	    <String CONTENT="Se armó presto Fierabrás,"
                    HPOS="287.0"
                    VPOS="1719.0"
                    WIDTH="464.0"
                    HEIGHT="61.0"></String>
          </TextLine>

          
          
          <TextLine ID="line_71"
                    TAGREFS="LT465"
                    BASELINE="289 1801 676 1801" 
                    HPOS="289.0"
                    VPOS="1771.0"
                    WIDTH="387.0"
                    HEIGHT="53.0">
            <Shape><Polygon POINTS="289 1801 289 1817 403 1824 404 1824 406 1824 407 1824 417 1817 420 1815 493 1815 497 1815 525 1824 526 1824 527 1824 528 1824 547 1815 549 1815 550 1815 582 1824 583 1824 584 1824 585 1824 606 1815 640 1824 641 1824 642 1824 644 1824 676 1814 676 1801 676 1779 578 1771 577 1771 575 1771 556 1777 552 1777 546 1776 507 1771 506 1771 473 1776 461 1777 289 1775 289 1801"/></Shape>
	    <String CONTENT="y trajo consigo luego"
                    HPOS="289.0"
                    VPOS="1771.0"
                    WIDTH="387.0"
                    HEIGHT="53.0"></String>
          </TextLine>

          
          
          <TextLine ID="line_73"
                    TAGREFS="LT465"
                    BASELINE="291 1843 770 1849" 
                    HPOS="289.0"
                    VPOS="1811.0"
                    WIDTH="481.0"
                    HEIGHT="59.0">
            <Shape><Polygon POINTS="291 1843 289 1858 353 1863 354 1863 355 1863 366 1861 384 1856 398 1861 407 1865 408 1865 409 1865 425 1862 440 1858 444 1862 446 1863 446 1865 447 1865 449 1865 498 1866 499 1866 501 1866 511 1863 533 1858 644 1858 670 1867 675 1868 676 1868 678 1870 769 1870 770 1849 770 1824 756 1817 755 1817 754 1817 692 1822 676 1823 666 1822 637 1815 636 1815 611 1819 597 1822 545 1822 542 1818 539 1815 539 1814 537 1814 536 1814 535 1814 511 1817 485 1820 475 1817 468 1813 466 1813 465 1813 437 1815 388 1819 370 1813 365 1811 364 1811 291 1811 291 1843"/></Shape>
	    <String CONTENT="doce mil hombres de a pie,"
                    HPOS="289.0"
                    VPOS="1811.0"
                    WIDTH="481.0"
                    HEIGHT="59.0"></String>
          </TextLine>

          
          
          <TextLine ID="line_74"
                    TAGREFS="LT465"
                    BASELINE="291 1887 711 1890" 
                    HPOS="289.0"
                    VPOS="1852.0"
                    WIDTH="422.0"
                    HEIGHT="59.0">
            <Shape><Polygon POINTS="289 1900 323 1910 325 1910 326 1910 374 1902 379 1902 382 1902 398 1910 399 1910 401 1910 461 1905 482 1904 485 1906 490 1910 492 1910 493 1910 494 1910 516 1906 533 1904 547 1908 560 1911 561 1911 563 1911 564 1911 574 1908 589 1904 655 1910 657 1910 659 1910 660 1910 678 1904 707 1911 711 1890 709 1863 671 1854 670 1854 621 1861 604 1863 527 1863 521 1858 517 1854 516 1854 515 1854 513 1854 489 1857 454 1861 449 1856 446 1854 446 1853 445 1853 444 1853 442 1853 423 1854 374 1861 335 1853 334 1853 332 1853 331 1853 322 1861 292 1852 291 1887 289 1900"/></Shape>
	    <String CONTENT="dejándolos encubiertos;"
                    HPOS="289.0"
                    VPOS="1852.0"
                    WIDTH="422.0"
                    HEIGHT="59.0"></String>
          </TextLine>

          
          
          <TextLine ID="line_75"
                    TAGREFS="LT465"
                    BASELINE="289 1932 770 1937" 
                    HPOS="288.0"
                    VPOS="1902.0"
                    WIDTH="482.0"
                    HEIGHT="57.0">
            <Shape><Polygon POINTS="289 1932 288 1951 325 1947 341 1953 345 1954 346 1954 347 1954 349 1954 353 1953 365 1947 374 1953 375 1953 377 1953 378 1953 379 1953 396 1947 403 1953 407 1957 408 1957 409 1957 411 1957 430 1953 460 1948 503 1948 523 1954 535 1958 536 1958 537 1958 539 1958 549 1954 556 1952 569 1954 585 1958 587 1958 588 1958 589 1958 589 1957 592 1954 598 1949 666 1949 678 1956 687 1959 688 1959 689 1959 769 1956 770 1937 770 1909 289 1902 289 1932"/></Shape>
	    <String CONTENT="con esto se entró en la real"
                    HPOS="288.0"
                    VPOS="1902.0"
                    WIDTH="482.0"
                    HEIGHT="57.0"></String>
          </TextLine>

          
          
          <TextLine ID="line_76"
                    TAGREFS="LT465"
                    BASELINE="291 1976 730 1980" 
                    HPOS="289.0"
                    VPOS="1944.0"
                    WIDTH="441.0"
                    HEIGHT="57.0">
            <Shape><Polygon POINTS="291 1976 289 1996 427 1991 439 1999 439 2000 440 2000 441 2000 442 2001 489 2001 489 2000 490 2000 492 2000 501 1992 559 2000 560 2000 561 2000 563 2000 564 2000 575 1994 580 2000 582 2000 582 2001 583 2001 584 2001 585 2001 598 2001 678 1994 727 2001 730 1980 728 1956 687 1947 685 1947 647 1953 640 1956 597 1956 593 1953 579 1945 578 1945 577 1945 540 1952 531 1953 525 1952 506 1945 504 1945 503 1945 502 1945 490 1951 485 1953 471 1951 444 1945 442 1945 441 1945 430 1949 425 1952 415 1949 389 1944 388 1944 368 1949 353 1952 291 1948 291 1976"/></Shape>
	    <String CONTENT="en altas voces, diciendo:"
                    HPOS="289.0"
                    VPOS="1944.0"
                    WIDTH="441.0"
                    HEIGHT="57.0"></String>
          </TextLine>

          
          
          <TextLine ID="line_77"
                    TAGREFS="LT465"
                    BASELINE="297 2020 797 2025" 
                    HPOS="297.0"
                    VPOS="1986.0"
                    WIDTH="500.0"
                    HEIGHT="71.0">
            <Shape><Polygon POINTS="297 2020 297 2052 340 2040 418 2040 460 2047 461 2047 463 2047 464 2047 471 2042 492 2049 508 2054 509 2054 590 2055 592 2055 630 2047 640 2054 640 2055 641 2055 642 2055 644 2055 703 2050 747 2057 749 2057 750 2057 795 2043 797 2025 794 1990 766 1996 695 1990 676 1988 675 1988 659 1990 614 1995 582 1990 566 1988 565 1988 564 1988 560 1991 552 1995 546 1991 542 1987 541 1987 540 1987 539 1987 537 1987 525 1991 512 1994 461 1991 374 1986 373 1986 297 1991 297 2020"/></Shape>
	    <String CONTENT="«¿Adónde está Carlo-Magno?"
                    HPOS="297.0"
                    VPOS="1986.0"
                    WIDTH="500.0"
                    HEIGHT="71.0"></String>
          </TextLine>

          
        </TextBlock>
        
        <TextBlock HPOS="891.0"
                   VPOS="100.0"
                   WIDTH="629.0"
                   HEIGHT="1971.0"
                   ID="block_1"
                   TAGREFS="BT1239">
          <Shape><Polygon POINTS="1520 100 1520 2071 913 2071 891 113"/></Shape>
          
          
          <TextLine ID="line_0"
                    TAGREFS="LT465"
                    BASELINE="921 142 1384 137" 
                    HPOS="919.0"
                    VPOS="84.0"
                    WIDTH="465.0"
                    HEIGHT="76.0">
            <Shape><Polygon POINTS="921 142 921 160 1267 152 1283 152 1355 158 1356 158 1357 158 1384 150 1384 137 1380 84 1269 85 1261 87 1205 99 1184 94 1183 94 1181 94 1180 94 1147 111 1061 111 1041 92 1038 91 1038 89 1037 89 1036 89 1035 89 1033 89 1032 89 1027 93 999 112 950 112 919 96 921 142"/></Shape>
	    <String CONTENT="que hoy un solo caballero"
                    HPOS="919.0"
                    VPOS="84.0"
                    WIDTH="465.0"
                    HEIGHT="76.0"></String>
          </TextLine>

          
          
          <TextLine ID="line_1"
                    TAGREFS="LT465"
                    BASELINE="923 187 1364 183" 
                    HPOS="922.0"
                    VPOS="147.0"
                    WIDTH="442.0"
                    HEIGHT="56.0">
            <Shape><Polygon POINTS="923 187 923 203 1364 199 1364 183 1360 147 1322 149 1321 149 1319 149 1309 158 1193 158 1164 154 1135 149 1133 149 1073 156 1047 159 1030 158 950 150 949 150 947 150 922 160 923 187"/></Shape>
	    <String CONTENT="viene a pedirle campaña;"
                    HPOS="922.0"
                    VPOS="147.0"
                    WIDTH="442.0"
                    HEIGHT="56.0"></String>
          </TextLine>

          
          
          <TextLine ID="line_2"
                    TAGREFS="LT465"
                    BASELINE="923 230 1361 227" 
                    HPOS="922.0"
                    VPOS="195.0"
                    WIDTH="439.0"
                    HEIGHT="49.0">
            <Shape><Polygon POINTS="923 230 923 244 1360 241 1361 227 1359 204 1322 195 1321 195 1278 203 1247 195 1246 195 1155 195 1154 195 1152 195 1151 195 1137 204 999 197 998 197 922 206 923 230"/></Shape>
	    <String CONTENT="envíame aquí a Oliveros"
                    HPOS="922.0"
                    VPOS="195.0"
                    WIDTH="439.0"
                    HEIGHT="49.0"></String>
          </TextLine>

          
          
          <TextLine ID="line_3"
                    TAGREFS="LT465"
                    BASELINE="922 274 1303 274" 
                    HPOS="922.0"
                    VPOS="238.0"
                    WIDTH="381.0"
                    HEIGHT="59.0">
            <Shape><Polygon POINTS="922 274 922 292 1018 288 1043 293 1054 295 1055 295 1070 294 1110 288 1138 294 1143 295 1145 295 1146 297 1240 297 1240 295 1241 295 1255 289 1302 295 1303 274 1302 238 1238 240 1237 240 1236 240 1228 246 1222 241 1221 241 1219 241 1218 241 1217 241 1216 241 1207 247 1198 241 1195 238 1194 238 1193 238 1157 238 1156 238 1155 238 1154 238 1150 242 1141 250 1080 250 1064 245 1038 238 1037 238 1036 238 1035 238 1033 238 1021 246 1017 249 1008 246 990 242 989 242 988 242 922 249 922 274"/></Shape>
	    <String CONTENT="o al valeroso Roldán,"
                    HPOS="922.0"
                    VPOS="238.0"
                    WIDTH="381.0"
                    HEIGHT="59.0"></String>
          </TextLine>

          
          
          <TextLine ID="line_4"
                    TAGREFS="LT465"
                    BASELINE="922 316 1385 322" 
                    HPOS="921.0"
                    VPOS="281.0"
                    WIDTH="464.0"
                    HEIGHT="65.0">
            <Shape><Polygon POINTS="922 316 921 336 1070 343 1071 343 1073 343 1089 337 1103 332 1129 337 1164 345 1165 345 1166 345 1180 338 1190 333 1205 338 1221 342 1222 342 1223 342 1253 338 1280 335 1285 338 1297 346 1298 346 1299 346 1300 346 1302 346 1303 346 1303 345 1310 338 1314 336 1350 336 1353 338 1359 343 1359 345 1360 345 1361 345 1362 345 1364 345 1384 338 1385 322 1384 285 1295 292 1232 292 1224 284 1223 284 1222 284 1221 284 1159 289 1117 283 1108 281 1107 281 1093 283 1033 288 922 281 922 316"/></Shape>
	    <String CONTENT="que hoy hasta seis espero,"
                    HPOS="921.0"
                    VPOS="281.0"
                    WIDTH="464.0"
                    HEIGHT="65.0"></String>
          </TextLine>

          
          
          <TextLine ID="line_5"
                    TAGREFS="LT465"
                    BASELINE="926 366 1329 364" 
                    HPOS="924.0"
                    VPOS="331.0"
                    WIDTH="405.0"
                    HEIGHT="54.0">
            <Shape><Polygon POINTS="926 366 927 384 949 378 1008 378 1024 384 1028 385 1030 385 1031 385 1032 385 1037 384 1055 378 1066 384 1070 385 1071 385 1073 385 1074 385 1080 384 1099 378 1114 383 1121 385 1122 385 1123 385 1172 383 1174 383 1175 383 1185 376 1214 383 1222 384 1223 384 1234 383 1274 376 1327 381 1329 364 1327 340 1266 331 1265 331 1264 331 1262 331 1253 338 1252 340 1214 340 1214 338 1207 332 1207 331 1205 331 1204 331 1203 331 1202 331 1200 331 1200 332 1194 337 1184 331 1183 331 1181 331 1180 331 1179 331 1154 338 1152 338 1151 338 1145 332 1145 331 1143 331 1142 331 1141 331 1140 331 1127 338 1122 341 1008 341 1004 337 998 332 997 332 995 332 994 332 924 336 926 366"/></Shape>
	    <String CONTENT="y les sostendré batalla"
                    HPOS="924.0"
                    VPOS="331.0"
                    WIDTH="405.0"
                    HEIGHT="54.0"></String>
          </TextLine>

          
          
          <TextLine ID="line_6"
                    TAGREFS="LT465"
                    BASELINE="923 409 1400 409" 
                    HPOS="923.0"
                    VPOS="376.0"
                    WIDTH="477.0"
                    HEIGHT="55.0">
            <Shape><Polygon POINTS="923 429 960 422 981 429 983 429 984 431 1065 431 1065 429 1066 429 1067 429 1078 422 1399 429 1400 409 1400 386 1342 376 1310 376 1309 376 1308 376 1307 376 1295 384 1293 386 1274 386 1271 384 1264 378 1264 376 1262 376 1261 376 1204 376 1203 376 1202 376 1200 376 1194 383 1190 385 1186 381 1179 376 1178 376 1176 376 1175 376 1121 378 1119 378 1118 378 1116 380 1109 386 1018 386 1004 379 999 376 998 376 997 376 983 379 950 384 924 378 923 409 923 429"/></Shape>
	    <String CONTENT="hasta que dé fin con ellos.»"
                    HPOS="923.0"
                    VPOS="376.0"
                    WIDTH="477.0"
                    HEIGHT="55.0"></String>
          </TextLine>

          
          
          <TextLine ID="line_7"
                    TAGREFS="LT465"
                    BASELINE="927 455 1342 455" 
                    HPOS="927.0"
                    VPOS="423.0"
                    WIDTH="415.0"
                    HEIGHT="52.0">
            <Shape><Polygon POINTS="927 455 927 465 981 472 983 472 1031 467 1050 466 1057 469 1073 474 1074 474 1075 474 1097 469 1110 466 1143 470 1165 472 1166 472 1167 472 1172 471 1184 466 1198 471 1204 474 1205 474 1207 475 1342 475 1342 455 1342 431 1303 423 1302 423 1300 423 1278 429 1274 429 1267 429 1223 423 1222 423 1186 428 1174 429 1171 427 1167 424 1167 423 1166 423 1165 423 1164 423 1162 423 1161 423 1157 427 1154 429 927 424 927 455"/></Shape>
	    <String CONTENT="Viendo que nadie salía,"
                    HPOS="927.0"
                    VPOS="423.0"
                    WIDTH="415.0"
                    HEIGHT="52.0"></String>
          </TextLine>

          
          
          <TextLine ID="line_8"
                    TAGREFS="LT465"
                    BASELINE="923 500 1357 498" 
                    HPOS="922.0"
                    VPOS="466.0"
                    WIDTH="435.0"
                    HEIGHT="56.0">
            <Shape><Polygon POINTS="923 500 923 517 969 522 970 522 1003 517 1017 514 1026 515 1046 522 1047 522 1048 522 1050 522 1051 522 1060 515 1064 514 1112 514 1116 515 1136 522 1137 522 1138 522 1266 514 1291 520 1293 520 1294 520 1295 520 1314 513 1332 520 1333 520 1334 520 1336 520 1357 512 1357 498 1355 474 1161 466 1160 466 1159 466 1157 466 1157 467 1151 472 1064 467 1062 467 1061 467 1038 474 1028 467 1027 467 1026 467 1024 467 965 474 932 467 931 467 930 467 928 467 922 471 923 500"/></Shape>
	    <String CONTENT="determinado y soberbio"
                    HPOS="922.0"
                    VPOS="466.0"
                    WIDTH="435.0"
                    HEIGHT="56.0"></String>
          </TextLine>

          
          
          <TextLine ID="line_9"
                    TAGREFS="LT465"
                    BASELINE="923 543 1431 547" 
                    HPOS="922.0"
                    VPOS="508.0"
                    WIDTH="509.0"
                    HEIGHT="61.0">
            <Shape><Polygon POINTS="922 562 1302 562 1314 567 1318 569 1319 569 1321 569 1337 567 1404 562 1427 569 1431 547 1428 512 1264 519 1240 510 1238 510 1237 510 1234 510 1105 518 1095 510 1095 509 1094 509 1093 509 1092 509 1090 509 1089 509 1078 517 1037 509 1035 509 1033 509 1032 509 1031 509 1031 510 1023 518 937 518 926 508 923 543 922 562"/></Shape>
	    <String CONTENT="se arrimó al pie de un árbol,"
                    HPOS="922.0"
                    VPOS="508.0"
                    WIDTH="509.0"
                    HEIGHT="61.0"></String>
          </TextLine>

          
          
          <TextLine ID="line_10"
                    TAGREFS="LT465"
                    BASELINE="924 589 1422 593" 
                    HPOS="923.0"
                    VPOS="553.0"
                    WIDTH="499.0"
                    HEIGHT="58.0">
            <Shape><Polygon POINTS="924 589 923 600 1012 609 1013 609 1014 609 1040 603 1074 609 1075 609 1076 609 1078 609 1078 608 1083 604 1090 610 1092 610 1093 610 1094 610 1156 604 1198 610 1199 610 1243 604 1246 604 1253 610 1253 611 1255 611 1256 611 1257 611 1421 605 1422 593 1421 563 1367 557 1366 557 1334 561 1305 565 1295 561 1291 558 1290 558 1289 558 1288 558 1286 558 1284 560 1276 565 1265 560 1255 556 1253 556 1252 556 1229 558 1200 563 1185 558 1179 556 1178 556 1176 556 1165 557 1137 563 1042 557 1041 557 1040 557 1019 562 1011 556 1009 556 1008 556 1007 556 1005 556 979 562 924 553 924 589"/></Shape>
	    <String CONTENT="donde se sentó al momento;"
                    HPOS="923.0"
                    VPOS="553.0"
                    WIDTH="499.0"
                    HEIGHT="58.0"></String>
          </TextLine>

          
          
          <TextLine ID="line_11"
                    TAGREFS="LT465"
                    BASELINE="926 637 1332 637" 
                    HPOS="926.0"
                    VPOS="611.0"
                    WIDTH="406.0"
                    HEIGHT="46.0">
            <Shape><Polygon POINTS="926 637 926 657 1036 657 1036 656 1037 656 1051 649 1080 656 1083 656 1084 657 1145 657 1145 656 1146 656 1147 656 1156 649 1331 654 1332 637 1332 611 926 611 926 637"/></Shape>
	    <String CONTENT="y sentado como estaba"
                    HPOS="926.0"
                    VPOS="611.0"
                    WIDTH="406.0"
                    HEIGHT="46.0"></String>
          </TextLine>

          
          
          <TextLine ID="line_12"
                    TAGREFS="LT465"
                    BASELINE="924 681 1338 681" 
                    HPOS="924.0"
                    VPOS="646.0"
                    WIDTH="414.0"
                    HEIGHT="55.0">
            <Shape><Polygon POINTS="924 681 926 700 951 694 1028 699 1067 701 1069 701 1070 701 1076 699 1083 695 1086 697 1090 701 1092 701 1093 701 1094 701 1140 697 1180 694 1191 696 1209 701 1210 701 1212 701 1243 696 1256 694 1267 695 1304 701 1305 701 1338 694 1338 681 1337 648 1307 654 1267 648 1250 646 1216 646 1214 646 1213 646 1212 646 1212 647 1209 648 1204 653 1174 648 1151 646 1150 646 1148 646 1142 649 1136 652 1118 649 1097 646 1095 646 1094 646 1093 646 1093 647 1089 649 1083 654 924 651 924 681"/></Shape>
	    <String CONTENT="decía con gritos fieros:"
                    HPOS="924.0"
                    VPOS="646.0"
                    WIDTH="414.0"
                    HEIGHT="55.0"></String>
          </TextLine>

          
          
          <TextLine ID="line_13"
                    TAGREFS="LT465"
                    BASELINE="928 724 1467 728" 
                    HPOS="927.0"
                    VPOS="689.0"
                    WIDTH="540.0"
                    HEIGHT="59.0">
            <Shape><Polygon POINTS="928 724 927 735 961 746 962 746 964 746 965 746 979 739 1021 746 1022 746 1023 746 1024 746 1036 738 1066 746 1067 746 1069 746 1070 746 1092 738 1108 747 1109 747 1110 747 1281 739 1313 748 1314 748 1315 748 1361 742 1419 748 1421 748 1466 739 1467 728 1466 697 1365 691 1364 691 1362 691 1347 697 1338 700 1309 697 1280 694 1279 694 1278 694 1276 694 1272 697 1271 697 1270 697 1266 694 1266 692 1265 692 1264 692 1262 692 1261 692 1260 692 1255 697 1252 700 1118 700 1113 697 1104 691 1103 691 1102 691 956 689 955 689 954 689 952 689 952 690 945 697 943 697 928 697 928 724"/></Shape>
	    <String CONTENT="«Carlo-Magno, ¿ya has perdido"
                    HPOS="927.0"
                    VPOS="689.0"
                    WIDTH="540.0"
                    HEIGHT="59.0"></String>
          </TextLine>

          
          
          <TextLine ID="line_14"
                    TAGREFS="LT465"
                    BASELINE="926 768 1436 772" 
                    HPOS="924.0"
                    VPOS="734.0"
                    WIDTH="512.0"
                    HEIGHT="58.0">
            <Shape><Polygon POINTS="926 768 924 781 946 790 947 790 949 790 1037 783 1051 783 1059 785 1097 791 1098 791 1141 786 1157 785 1188 787 1231 791 1232 791 1233 791 1242 789 1256 785 1261 789 1264 791 1265 791 1266 791 1267 791 1298 790 1372 786 1433 792 1436 772 1436 747 1412 738 1410 738 1409 738 1408 738 1386 746 1384 747 1341 747 1338 744 1332 738 1331 738 1329 738 1328 738 1304 743 1294 746 1281 743 1264 738 1262 738 1261 738 1260 738 1259 738 1253 742 1250 746 1180 746 1170 739 1164 737 1162 737 1161 737 1140 739 1097 744 1071 738 1064 735 1062 735 1061 735 1048 737 1005 743 984 735 983 735 981 735 980 735 964 743 926 734 926 768"/></Shape>
	    <String CONTENT="tu fama y honor a un tiempo"
                    HPOS="924.0"
                    VPOS="734.0"
                    WIDTH="512.0"
                    HEIGHT="58.0"></String>
          </TextLine>

          
          
          <TextLine ID="line_15"
                    TAGREFS="LT465"
                    BASELINE="924 815 1367 818" 
                    HPOS="923.0"
                    VPOS="783.0"
                    WIDTH="444.0"
                    HEIGHT="50.0">
            <Shape><Polygon POINTS="924 815 923 830 1365 833 1367 818 1366 792 1319 785 1318 785 1317 785 1315 785 1315 786 1309 791 1309 792 1184 792 1179 791 1146 783 1145 783 924 789 924 815"/></Shape>
	    <String CONTENT="que antes habías ganado,"
                    HPOS="923.0"
                    VPOS="783.0"
                    WIDTH="444.0"
                    HEIGHT="50.0"></String>
          </TextLine>

          
          
          <TextLine ID="line_16"
                    TAGREFS="LT465"
                    BASELINE="924 861 1428 863" 
                    HPOS="923.0"
                    VPOS="832.0"
                    WIDTH="505.0"
                    HEIGHT="51.0">
            <Shape><Polygon POINTS="924 861 923 880 1156 873 1165 877 1176 883 1178 883 1179 883 1180 883 1193 877 1199 874 1210 877 1228 881 1229 881 1261 876 1272 874 1278 876 1297 883 1298 883 1299 883 1300 883 1321 876 1323 874 1328 874 1359 881 1360 881 1393 874 1403 882 1404 882 1405 882 1407 882 1408 882 1427 873 1428 863 1427 833 924 832 924 861"/></Shape>
	    <String CONTENT="pues que a un solo caballero"
                    HPOS="923.0"
                    VPOS="832.0"
                    WIDTH="505.0"
                    HEIGHT="51.0"></String>
          </TextLine>

          
          
          <TextLine ID="line_17"
                    TAGREFS="LT465"
                    BASELINE="924 906 1409 906" 
                    HPOS="924.0"
                    VPOS="878.0"
                    WIDTH="485.0"
                    HEIGHT="47.0">
            <Shape><Polygon POINTS="924 906 924 919 1408 925 1409 906 1409 882 924 878 924 906"/></Shape>
	    <String CONTENT="que está pidiendo campaña"
                    HPOS="924.0"
                    VPOS="878.0"
                    WIDTH="485.0"
                    HEIGHT="47.0"></String>
          </TextLine>

          
          
          <TextLine ID="line_18"
                    TAGREFS="LT465"
                    BASELINE="923 950 1428 950" 
                    HPOS="923.0"
                    VPOS="916.0"
                    WIDTH="505.0"
                    HEIGHT="58.0">
            <Shape><Polygon POINTS="923 950 923 974 1428 974 1428 950 1428 925 1409 916 1408 916 1407 916 1405 916 1404 916 1390 925 1265 919 1264 919 1200 925 1184 916 1183 916 1108 916 1107 916 1105 916 1083 925 1061 916 1060 916 1059 916 1003 925 979 916 978 916 976 916 975 916 974 916 962 925 943 919 942 919 941 919 940 919 923 925 923 950"/></Shape>
	    <String CONTENT="no le dáis el cumplimiento?»"
                    HPOS="923.0"
                    VPOS="916.0"
                    WIDTH="505.0"
                    HEIGHT="58.0"></String>
          </TextLine>

          
          
          <TextLine ID="line_19"
                    TAGREFS="LT465"
                    BASELINE="923 996 1377 993" 
                    HPOS="922.0"
                    VPOS="959.0"
                    WIDTH="455.0"
                    HEIGHT="61.0">
            <Shape><Polygon POINTS="923 996 923 1010 947 1010 957 1019 957 1020 959 1020 960 1020 961 1020 962 1020 964 1020 974 1014 1018 1020 1019 1020 1021 1020 1022 1020 1022 1019 1028 1012 1059 1012 1166 1009 1197 1015 1212 1017 1213 1017 1214 1017 1219 1015 1226 1011 1233 1015 1238 1019 1240 1019 1241 1019 1242 1019 1243 1019 1245 1019 1250 1016 1260 1009 1267 1016 1270 1017 1270 1019 1271 1019 1272 1019 1274 1019 1377 1017 1377 993 1375 968 1155 959 1154 959 1114 968 1102 960 1100 960 1099 960 1098 960 974 968 950 960 949 960 947 960 946 960 922 968 923 996"/></Shape>
	    <String CONTENT="Cuando Carlo-Magno oyó"
                    HPOS="922.0"
                    VPOS="959.0"
                    WIDTH="455.0"
                    HEIGHT="61.0"></String>
          </TextLine>

          
          
          <TextLine ID="line_20"
                    TAGREFS="LT465"
                    BASELINE="924 1041 1345 1041" 
                    HPOS="924.0"
                    VPOS="1010.0"
                    WIDTH="421.0"
                    HEIGHT="50.0">
            <Shape><Polygon POINTS="924 1041 924 1052 966 1059 968 1059 1012 1054 1026 1053 1075 1055 1165 1060 1166 1060 1167 1060 1179 1058 1198 1053 1343 1060 1345 1041 1343 1015 1024 1016 1018 1011 1018 1010 1017 1010 1016 1010 969 1010 968 1010 966 1010 965 1010 956 1016 947 1010 946 1010 945 1010 943 1010 942 1010 924 1016 924 1041"/></Shape>
	    <String CONTENT="del turco aquestos ecos,"
                    HPOS="924.0"
                    VPOS="1010.0"
                    WIDTH="421.0"
                    HEIGHT="50.0"></String>
          </TextLine>

          
          
          <TextLine ID="line_21"
                    TAGREFS="LT465"
                    BASELINE="924 1086 1353 1086" 
                    HPOS="924.0"
                    VPOS="1049.0"
                    WIDTH="429.0"
                    HEIGHT="59.0">
            <Shape><Polygon POINTS="924 1086 924 1100 985 1107 986 1108 1084 1108 1084 1107 1085 1107 1086 1107 1095 1101 1145 1107 1146 1107 1179 1101 1289 1107 1290 1107 1291 1107 1293 1107 1299 1101 1324 1107 1326 1107 1327 1107 1328 1107 1353 1100 1353 1086 1353 1058 1324 1049 1323 1049 1322 1049 1321 1049 1295 1059 1246 1059 1219 1049 1218 1049 1217 1049 1216 1049 1191 1058 1161 1050 1160 1050 1159 1050 1157 1050 1129 1058 1097 1049 1095 1049 1094 1049 1093 1049 1075 1058 1056 1049 1055 1049 975 1049 974 1049 973 1049 971 1049 959 1059 924 1059 924 1086"/></Shape>
	    <String CONTENT="a Ricarte de Normandía"
                    HPOS="924.0"
                    VPOS="1049.0"
                    WIDTH="429.0"
                    HEIGHT="59.0"></String>
          </TextLine>

          
          
          <TextLine ID="line_22"
                    TAGREFS="LT465"
                    BASELINE="922 1130 1380 1130" 
                    HPOS="922.0"
                    VPOS="1098.0"
                    WIDTH="458.0"
                    HEIGHT="60.0">
            <Shape><Polygon POINTS="922 1130 923 1156 946 1149 1005 1155 1007 1155 1050 1150 1064 1156 1065 1156 1066 1156 1067 1156 1069 1156 1080 1149 1151 1156 1152 1156 1154 1158 1246 1158 1246 1156 1247 1156 1267 1149 1279 1156 1280 1156 1281 1156 1283 1156 1284 1156 1304 1149 1312 1156 1313 1156 1314 1156 1315 1158 1380 1158 1380 1130 1380 1105 1179 1098 1178 1098 1160 1101 1138 1105 1135 1101 1132 1100 1132 1098 1131 1098 1129 1098 1128 1098 1103 1101 1052 1105 1013 1100 1005 1098 1004 1098 998 1098 957 1105 922 1098 922 1130"/></Shape>
	    <String CONTENT="le preguntó así, diciendo:"
                    HPOS="922.0"
                    VPOS="1098.0"
                    WIDTH="458.0"
                    HEIGHT="60.0"></String>
          </TextLine>

          
          
          <TextLine ID="line_23"
                    TAGREFS="LT465"
                    BASELINE="931 1174 1458 1177" 
                    HPOS="930.0"
                    VPOS="1143.0"
                    WIDTH="528.0"
                    HEIGHT="62.0">
            <Shape><Polygon POINTS="931 1174 930 1191 959 1202 960 1202 961 1202 962 1202 1002 1192 1003 1192 1047 1192 1048 1193 1054 1197 1054 1198 1055 1198 1056 1198 1057 1198 1059 1198 1060 1198 1066 1193 1067 1192 1079 1193 1105 1198 1107 1198 1129 1196 1152 1192 1159 1196 1166 1202 1167 1202 1169 1202 1170 1202 1171 1202 1186 1197 1197 1193 1208 1197 1224 1203 1226 1203 1227 1203 1274 1199 1334 1193 1355 1201 1361 1203 1362 1203 1364 1205 1457 1205 1458 1177 1458 1148 931 1143 931 1174"/></Shape>
	    <String CONTENT="«¿Quién es este hombre audaz"
                    HPOS="930.0"
                    VPOS="1143.0"
                    WIDTH="528.0"
                    HEIGHT="62.0"></String>
          </TextLine>

          
          
          <TextLine ID="line_24"
                    TAGREFS="LT465"
                    BASELINE="927 1217 1328 1220" 
                    HPOS="926.0"
                    VPOS="1184.0"
                    WIDTH="402.0"
                    HEIGHT="61.0">
            <Shape><Polygon POINTS="926 1232 941 1239 942 1239 943 1239 994 1235 1007 1242 1008 1242 1009 1242 1011 1242 1012 1242 1027 1235 1030 1234 1035 1235 1059 1242 1060 1242 1061 1242 1098 1237 1122 1234 1129 1237 1138 1244 1140 1244 1141 1244 1142 1245 1202 1245 1202 1244 1203 1244 1204 1244 1208 1240 1216 1235 1326 1244 1328 1220 1327 1196 1116 1186 1114 1186 1066 1188 964 1193 928 1184 927 1217 926 1232"/></Shape>
	    <String CONTENT="tan desatinado y ciego"
                    HPOS="926.0"
                    VPOS="1184.0"
                    WIDTH="402.0"
                    HEIGHT="61.0"></String>
          </TextLine>

          
          
          <TextLine ID="line_25"
                    TAGREFS="LT465"
                    BASELINE="927 1264 1348 1266" 
                    HPOS="926.0"
                    VPOS="1232.0"
                    WIDTH="422.0"
                    HEIGHT="57.0">
            <Shape><Polygon POINTS="927 1264 926 1282 937 1288 938 1288 940 1288 941 1288 965 1282 974 1279 978 1282 985 1288 986 1288 988 1288 989 1288 1038 1283 1076 1279 1089 1284 1093 1285 1094 1285 1095 1285 1097 1285 1100 1284 1110 1280 1204 1287 1248 1289 1250 1289 1251 1289 1252 1289 1253 1288 1265 1280 1300 1280 1346 1289 1348 1266 1348 1241 1324 1234 1323 1234 1322 1234 1285 1240 1283 1240 1280 1240 1247 1234 1246 1234 1245 1234 1231 1240 1228 1240 1214 1239 1137 1232 1136 1232 927 1235 927 1264"/></Shape>
	    <String CONTENT="que nos está desafiando"
                    HPOS="926.0"
                    VPOS="1232.0"
                    WIDTH="422.0"
                    HEIGHT="57.0"></String>
          </TextLine>

          
          
          <TextLine ID="line_26"
                    TAGREFS="LT465"
                    BASELINE="926 1308 1418 1311" 
                    HPOS="924.0"
                    VPOS="1277.0"
                    WIDTH="494.0"
                    HEIGHT="58.0">
            <Shape><Polygon POINTS="926 1308 924 1323 1000 1323 1008 1326 1027 1333 1028 1333 1030 1333 1071 1326 1092 1323 1116 1327 1145 1331 1146 1331 1183 1327 1210 1325 1227 1327 1264 1335 1265 1335 1417 1328 1418 1311 1415 1284 1350 1285 1345 1283 1333 1278 1332 1278 1331 1278 1329 1278 1328 1278 1321 1283 1317 1285 1300 1283 1271 1279 1270 1279 1269 1279 1253 1283 1245 1285 1241 1283 1232 1278 1231 1278 1229 1278 1228 1278 1197 1283 1180 1285 1142 1285 1141 1283 1135 1278 1135 1277 1133 1277 1132 1277 1131 1277 926 1282 926 1308"/></Shape>
	    <String CONTENT="a cuantos hay en mi reino?»"
                    HPOS="924.0"
                    VPOS="1277.0"
                    WIDTH="494.0"
                    HEIGHT="58.0"></String>
          </TextLine>

          
          
          <TextLine ID="line_27"
                    TAGREFS="LT465"
                    BASELINE="926 1354 1295 1356" 
                    HPOS="924.0"
                    VPOS="1316.0"
                    WIDTH="371.0"
                    HEIGHT="63.0">
            <Shape><Polygon POINTS="926 1354 924 1374 1017 1378 1018 1378 1019 1378 1021 1378 1023 1375 1038 1366 1088 1366 1102 1375 1103 1375 1104 1375 1105 1375 1107 1375 1124 1368 1176 1368 1216 1369 1227 1378 1228 1379 1229 1379 1231 1379 1232 1379 1294 1378 1295 1356 1294 1330 1166 1318 1165 1318 1141 1323 1119 1328 1113 1322 1108 1318 1108 1317 1107 1317 1105 1317 1104 1317 1066 1321 997 1327 926 1316 926 1354"/></Shape>
	    <String CONTENT="Ricarte dijo: «Señor,"
                    HPOS="924.0"
                    VPOS="1316.0"
                    WIDTH="371.0"
                    HEIGHT="63.0"></String>
          </TextLine>

          
          
          <TextLine ID="line_28"
                    TAGREFS="LT465"
                    BASELINE="927 1401 1288 1401" 
                    HPOS="927.0"
                    VPOS="1369.0"
                    WIDTH="361.0"
                    HEIGHT="50.0">
            <Shape><Polygon POINTS="927 1401 927 1414 1060 1413 1064 1413 1084 1419 1085 1419 1086 1419 1088 1419 1100 1413 1102 1413 1104 1413 1133 1419 1135 1419 1136 1419 1137 1419 1145 1413 1146 1413 1186 1419 1188 1419 1189 1419 1190 1419 1200 1413 1275 1419 1276 1419 1278 1419 1279 1419 1288 1413 1288 1401 1288 1376 1018 1369 1017 1369 1016 1369 1014 1369 1005 1376 927 1376 927 1401"/></Shape>
	    <String CONTENT="ese osado caballero,"
                    HPOS="927.0"
                    VPOS="1369.0"
                    WIDTH="361.0"
                    HEIGHT="50.0"></String>
          </TextLine>

          
          
          <TextLine ID="line_29"
                    TAGREFS="LT465"
                    BASELINE="927 1446 1305 1446" 
                    HPOS="927.0"
                    VPOS="1411.0"
                    WIDTH="378.0"
                    HEIGHT="55.0">
            <Shape><Polygon POINTS="927 1446 927 1457 947 1465 949 1465 950 1465 992 1459 995 1459 1008 1466 1009 1466 1011 1466 1012 1466 1013 1466 1031 1459 1033 1459 1045 1460 1107 1466 1108 1466 1146 1461 1164 1459 1179 1461 1203 1466 1204 1466 1305 1462 1305 1446 1305 1421 1216 1421 1216 1419 1188 1411 1186 1411 1185 1411 1184 1411 1166 1418 1154 1411 1152 1411 1151 1411 1069 1411 1067 1411 1066 1411 1048 1419 1047 1419 1043 1419 994 1411 993 1411 927 1418 927 1446"/></Shape>
	    <String CONTENT="es hijo del almirante,"
                    HPOS="927.0"
                    VPOS="1411.0"
                    WIDTH="378.0"
                    HEIGHT="55.0"></String>
          </TextLine>

          
          
          <TextLine ID="line_30"
                    TAGREFS="LT465"
                    BASELINE="928 1490 1404 1493" 
                    HPOS="927.0"
                    VPOS="1460.0"
                    WIDTH="477.0"
                    HEIGHT="57.0">
            <Shape><Polygon POINTS="928 1490 927 1507 1018 1516 1019 1516 1021 1516 1036 1509 1047 1504 1110 1504 1131 1511 1146 1514 1147 1514 1148 1514 1169 1511 1191 1505 1198 1511 1203 1516 1203 1517 1204 1517 1205 1517 1207 1517 1231 1512 1256 1505 1281 1512 1299 1517 1300 1517 1302 1517 1403 1513 1404 1493 1404 1466 928 1460 928 1490"/></Shape>
	    <String CONTENT="y agigantado en su cuerpo;"
                    HPOS="927.0"
                    VPOS="1460.0"
                    WIDTH="477.0"
                    HEIGHT="57.0"></String>
          </TextLine>

          
          
          <TextLine ID="line_31"
                    TAGREFS="LT465"
                    BASELINE="927 1536 1343 1536" 
                    HPOS="927.0"
                    VPOS="1504.0"
                    WIDTH="416.0"
                    HEIGHT="56.0">
            <Shape><Polygon POINTS="927 1536 927 1550 1054 1559 1055 1559 1056 1559 1069 1554 1078 1550 1164 1550 1171 1555 1175 1559 1176 1559 1178 1559 1179 1560 1253 1560 1253 1559 1255 1559 1261 1556 1279 1550 1288 1557 1289 1559 1290 1559 1291 1559 1293 1559 1343 1557 1343 1536 1343 1513 1132 1504 1131 1504 1129 1504 1128 1504 1128 1505 1121 1513 1041 1513 1033 1505 1032 1505 1031 1505 1030 1505 973 1512 946 1504 945 1504 943 1504 942 1504 927 1512 927 1536"/></Shape>
	    <String CONTENT="el que sometió a Roma,"
                    HPOS="927.0"
                    VPOS="1504.0"
                    WIDTH="416.0"
                    HEIGHT="56.0"></String>
          </TextLine>

          
          
          <TextLine ID="line_32"
                    TAGREFS="LT465"
                    BASELINE="927 1579 1383 1583" 
                    HPOS="926.0"
                    VPOS="1545.0"
                    WIDTH="457.0"
                    HEIGHT="59.0">
            <Shape><Polygon POINTS="927 1579 926 1595 955 1602 956 1602 980 1596 995 1593 1007 1596 1023 1602 1024 1602 1026 1602 1027 1602 1041 1596 1051 1593 1055 1596 1061 1602 1062 1602 1064 1602 1065 1602 1066 1602 1081 1596 1089 1594 1093 1596 1098 1602 1099 1602 1100 1602 1102 1602 1103 1602 1104 1602 1110 1596 1117 1594 1191 1594 1207 1598 1233 1604 1234 1604 1236 1604 1237 1604 1256 1598 1262 1595 1269 1598 1281 1604 1283 1604 1284 1604 1381 1598 1383 1583 1383 1556 1289 1547 1288 1547 1286 1547 1267 1554 1265 1555 1261 1554 1246 1548 1245 1548 1243 1548 1213 1554 1210 1554 1208 1554 1174 1546 1172 1546 1171 1546 1143 1552 1138 1554 1131 1552 1079 1545 1078 1545 1076 1545 1051 1552 1047 1552 927 1551 927 1579"/></Shape>
	    <String CONTENT="con notable atrevimiento,"
                    HPOS="926.0"
                    VPOS="1545.0"
                    WIDTH="457.0"
                    HEIGHT="59.0"></String>
          </TextLine>

          
          
          <TextLine ID="line_33"
                    TAGREFS="LT465"
                    BASELINE="927 1622 1357 1627" 
                    HPOS="926.0"
                    VPOS="1591.0"
                    WIDTH="431.0"
                    HEIGHT="60.0">
            <Shape><Polygon POINTS="927 1622 926 1637 946 1645 947 1645 949 1645 1019 1638 1043 1648 1045 1648 1046 1648 1047 1648 1067 1639 1161 1639 1180 1650 1181 1650 1183 1651 1242 1651 1242 1650 1243 1650 1245 1650 1245 1648 1251 1643 1295 1651 1297 1651 1298 1651 1323 1643 1336 1651 1337 1651 1338 1651 1340 1651 1341 1651 1356 1643 1357 1627 1356 1604 1285 1595 1284 1595 1283 1595 1281 1595 1281 1596 1275 1603 1274 1603 1251 1594 1250 1594 1248 1594 1199 1602 1197 1602 1194 1602 1164 1594 1162 1594 1161 1594 1059 1600 1046 1600 1045 1600 1037 1593 1037 1591 1036 1591 1035 1591 1033 1591 927 1598 927 1622"/></Shape>
	    <String CONTENT="robó las santas reliquias"
                    HPOS="926.0"
                    VPOS="1591.0"
                    WIDTH="431.0"
                    HEIGHT="60.0"></String>
          </TextLine>

          
          
          <TextLine ID="line_78"
                    TAGREFS="LT465"
                    BASELINE="926 1667 1419 1671" 
                    HPOS="924.0"
                    VPOS="1638.0"
                    WIDTH="495.0"
                    HEIGHT="58.0">
            <Shape><Polygon POINTS="926 1667 924 1690 1089 1684 1104 1690 1114 1694 1116 1694 1117 1694 1242 1688 1284 1686 1286 1688 1300 1695 1302 1695 1303 1696 1337 1696 1337 1695 1338 1695 1365 1686 1366 1686 1418 1686 1419 1671 1417 1641 1394 1647 1353 1641 1350 1641 1348 1641 1342 1641 1286 1647 1207 1642 1165 1639 1164 1639 1145 1642 1122 1646 1081 1643 1022 1638 1021 1638 1019 1638 1018 1638 1018 1639 1013 1643 1012 1645 1003 1643 969 1638 968 1638 926 1643 926 1667"/></Shape>
	    <String CONTENT="que por tanto nos dolemos.»"
                    HPOS="924.0"
                    VPOS="1638.0"
                    WIDTH="495.0"
                    HEIGHT="58.0"></String>
          </TextLine>

          
          
          <TextLine ID="line_79"
                    TAGREFS="LT465"
                    BASELINE="927 1712 1351 1717" 
                    HPOS="926.0"
                    VPOS="1685.0"
                    WIDTH="425.0"
                    HEIGHT="57.0">
            <Shape><Polygon POINTS="927 1712 926 1732 927 1733 928 1733 928 1734 930 1734 931 1734 932 1734 989 1728 993 1728 994 1728 1009 1737 1011 1737 1012 1737 1013 1737 1038 1729 1042 1729 1046 1731 1076 1738 1078 1738 1079 1738 1114 1733 1137 1729 1145 1733 1151 1738 1152 1738 1154 1738 1245 1741 1246 1742 1291 1742 1291 1741 1293 1741 1297 1739 1317 1732 1347 1741 1351 1717 1350 1690 927 1685 927 1712"/></Shape>
	    <String CONTENT="Mandó llamar a Roldán,"
                    HPOS="926.0"
                    VPOS="1685.0"
                    WIDTH="425.0"
                    HEIGHT="57.0"></String>
          </TextLine>

          
          
          <TextLine ID="line_80"
                    TAGREFS="LT465"
                    BASELINE="927 1758 1351 1762" 
                    HPOS="926.0"
                    VPOS="1728.0"
                    WIDTH="425.0"
                    HEIGHT="54.0">
            <Shape><Polygon POINTS="927 1758 926 1774 1043 1780 1045 1780 1046 1780 1047 1780 1055 1774 1059 1771 1095 1774 1160 1779 1161 1779 1162 1779 1178 1774 1181 1772 1183 1774 1193 1781 1194 1781 1195 1781 1248 1782 1250 1782 1251 1782 1266 1774 1276 1781 1278 1781 1279 1781 1280 1781 1350 1772 1351 1762 1350 1736 1209 1728 1208 1728 927 1731 927 1758"/></Shape>
	    <String CONTENT="estas palabras diciendo:"
                    HPOS="926.0"
                    VPOS="1728.0"
                    WIDTH="425.0"
                    HEIGHT="54.0"></String>
          </TextLine>

          
          
          <TextLine ID="line_81"
                    TAGREFS="LT465"
                    BASELINE="931 1800 1346 1808" 
                    HPOS="930.0"
                    VPOS="1768.0"
                    WIDTH="416.0"
                    HEIGHT="61.0">
            <Shape><Polygon POINTS="931 1800 930 1815 1207 1828 1208 1828 1241 1820 1243 1820 1246 1820 1274 1828 1275 1828 1276 1828 1278 1828 1304 1822 1317 1829 1318 1829 1319 1829 1321 1829 1322 1829 1345 1822 1346 1808 1345 1784 1276 1774 1275 1774 1240 1781 1237 1781 1141 1781 1138 1780 1122 1771 1121 1771 1119 1771 1081 1779 1078 1779 1073 1779 1036 1770 1035 1770 1033 1770 1032 1770 1023 1777 1000 1768 999 1768 998 1768 997 1768 995 1768 985 1776 971 1768 970 1768 969 1768 931 1775 931 1800"/></Shape>
	    <String CONTENT="«Sobrino, hoy es el día,"
                    HPOS="930.0"
                    VPOS="1768.0"
                    WIDTH="416.0"
                    HEIGHT="61.0"></String>
          </TextLine>

          
          
          <TextLine ID="line_82"
                    TAGREFS="LT465"
                    BASELINE="928 1847 1391 1856" 
                    HPOS="927.0"
                    VPOS="1815.0"
                    WIDTH="464.0"
                    HEIGHT="65.0">
            <Shape><Polygon POINTS="928 1847 927 1858 975 1871 976 1871 978 1871 994 1862 995 1862 1059 1862 1109 1862 1114 1867 1121 1873 1121 1875 1122 1875 1123 1875 1124 1875 1159 1870 1162 1870 1167 1870 1216 1877 1217 1877 1218 1877 1227 1873 1233 1870 1243 1873 1257 1878 1259 1878 1260 1878 1261 1878 1262 1878 1267 1875 1280 1867 1300 1876 1307 1878 1308 1878 1389 1880 1391 1856 1390 1820 1265 1827 1231 1818 1221 1817 1219 1817 1218 1817 1214 1818 1203 1825 1194 1818 1191 1815 1190 1815 1189 1815 1188 1815 1159 1818 1107 1823 928 1817 928 1847"/></Shape>
	    <String CONTENT="que a ti te toca el empeño,"
                    HPOS="927.0"
                    VPOS="1815.0"
                    WIDTH="464.0"
                    HEIGHT="65.0"></String>
          </TextLine>

          
          
          <TextLine ID="line_83"
                    TAGREFS="LT465"
                    BASELINE="927 1891 1315 1896" 
                    HPOS="926.0"
                    VPOS="1859.0"
                    WIDTH="389.0"
                    HEIGHT="57.0">
            <Shape><Polygon POINTS="927 1891 926 1904 1046 1906 1062 1915 1064 1915 1065 1916 1098 1916 1098 1915 1099 1915 1100 1915 1100 1914 1107 1908 1108 1908 1110 1908 1155 1916 1156 1916 1314 1911 1315 1896 1314 1871 1271 1863 1270 1863 1227 1870 1221 1870 1218 1870 1203 1862 1202 1862 1200 1862 1199 1862 1198 1862 1189 1868 1150 1862 1148 1862 1147 1862 1128 1868 1127 1868 1126 1868 1114 1861 1113 1861 1112 1861 1110 1861 1061 1867 1057 1867 1054 1867 1022 1859 1021 1859 927 1865 927 1891"/></Shape>
	    <String CONTENT="de salir a la demanda"
                    HPOS="926.0"
                    VPOS="1859.0"
                    WIDTH="389.0"
                    HEIGHT="57.0"></String>
          </TextLine>

          
          
          <TextLine ID="line_84"
                    TAGREFS="LT465"
                    BASELINE="927 1934 1324 1939" 
                    HPOS="926.0"
                    VPOS="1901.0"
                    WIDTH="398.0"
                    HEIGHT="61.0">
            <Shape><Polygon POINTS="927 1934 926 1948 1016 1949 1017 1952 1022 1956 1022 1957 1023 1957 1024 1957 1026 1957 1066 1953 1083 1952 1086 1954 1094 1961 1095 1961 1097 1961 1126 1962 1127 1962 1323 1961 1324 1939 1324 1915 1248 1906 1247 1906 1155 1909 1052 1911 1032 1904 1027 1902 1026 1902 1024 1902 1016 1904 985 1910 927 1901 927 1934"/></Shape>
	    <String CONTENT="de ese enemigo fiero.»"
                    HPOS="926.0"
                    VPOS="1901.0"
                    WIDTH="398.0"
                    HEIGHT="61.0"></String>
          </TextLine>

          
          
          <TextLine ID="line_85"
                    TAGREFS="LT465"
                    BASELINE="932 1981 1337 1987" 
                    HPOS="931.0"
                    VPOS="1944.0"
                    WIDTH="406.0"
                    HEIGHT="66.0">
            <Shape><Polygon POINTS="931 1997 970 2006 971 2006 1045 2001 1093 1999 1122 2004 1148 2009 1150 2009 1184 2006 1224 2002 1238 2007 1245 2010 1246 2010 1247 2010 1259 2009 1288 2002 1334 2010 1337 1987 1337 1959 1303 1951 1302 1951 1300 1951 1262 1957 1257 1957 1253 1956 1232 1948 1231 1948 1229 1948 1228 1948 1227 1948 1217 1954 1214 1957 1184 1953 1142 1949 1141 1949 1124 1952 1099 1956 1085 1951 1073 1945 1071 1945 1070 1945 1048 1949 1032 1952 1023 1948 1014 1944 1013 1944 1012 1944 994 1947 961 1953 933 1945 932 1981 931 1997"/></Shape>
	    <String CONTENT="Y Roldán dijo: «Señor,"
                    HPOS="931.0"
                    VPOS="1944.0"
                    WIDTH="406.0"
                    HEIGHT="66.0"></String>
          </TextLine>

          
          
          <TextLine ID="line_86"
                    TAGREFS="LT465"
                    BASELINE="927 2026 1365 2030" 
                    HPOS="926.0"
                    VPOS="1995.0"
                    WIDTH="439.0"
                    HEIGHT="62.0">
            <Shape><Polygon POINTS="927 2026 926 2042 995 2050 997 2050 998 2050 999 2050 1005 2044 1007 2044 1008 2044 1050 2050 1051 2050 1052 2050 1054 2050 1061 2045 1062 2045 1112 2055 1113 2055 1114 2055 1116 2055 1116 2054 1124 2047 1126 2047 1164 2055 1165 2055 1166 2055 1186 2049 1193 2054 1193 2055 1194 2055 1195 2055 1286 2057 1288 2057 1289 2057 1290 2057 1290 2055 1297 2050 1302 2047 1362 2052 1365 2030 1364 2007 1288 2007 1283 2005 1265 1997 1264 1997 1262 1997 1233 2004 1219 2006 1146 2006 1140 2001 1135 1996 1133 1996 1132 1996 1131 1996 1112 2000 1092 2005 1080 2000 1071 1995 1070 1995 1069 1995 1042 1999 1005 2004 927 1996 927 2026"/></Shape>
	    <String CONTENT="ni yo ni mis compañeros"
                    HPOS="926.0"
                    VPOS="1995.0"
                    WIDTH="439.0"
                    HEIGHT="62.0"></String>
          </TextLine>

          
        </TextBlock>
        

        
      </PrintSpace>
    </Page>
  </Layout>
</alto>
