1660 2307
855.0 23.0 131.0 90.0 — 1O —

290.0 136.0 440.0 25.0 Ias dos mortales heridas,

288.0 151.0 518.0 55.0 que Dios te dará el remedio.»

288.0 196.0 492.0 57.0 Y Fierabrás le responde :

284.0 243.0 483.0 59.0 «No dilates mucho tiempo,

282.0 298.0 505.0 50.0 que tengo doce mil hombres

278.0 333.0 488.0 55.0 en ese monte encubiertos.»

278.0 380.0 498.0 54.0 Lo atravesó en el caballo

278.0 425.0 498.0 56.0 y montó en las ancas luego,

275.0 467.0 494.0 59.0 y a pocos pasos que anduvo

274.0 520.0 470.0 46.0 reparó y vió que salieron

271.0 563.0 505.0 53.0 los que estaban en el monte;

275.0 606.0 440.0 57.0 iba delante un guerrero;

269.0 649.0 370.0 59.0 para librar su señor

269.0 692.0 531.0 59.0 viene más veloz que el viento.

264.0 743.0 428.0 58.0 Oliveros dijo: «Amigo,

266.0 790.0 494.0 55.0 mucho en el alma lo siento

269.0 831.0 377.0 54.0 el no poderte llevar

264.0 880.0 520.0 51.0 donde están mis compañeros;

262.0 927.0 443.0 54.0 que viene toda tu gente

265.0 971.0 481.0 56.0 y nos corre grande riesgo.»

260.0 1015.0 405.0 55.0 Por la breña se metió,

258.0 1061.0 440.0 54.0 y en un arbolado espeso

256.0 1103.0 404.0 60.0 lo dejó bien al abrigo

253.0 1152.0 441.0 55.0 entre quejas y lamentos;

253.0 1200.0 439.0 49.0 y volviéndose al camino

253.0 1241.0 394.0 53.0 vió venir al caballero

248.0 1285.0 422.0 59.0 bien adelante de todos

247.0 1331.0 454.0 57.0 determinado y soberbio;

244.0 1375.0 385.0 54.0 como no tenía lanza

242.0 1422.0 519.0 62.0 quiso aguardarle en el suelo;

244.0 1470.0 499.0 55.0 se desmontó del caballo,

240.0 1512.0 473.0 60.0 el turco siguió su ejemplo,

239.0 1557.0 471.0 61.0 y al tiempo de ir a darle

238.0 1604.0 447.0 55.0 pegó un bote Oliveros,

234.0 1648.0 441.0 59.0 que se metió por debajo

235.0 1695.0 453.0 55.0 y lo agarró del pescuezo,

234.0 1737.0 383.0 62.0 y quitándole la lanza

230.0 1784.0 485.0 61.0 tomó el escudo y el yelmo,

230.0 1831.0 481.0 59.0 que es lo que falta le hacía,

230.0 1877.0 457.0 59.0 y por despacharlo presto,

226.0 1923.0 450.0 57.0 con el pomo de la espada

225.0 1966.0 468.0 64.0 le pegó un golpe tan recio

224.0 2014.0 365.0 64.0 encima de la cabeza,

920.0 107.0 487.0 67.0 que le hizo saltar los sesos;

924.0 164.0 407.0 52.0 se montó ligeramente,

920.0 205.0 493.0 55.0 llegó la tropa a este tiempo,

919.0 253.0 503.0 57.0 se entró por medio de todos

916.0 296.0 483.0 55.0 sin el temor de los riesgos;

915.0 337.0 474.0 57.0 a unos hiere, a otros mata,

912.0 380.0 482.0 67.0 a otros derriba en el suelo,

913.0 429.0 443.0 56.0 y como es tanta la gente

910.0 474.0 464.0 59.0 me lo cercaron en medio,

907.0 515.0 440.0 63.0 dándole algunas heridas,

908.0 566.0 411.0 51.0 lo llevaron prisionero.

907.0 606.0 506.0 64.0 Fué la nueva a Carlo-Magno,

908.0 660.0 381.0 44.0 el cual acudió ligero

898.0 699.0 415.0 54.0 con la gente que tenía

903.0 743.0 407.0 56.0 a socorrer a Oliveros;

903.0 792.0 460.0 59.0 se armó tan cruel batalla,

901.0 838.0 423.0 54.0 que los once caballeros

899.0 881.0 459.0 62.0 andaban por aquel campo

898.0 926.0 426.0 57.0 como lobos carniceros :

897.0 971.0 404.0 54.0 de doce mil enemigos

896.0 1013.0 434.0 57.0 no dejaron ochocientos;

894.0 1061.0 473.0 59.0 a este tiempo el Almirante

893.0 1113.0 476.0 49.0 se presenta con más gente;

890.0 1150.0 436.0 58.0 pero viendo don Roldán

889.0 1203.0 490.0 55.0 que les ha entrado refuerzo,

890.0 1247.0 431.0 53.0 mandó recoger su gente

888.0 1286.0 431.0 58.0 para unir los caballeros,

881.0 1335.0 472.0 51.0 pero al tiempo de juntarse

887.0 1377.0 448.0 57.0 apresaron cinco de ellos,

884.0 1423.0 363.0 58.0 y se ponen en huída

880.0 1470.0 492.0 53.0 con esta presa que hicieron.

881.0 1514.0 448.0 58.0 En esto que Carlo-Magno

876.0 1562.0 499.0 55.0 mandó recoger sus muertos,

876.0 1604.0 467.0 59.0 se encontró con Fierabrás

875.0 1646.0 527.0 65.0 muy mal herido y sangriento;

874.0 1693.0 454.0 60.0 lleváronlo a Montmionda,

875.0 1743.0 438.0 52.0 y dentro de poco tiempo

871.0 1784.0 395.0 59.0 con bebidas y reparos

869.0 1827.0 437.0 60.0 pronto le restablecieron;

866.0 1875.0 419.0 61.0 pidió que le bautizasen

867.0 1922.0 453.0 54.0 con grande fervor y celo;

863.0 1963.0 486.0 62.0 dieron cuenta al Arzobispo,

863.0 2013.0 491.0 65.0 y en la iglesia de San Pedro

375.0 2051.0 36.0 82.0 2
