1723 2383
417.0 137.0 950.0 146.0 NOTICIAS BIOGRÁFICAS DE CARLO-MAGNO

518.0 230.0 755.0 133.0 SACADAS DE UN DOCUMENTO AUTÉNTICO

329.0 386.0 1191.0 77.0 Era hijo de Pipino, rey de Francia y de Alemania; nació en 742, en

278.0 398.0 1242.0 114.0 Saltzbourg, Alta Baviera; tocáronle por muerte de su padre el Austria y

278.0 443.0 1245.0 110.0 la Neustria, con algunás provincias de la antigua Germania, y después

279.0 492.0 1246.0 111.0 de fallecer su hermano Carlomán fué reconocido por rey de toda la mo-

282.0 537.0 1246.0 107.0 narquía francesa. Sus primeras hazañas militares tuvieron lugar en las

286.0 581.0 1244.0 115.0 guerras contra los sajones; mientras estaba batiéndose con esta nación

286.0 624.0 1244.0 112.0 imploraba la Italia su socorro. Didier, rey de los lombardos, acababa

287.0 675.0 1247.0 114.0 de apoderarse de nuevo de la ciudad de Ravena contra el papa Adriano.

290.0 717.0 1244.0 113.0 Carlo-Magno volvió a su encuentro, le hizo prisionero y se coronó em-

291.0 763.0 1249.0 116.0 perador en Monza. Después de esta conquista renovó Carlo-Magno al

294.0 811.0 1244.0 106.0 Pontifice la donación de aquesta ciudad; y Adriano, por gratitud, le con-

295.0 852.0 1246.0 114.0 firmó el patriciado de Roma, con el derecho de disponer acerca de la

296.0 898.0 1246.0 110.0 elección de los Papas y de ratificarla. Había pasado a Italia para defen-

300.0 949.0 1245.0 99.0 der a Adriano, y pasó luego a España, restableciendo en Zaragoza a

299.0 988.0 1247.0 113.0 Ibanalarabí. Sitió a Pamplona y se apoderó del condado de Barcelona,

303.0 1037.0 1245.0 110.0 pero después de estas y otras muchas hazañas en que salió siempre vic-

304.0 1082.0 1246.0 101.0 torioso, fué también derrotado en Roncesvalles por los árabes y por

305.0 1122.0 1248.0 117.0 los gascones; en aquella jornada perdió a su sobrino Rolando o Roldán,

307.0 1184.0 976.0 94.0 tan célebre como se manifiesta en la presente historia.

365.0 1212.0 1189.0 111.0 Murió Carlo-Magno en el año de 814, a los 71 años de su edad, el 47

311.0 1262.0 1245.0 109.0 de su reinado, el 14 de su coronación; diéronle sepultura en Aix-la-Cha-

313.0 1319.0 1061.0 97.0 pelle, vestido de penitente con los atributos de soberano.

370.0 1345.0 1191.0 115.0 El nombre de Carlo-Magno resonó en todo el mundo, y fué aplaudi-

317.0 1396.0 1245.0 107.0 do como guerrero y como legislador. Sus hijos fueron sus mejores súb-

319.0 1440.0 1246.0 102.0 ditos, instrumentos de su poder y modelos de obediencia. Defendió las

319.0 1486.0 1247.0 113.0 libertades de la Iglesia y las del estado llano contra la opresión de los

323.0 1529.0 1243.0 111.0 magnates. Grande en sus designios, expedito en la ejecución, puede de-

324.0 1576.0 1246.0 104.0 cirse que nadie poseyó tan perfectamente el arte de hacer las cosas más

325.0 1620.0 1247.0 110.0 importantes con facilidad y las más difíciles con presteza. Recorría sin

329.0 1664.0 1244.0 107.0 cesar sus vastos dominios, acudiendo siempre con oportunidad adonde

331.0 1709.0 1243.0 113.0 era necesaria su presencia; tan pronto estaba en los Pirineos como en

335.0 1779.0 725.0 86.0 Alemania, y en Alemania como en Italia.

388.0 1803.0 1191.0 99.0 Era muy alto de cuerpo; tenía los ojos grandes y animados, rostro

339.0 1842.0 1242.0 108.0 alegre y franco, nariz aguileña. El papa Pascual III le colocó en el nú-

337.0 1890.0 1245.0 113.0 mero de los santos en 1453, y aún en el día se celebra su festividad en

339.0 1969.0 521.0 85.0 algunas iglesias de Alemania.

924.0 2065.0 86.0 84.0 FIN
