1677 2289
837.0 34.0 147.0 84.0 — 18 —

297.0 120.0 472.0 70.0 «¡Maldición contra mi hija,

292.0 166.0 568.0 76.0 que en tal estado me ha puesto!

296.0 223.0 411.0 58.0 Ya en palacio los Pares

293.0 265.0 441.0 64.0 recogen los bastimentos,

293.0 310.0 394.0 66.0 llevándolos a la torre,

923.0 113.0 420.0 63.0 donde recibidos fueron

921.0 158.0 428.0 59.0 de Floripes y las damas,

921.0 204.0 407.0 60.0 adonde los dejaremos,

922.0 251.0 506.0 64.0 porque en la siguiente parte

925.0 296.0 422.0 65.0 se continuará el suceso.

745.0 403.0 319.0 71.0 QUINTA PARTE

550.0 484.0 722.0 65.0 Sálvase Guy de Bergoña de un grande apuro.

321.0 527.0 1189.0 75.0 Combate en el puente de Mantible.—Paso por el puente del ejército cristiano.

329.0 625.0 387.0 64.0 Apenas el Almirante

296.0 670.0 487.0 61.0 se vió libre de aquel riesgo,

295.0 722.0 379.0 48.0 hizo venir al instante

295.0 756.0 455.0 66.0 todas las tropas del reino

296.0 804.0 455.0 63.0 para que allí se juntasen,

293.0 855.0 484.0 59.0 con intención de dar fuego

293.0 896.0 409.0 59.0 a la torre con Floripes

295.0 942.0 434.0 61.0 y sus doce compañeros;

296.0 986.0 408.0 60.0 mas pasados unos días

293.0 1030.0 478.0 59.0 hizo el Almirante acuerdo,

292.0 1077.0 388.0 57.0 de que Floripes tenía

295.0 1119.0 477.0 58.0 un cinto ceñido al cuerpo,

293.0 1164.0 485.0 64.0 que dondequiera que fuese

295.0 1209.0 388.0 62.0 no faltaría alimento;

293.0 1253.0 439.0 55.0 mandó llamar a Marpín,

293.0 1297.0 521.0 64.0 que era encantador protervo,

295.0 1344.0 318.0 59.0 y le dijo si podía

293.0 1386.0 499.0 58.0 con gran cuidado y secreto,

293.0 1436.0 424.0 59.0 ir a quitarle a Floripes

293.0 1480.0 466.0 56.0 el cinto que tiene puesto;

293.0 1526.0 466.0 58.0 se ofreció, y por la noche

295.0 1567.0 476.0 62.0 transformado en caballero

295.0 1612.0 493.0 62.0 llegó al cuarto de Floripes,

299.0 1656.0 451.0 62.0 y le atisbó el cinto luego

296.0 1704.0 419.0 58.0 debajo de la almohada,

296.0 1751.0 471.0 52.0 mas al quitarle los lienzos

296.0 1793.0 510.0 61.0 con que se hallaba abrigada,

296.0 1840.0 464.0 56.0 al mirar su hermoso seno

297.0 1888.0 439.0 55.0 no pudo irse sin tocarla

302.0 1927.0 452.0 60.0 en el carrillo izquierdo;

299.0 1977.0 404.0 53.0 despertó despavorida;

299.0 2016.0 549.0 70.0 Guy de Borgoña a este tiempo

926.0 610.0 425.0 62.0 que estaba de centinela,

927.0 657.0 447.0 61.0 acudió a los gritos luego,

930.0 704.0 487.0 56.0 y apenas llegó a la puerta,

928.0 745.0 558.0 68.0 vió a un hombre salir huyendo;

927.0 798.0 375.0 51.0 lo coge de la cintura,

928.0 838.0 427.0 62.0 y le hizo saltar los sesos

927.0 883.0 529.0 60.0 contra el umbral de la puerta,

930.0 929.0 473.0 57.0 y a la mar le arrojó luego.

931.0 975.0 425.0 60.0 En este tiempo Floripes

931.0 1019.0 509.0 63.0 ha echado el cinto de menos;

930.0 1066.0 423.0 55.0 los caballeros cristianos

930.0 1113.0 417.0 51.0 la consolaban, diciendo

932.0 1153.0 473.0 60.0 «No os dé cuidado, señora,

928.0 1200.0 551.0 62.0 que estando Dios de por medio

930.0 1250.0 442.0 59.0 no os puede faltar nada.»

930.0 1293.0 458.0 57.0 Pero el Almirante viendo

928.0 1344.0 439.0 54.0 de que Marpín no venía,

931.0 1383.0 496.0 61.0 sospechó le habrían muerto.

930.0 1426.0 411.0 61.0 Cercaron toda la torre,

931.0 1471.0 375.0 61.0 y los doce caballeros

931.0 1519.0 445.0 57.0 con mucho brío y coraje

931.0 1564.0 458.0 57.0 luego al instante salieron;

931.0 1607.0 471.0 57.0 hicieron tan gran destrozo

931.0 1654.0 510.0 57.0 que la sangre de los muertos

931.0 1697.0 421.0 60.0 corría por aquel campo

932.0 1742.0 494.0 61.0 como cuando está lloviendo

933.0 1789.0 387.0 53.0 tomaron del enemigo

931.0 1829.0 417.0 64.0 la provisión, y trajeron

932.0 1878.0 405.0 57.0 diez acémilas cargadas

931.0 1921.0 415.0 57.0 de vituallas, y camellos

932.0 1967.0 423.0 60.0 cargados de pan y vino

931.0 2010.0 452.0 70.0 más de catorce cogieron.
