1664 2316
810.0 87.0 106.0 59.0 — 6 —

239.0 178.0 454.0 48.0 y que no serán tus obras

239.0 214.0 486.0 60.0 conforme tienes tus fueros,

240.0 258.0 467.0 62.0 que con la ayuda de Dios,

240.0 304.0 507.0 56.0 dentro de muy poco tiempo

239.0 349.0 464.0 61.0 te he de llevar maniatado

241.0 392.0 442.0 62.0 a mi señor y mi dueño.»

243.0 442.0 395.0 50.0 Levantando la cabeza

244.0 479.0 532.0 65.0 vió a un hombre tan pequeño

244.0 528.0 436.0 63.0 y tan sin pelo de barba,

245.0 575.0 437.0 59.0 que traía tanto arresto:

248.0 615.0 463.0 64.0 «Vé, y dile a Carlo-Magno

247.0 661.0 498.0 64.0 que tengo por menosprecio

248.0 703.0 500.0 66.0 de emplear en ti mis armas;

249.0 750.0 488.0 64.0 eres muy niño y pequeño.»

248.0 797.0 341.0 62.0 Oliveros ofendido,

252.0 838.0 478.0 67.0 le respondió así, diciendo:

258.0 887.0 474.0 57.0 «Si en levantarte te tardas,

254.0 934.0 434.0 60.0 como valiente te hiero.»

253.0 976.0 447.0 61.0 Le amenazó con la lanza,

256.0 1017.0 458.0 68.0 y Fierabrás a este tiempo

256.0 1066.0 437.0 63.0 se puso en pie vigilante,

257.0 1111.0 440.0 57.0 estas palabras diciendo:

259.0 1154.0 446.0 63.0 «Si he de pelear contigo,

258.0 1200.0 462.0 55.0 dime tu nombre primero,

258.0 1246.0 385.0 61.0 tu calidad y nobleza,

259.0 1291.0 446.0 61.0 que si no eres caballero,

261.0 1338.0 486.0 60.0 aunque te venza en batalla,

263.0 1381.0 428.0 60.0 poco galardón espero.»

263.0 1425.0 473.0 54.0 Le replicó luego al punto:

267.0 1469.0 458.0 54.0 «Dime tu estado primero,

267.0 1513.0 503.0 61.0 y te diré el mío al instante.»

267.0 1556.0 546.0 61.0 «Sabrás que por nombre llevo

266.0 1604.0 448.0 60.0 Fierabrás de Alejandría,

266.0 1646.0 498.0 65.0 el que a nadie tuvo miedo.»

268.0 1695.0 484.0 56.0 «Pues yo me llamo Guarín,

275.0 1739.0 405.0 59.0 y soy nuevo caballero,

268.0 1782.0 421.0 61.0 la primera vez armado,

271.0 1829.0 382.0 61.0 y sólo por eso vengo

271.0 1874.0 394.0 58.0 a ganar honor y fama

272.0 1915.0 488.0 61.0 con la victoria que espero.»

271.0 1960.0 476.0 57.0 Fierabrás le dice: «Amigo,

272.0 2007.0 408.0 59.0 engañado estás en eso,

274.0 2049.0 428.0 64.0 porque si yo no tuviera

880.0 187.0 462.0 38.0 piedad de ti, ya ha tiempo

881.0 205.0 426.0 62.0 te hubiera dado muerte

881.0 249.0 449.0 55.0 como a un débil cordero.

886.0 293.0 440.0 55.0 Vé, y dile a Carlo-Magno

880.0 337.0 526.0 59.0 que me envíe aquí a Oliveros,

881.0 384.0 378.0 57.0 o al valiente Roldán,

882.0 431.0 413.0 56.0 que deseo conocerlos.»

884.0 476.0 409.0 56.0 Oliveros dice: «Amigo,

884.0 515.0 484.0 66.0 juzgo que me tienes miedo,

887.0 563.0 451.0 62.0 según la prosa que gastas

887.0 609.0 423.0 61.0 y dejas pasar el tiempo;

889.0 656.0 414.0 59.0 yo de ninguna manera

889.0 698.0 459.0 62.0 me voy de aqueste puesto

887.0 741.0 474.0 63.0 sin que te hagas cristiano,

887.0 788.0 399.0 59.0 o te lleve prisionero.»

891.0 829.0 460.0 61.0 «Guarín, tú eres porfiado,

891.0 876.0 438.0 65.0 y pues no tiene remedio

891.0 923.0 424.0 58.0 apercibete a las armas:

893.0 959.0 548.0 70.0 siempre me hallarás dispuesto.»

891.0 1012.0 433.0 62.0 Se pusieron los escudos

896.0 1056.0 473.0 62.0 y se apretaron los yelmos;

895.0 1103.0 417.0 51.0 alzó Fierabrás la lanza,

898.0 1145.0 479.0 65.0 y está con ella blandiendo;

896.0 1191.0 388.0 60.0 se retira uno de otro,

896.0 1231.0 493.0 68.0 y a la señal que se hicieron

898.0 1282.0 431.0 59.0 arrancaron los caballos,

900.0 1321.0 500.0 66.0 y fué tan recio el encuentro

900.0 1367.0 507.0 66.0 de los dos tremendos golpes

902.0 1415.0 508.0 59.0 que el uno al otro se dieron,

902.0 1456.0 500.0 67.0 que se quebraron las lanzas,

903.0 1501.0 449.0 64.0 y ambos a dos caballeros

904.0 1547.0 443.0 62.0 sobre el arzón de la silla

904.0 1594.0 502.0 64.0 quedaron los dos de pechos;

905.0 1641.0 472.0 58.0 meten mano a las espadas,

905.0 1681.0 463.0 68.0 y como lobos sangrientos

908.0 1729.0 450.0 60.0 se embisten segunda vez,

908.0 1767.0 487.0 70.0 dándose golpes muy recios;

909.0 1812.0 464.0 63.0 más de dos horas y media

909.0 1861.0 402.0 62.0 duró el combate fiero.

911.0 1904.0 364.0 65.0 Cansados de pelear,

912.0 1951.0 468.0 58.0 mal heridos y sangrientos,

913.0 1996.0 465.0 61.0 Fierabrás le pidió treguas,

913.0 2040.0 430.0 67.0 estas palabras diciendo:
