1641 2371
709.0 198.0 114.0 62.0 — 19 —

125.0 296.0 412.0 37.0 Llevándolos a la torre,

123.0 320.0 422.0 63.0 pero el noble caballero

123.0 370.0 452.0 55.0 llamado Guy de Borgoña

125.0 410.0 537.0 62.0 se quedó envuelto entre ellos;

126.0 457.0 399.0 61.0 y reparando Floripes

125.0 503.0 445.0 54.0 que faltaba un caballero,

127.0 549.0 388.0 58.0 y el valeroso Roldán

126.0 591.0 560.0 58.0 que también lo echó de menos,

127.0 638.0 445.0 61.0 volvieron para buscarlo,

127.0 683.0 448.0 62.0 mas ya estaba prisionero

127.0 728.0 443.0 55.0 en poder del Almirante,

126.0 770.0 575.0 63.0 quien mandó luego al momento

130.0 821.0 427.0 53.0 que pusieran una horca

127.0 864.0 433.0 55.0 a vista del campamento;

130.0 911.0 398.0 51.0 ejecutáronlo al punto

130.0 957.0 457.0 55.0 con algazara y estruendo;

130.0 998.0 445.0 54.0 sacan a Guy de Borgoña

131.0 1041.0 489.0 60.0 dándole golpes muy recios,

131.0 1088.0 464.0 57.0 tirándole muchas piedras

774.0 1124.0 428.0 66.0 ya que iba algo distante,

131.0 1130.0 601.0 63.0 desde el grande hasta el pequeño;

131.0 1177.0 381.0 62.0 reparó Ricarte y vió

131.0 1227.0 404.0 55.0 que iba su compañero

131.0 1265.0 484.0 58.0 llegando al pie de la horca,

133.0 1309.0 444.0 63.0 y luego le van subiendo;

133.0 1358.0 477.0 60.0 se partió luego al instante

133.0 1400.0 495.0 62.0 con dos de sus compañeros,

135.0 1448.0 415.0 61.0 se llegó hasta la horca,

135.0 1497.0 430.0 56.0 y con su cortante acero

134.0 1534.0 402.0 63.0 cortó la soga, y le dió

134.0 1581.0 460.0 54.0 al que le estaba subiendo

138.0 1625.0 498.0 61.0 tan gran golpe en la cabeza,

135.0 1676.0 427.0 57.0 que lo derribó al suelo;

135.0 1718.0 459.0 60.0 arman a Guy de Borgoña

137.0 1762.0 506.0 62.0 con armas que allí cogieron,

137.0 1807.0 440.0 60.0 y así que se vió armado,

137.0 1850.0 493.0 58.0 eran sus golpes tan ciertos,

138.0 1892.0 477.0 64.0 que siempre buscando iba

137.0 1941.0 486.0 58.0 los más peligrosos puestos.

137.0 1985.0 543.0 64.0 Les ganaron a Aguas-Muertas,

141.0 2031.0 428.0 62.0 y el Almirante huyendo

138.0 2078.0 412.0 59.0 se retiró a otra ciudad,

138.0 2122.0 452.0 64.0 a dos leguas poco menos;

138.0 2169.0 432.0 62.0 los caballeros cristianos

764.0 295.0 471.0 36.0 recogieron los pertrechos,

764.0 314.0 431.0 64.0 y volviéndose a la torre

764.0 364.0 438.0 53.0 con vivas los recibieron,

767.0 407.0 423.0 65.0 y a la princesa Floripes

765.0 458.0 427.0 51.0 le entregaron su dueño.

764.0 493.0 486.0 64.0 Don Roldán dijo: «Señores,

767.0 541.0 379.0 54.0 uno de los caballeros

765.0 587.0 438.0 57.0 es menester que se vaya

765.0 629.0 485.0 62.0 con gran cuidado y secreto

765.0 675.0 477.0 66.0 a dar parte a Carlo-Magno,

765.0 721.0 439.0 62.0 que nos envíe refuerzo.»

767.0 774.0 416.0 53.0 Ricarte dijo: «Señores,

767.0 811.0 450.0 62.0 el ir solo bien me atrevo,

768.0 857.0 488.0 61.0 que sé muy bien el camino;

767.0 903.0 473.0 61.0 tan sólo al puente le temo,

768.0 944.0 436.0 63.0 pero al fin yo daré traza

768.0 993.0 423.0 59.0 a ver si pasarlo puedo.»

768.0 1037.0 393.0 62.0 Se despidió diligente,

768.0 1084.0 432.0 54.0 y tomó el camino luego;

769.0 1172.0 443.0 55.0 oye que con gritos fieros

769.0 1215.0 444.0 65.0 del campo del Almirante

769.0 1260.0 459.0 65.0 pronunciaban estos ecos:

775.0 1306.0 528.0 63.0 «Aquél, que va a Carlo-Magno,

769.0 1351.0 531.0 65.0 prenderle luego al momento.»

772.0 1404.0 457.0 50.0 El rey Clarión que estaba

772.0 1442.0 420.0 58.0 observándolo soberbio,

771.0 1491.0 412.0 55.0 dice: «Yo sólo he de ir

773.0 1530.0 455.0 59.0 y lo daré vivo o muerto.»

772.0 1576.0 505.0 62.0 Lo alcanzó en un breve rato,

775.0 1620.0 413.0 59.0 y le dice con denuedo:

776.0 1664.0 415.0 60.0 «Dí, villano, dónde vas;

773.0 1716.0 419.0 50.0 ríndete aquí prisionero

773.0 1757.0 367.0 59.0 o te quitaré la vida.»

775.0 1800.0 359.0 59.0 Ricarte dijo severo:

776.0 1846.0 473.0 60.0 «A bien que solos estamos,

775.0 1891.0 452.0 53.0 ahora aquí nos veremos.»

775.0 1936.0 483.0 53.0 Metieron mano a sus lanzas

775.0 1982.0 482.0 53.0 dándose recios encuentros;

777.0 2025.0 422.0 58.0 pero de allí a poco rato

777.0 2071.0 435.0 56.0 Ricarte logró su intento,

777.0 2119.0 377.0 55.0 lo derribó de la silla,

778.0 2161.0 482.0 69.0 y así que lo vió en el suelo
