1660 2319
833.0 96.0 78.0 54.0 — 7 —

230.0 166.0 409.0 55.0 «Paremos a descansar,

228.0 212.0 449.0 57.0 porque ningún caballero

234.0 258.0 467.0 55.0 tanto me duró delante,

229.0 298.0 469.0 60.0 ni ha fatigado mi esfuerzo

228.0 350.0 486.0 51.0 ninguno en aqueste mundo

229.0 391.0 429.0 57.0 sino tú, mas yo no creo

228.0 436.0 455.0 56.0 que seas el que me dices,

228.0 484.0 479.0 54.0 sino un genio del infierno.

228.0 528.0 484.0 58.0 Así, quiero que me aclares,

228.0 577.0 409.0 55.0 palabra de juramento,

230.0 617.0 500.0 61.0 por aquel Dios que veneras

230.0 663.0 529.0 61.0 y aquella que está en el cielo,

230.0 707.0 455.0 58.0 que me digas la verdad.»

234.0 758.0 450.0 57.0 Y le respondió Oliveros:

871.0 155.0 469.0 66.0 «Pagano, ¿quién te enseñó

868.0 204.0 500.0 58.0 con tal modo y tanto acierto

868.0 252.0 446.0 58.0 a conjurar los cristianos

871.0 300.0 448.0 55.0 que no se nieguen a ello?

868.0 340.0 447.0 59.0 Sabrás por cierta verdad

868.0 383.0 486.0 58.0 que soy el conde Oliveros. »

868.0 431.0 469.0 63.0 Fierabrás le dice: «Amigo,

868.0 477.0 436.0 55.0 me alegro de conoceros,

868.0 521.0 398.0 61.0 y perdona los desaires

867.0 565.0 434.0 64.0 que te hice de primero.»

864.0 613.0 423.0 59.0 Dejemos en este estado

867.0 663.0 381.0 55.0 este tratado primero,

864.0 706.0 469.0 52.0 que en otra segunda parte

863.0 748.0 405.0 63.0 se dirán otros sucesos.

677.0 858.0 347.0 73.0 SEGUNDA PARTE

338.0 930.0 1019.0 63.0 Prosigue el tenaz combate entre el valeroso Oliveros y su contrario

306.0 977.0 1076.0 67.0 el esforzado Fierabrás.— Conversión de Fierabrás al cristianismo.

269.0 1075.0 412.0 51.0 Ya en la primera parte

230.0 1114.0 414.0 55.0 dije que los caballeros

230.0 1163.0 455.0 46.0 se quedaron en el campo

230.0 1205.0 478.0 48.0 mal heridos y sangrientos,

231.0 1250.0 445.0 58.0 y después de descansar,

230.0 1293.0 467.0 57.0 Fierabrás dijo a Oliveros:

239.0 1337.0 522.0 55.0 «Has de saber, noble Conde,

230.0 1384.0 540.0 55.0 que he estimado el conoceros;

233.0 1427.0 421.0 61.0 y ahora, si tú quisieras,

231.0 1472.0 466.0 62.0 hiciéramos un propuesto:

230.0 1521.0 428.0 57.0 de que olvidaras tu ley,

231.0 1566.0 431.0 59.0 y te vendrás a mi reino,

231.0 1609.0 486.0 56.0 te casarás con mi hermana,

231.0 1654.0 468.0 51.0 dama de virtud y aprecio,

230.0 1700.0 436.0 55.0 Floripes, bella princesa,

231.0 1741.0 473.0 61.0 y mis padres de sus reinos

230.0 1789.0 458.0 58.0 te darán parte de tierras;

230.0 1833.0 536.0 60.0 también yo hiciera lo mesmo,

231.0 1878.0 472.0 60.0 y que luego los dos juntos

229.0 1923.0 459.0 53.0 entrásemos a ese Imperio

231.0 1968.0 448.0 57.0 a destronar Carlo-Magno,

230.0 2020.0 532.0 51.0 haciendo siempre el concepto

230.0 2062.0 431.0 68.0 que todo lo conquistado

866.0 1066.0 360.0 58.0 será para ti, y luego

867.0 1115.0 367.0 52.0 te colocarán por rey

867.0 1158.0 429.0 55.0 de este poderoso reino.»

866.0 1199.0 413.0 58.0 Oliveros dijo: «Amigo,

866.0 1244.0 424.0 57.0 no me platiques en eso;

867.0 1276.0 506.0 80.0 ¿cómo quieres que yo olvide

864.0 1328.0 506.0 63.0 a un Dios tan sabio y bueno,

864.0 1373.0 446.0 69.0 que con su grande poder

866.0 1421.0 426.0 59.0 creó la tierra y el cielo,

867.0 1460.0 435.0 67.0 aves, plantas y animales

867.0 1509.0 495.0 62.0 y todo cuanto hay terréneo,

866.0 1552.0 427.0 63.0 para adorar a tus dioses

867.0 1596.0 478.0 67.0 que son falsos a más serlo,

866.0 1637.0 504.0 70.0 inventados por los hombres?

866.0 1686.0 467.0 67.0 mejor será y más perfecto

866.0 1730.0 474.0 69.0 que tú te vuelvas cristiano,

868.0 1780.0 398.0 63.0 y serás mi compañero

866.0 1826.0 366.0 57.0 para defender la Fe

866.0 1861.0 513.0 70.0 de Cristo, Redentor nuestro. »

866.0 1909.0 446.0 68.0 Fierabrás dijo: «Eso no.»

868.0 1955.0 428.0 62.0 Y se retiró un momento

866.0 2007.0 411.0 56.0 por sacar unos licores,

867.0 2040.0 514.0 72.0 y tomando un sorbo de ellos,
