1699 2400
820 164 132 80 — 14 —

257 262 444 43 y en la mitad del camino

256 293 462 67 don Roldán vido a lo lejos

254 340 435 64 un escuadrón que venía,

256 390 426 56 y partió a reconocerlos;

254 430 435 63 buen trecho se adelantó,

253 477 431 59 y ellos así que lo vieron

252 521 349 59 salió para recibirle

250 564 387 62 el que iba delantero;

250 606 474 67 le preguntó que quién era.

257 656 451 60 —Somos siete caballeros,

253 698 441 62 vasallos de Carlo Magno,

250 748 480 61 que pasamos con un pliego

246 789 346 59 al almirante Balán.

252 832 540 65 —No me es posible el creeros;

246 881 468 57 y así, entrégame las armas

248 926 374 59 y ríndete prisionero,

246 970 416 60 que te prometo la vida.

248 1014 441 63 Y le respondió resuelto :

253 1058 604 67 «¿Cómo he de entregar las armas?

244 1102 430 56 Dirían mis compañeros

245 1146 471 64 que no soy para llevarlas.»

246 1192 404 62 Y el africano soberbio

241 1237 456 59 puso la mano en su lanza,

242 1281 503 65 y Roldán, como más diestro,

240 1328 480 77 al turco le guardó el golpe,

238 1374 450 62 e hizo el suyo tan cierto,

238 1421 396 60 que le sacó de la silla

241 1465 493 61 y a sus pies le dejó muerto.

237 1508 473 61 Los otros luego al instante

237 1554 457 63 con furor le acometieron;

236 1596 356 57 bizarro se defendía,

238 1642 459 62 y cuando sus compañeros

236 1690 405 60 llegaron para ayudarle

234 1737 403 59 ya tenía siete muertos;

897 257 464 59 pero el príncipe de Túnez

897 309 531 56 pretendió escaparse huyendo,

898 353 443 55 y Ricarte de Normandía

897 400 389 54 salió para detenerlo,

897 438 520 59 mas se le perdió en el monte,

896 485 482 59 y volvió a sus compañeros;

893 532 465 58 mas viendo que ya tenían

893 576 504 60 sobre unos catorce muertos,

894 618 455 59 desgarretan los caballos

894 662 463 63 y en consulta se pusieron,

893 708 405 60 si irían a Carlo Magno

892 754 429 58 a dar cuenta del suceso.

889 796 493 65 Don Roldán dijo: «Señores,

890 845 454 59 ¿qué dirán los caballeros,

889 890 427 55 que nos volvemos atrás

890 934 474 59 temerosos de los riesgos?»

889 978 485 59 Llegaron por fin al puente,

888 1026 502 55 y el duque Naimes, discreto,

886 1066 444 66 engañó al gigante, y dijo

892 1117 448 60 cómo iban con un pliego

885 1161 404 53 a entragar a Fierabrás

884 1205 440 52 por los cinco caballeros.

885 1249 427 59 El cual con esta noticia

882 1293 494 55 les dió puerta franca luego.

882 1340 542 60 Llegaron hasta Aguas Muertas,

881 1390 503 48 y el Almirante, entendiendo

880 1430 445 62 que vendría la embajada

878 1474 431 60 por los cinco caballeros

880 1518 432 60 en cambio de Fierabrás,

878 1562 470 64 mandó a su Maestre luego

877 1609 487 61 que los hospede en su casa,

876 1656 412 58 adonde los dejaremos,

876 1702 504 59 porque en la siguiente parte

874 1745 495 60 daré de ellos cumplimiento.

697 1858 328 64 CUARTA PARTE

234 1913 1244 79 Amores de la princesa mora con Guy de Borgoña.— Manda el Almirante

294 1970 1118 71 prender a los embajadores. — Insurrección de los prisioneros de la torre.

265 2050 455 63 Aquél príncipe de Túnez,

230 2093 468 61 el que se escapó huyendo,

229 2137 479 71 llegó, y dijo al Almirante :

874 2057 422 63 «Señor, siete caballeros

872 2105 421 53 en la mitad del camino

870 2149 463 65 nos salieron al encuentro;
