1860 2629
1119 233 252 82 (Núm. 93.)

320 348 1028 105 LAS BROMAS DE LAS MUGERES.

292 1209 1161 121 RELACION JOCOSA Y VERDADERA

195 1307 1358 118 de los trágicos azares que ocasionan las mugeres amigas de bromas

199 1364 1351 138 y licores á sus pobres maridos, sin atender al corto jornal que ganan,

563 1424 636 118 con lo demas que verá el lector.

673 1606 431 88 PRIMERA PARTE.

265 1719 500 74 Hoy pretende mi rudeza

225 1771 458 67 á mi auditorio esplicar,

225 1814 524 80 lo que hacen las mugeres

226 1869 507 67 cuando salen á comprar.

230 1913 490 74 Hablaré por las casadas,

235 1968 440 70 las de corto zagalejo,

236 2009 431 76 con la mantilla caida

257 2057 435 76 y de mediano gracejo.

242 2107 446 75 Estas salen á las ocho

246 2154 483 74 á la plazuela á comprar,

246 2203 537 68 llevan la cesta en el brazo,

254 2250 545 92 y á otras suelen encontrar.

900 1688 533 80 Aunque no sean conocidas

907 1743 494 60 se saludan cortesmente,

919 1786 474 76 y dice: vamos, vecinas,

917 1835 466 72 á beber el aguardiente,

914 1887 472 68 Dice la mas descarada:

921 1925 507 78 eche usted unas copitas,

926 1971 535 89 porque estoy mas asustada

927 2030 504 71 que las ánimas benditas.

938 2066 512 89 ¿Qué tienes, dice la otra,

935 2117 507 84 que estás tan acongojada?

938 2164 523 79 Te lo diré si me escuchas,

933 2218 450 101 palabra sobre palabra.
