1860 2629
261 349 644 97 De manera, hombre, que estoy

268 411 464 78 enteramente aburrida,

268 455 605 82 que no he podido hacer mas

271 508 515 74 que atender á la comida.

271 553 493 79 El marido le responde:

274 603 503 79 has atendido muy bien,

284 654 522 76 ¿no te dije que á las doce

281 703 503 74 habia de venir á comer?

281 744 595 81 Pon la mesa y vamos pronto,

287 798 539 75 que yo me voy á marchar,

293 848 500 75 y sin comer no me voy,

295 896 460 76 que tengo de trabajar.

293 944 544 74 Deja, le echaré la especia

299 991 475 78 y unos granitos de sal,

299 1039 536 72 mientras tanto en el plato

300 1086 505 76 las sopas puedes cortar.

305 1136 478 76 Ya remojaron las sopas

303 1187 550 73 y han principiado á comer,

303 1228 591 80 cuando notan de que el caldo

308 1291 429 64 amargaba como hiel.

309 1323 592 77 Muger de dos mil demonios,

312 1374 531 80 ¿dónde tienes el sentido?

321 1429 552 73 ¿ te has empeñado en estar

318 1470 561 81 en campal guerra conmigo?

318 1520 530 79 Esto no es para cristianos,

319 1570 515 81 al punto esas sopas quita,

328 1622 465 75 y porque nadie las vea

327 1669 426 74 échalas en la garita.

328 1707 491 82 Los garbanzos en la olla

331 1759 491 78 todos se habian pegado,

338 1803 570 86 y con la fuerza de la lumbre

340 1862 437 65 se habian asocarrado.

346 1898 568 86 Y viendo aquesto el marido,

343 1955 504 76 todo falto de paciencia,

346 2003 489 79 olla, comida y cucharas

344 2053 443 83 se lo tiró á la cabeza.

957 347 514 66 Con un hueso de la carne

961 394 467 64 como era de la cabeza,

961 439 527 69 se le ha clavado en un ojo

973 481 531 76 y cayó al suelo traspuesta.

965 534 485 66 Maldiciendo su fortuna

970 579 536 70 se fué el pobre á trabajar,

976 620 593 92 y ella volviendo á su acuerdo

977 687 441 66 á comenzado á gritar.

983 730 462 70 Favorecerme, vecinas,

987 777 506 71 que me mata mi marido,

986 822 518 77 llamen la justicia, y esta

987 866 577 84 que lo ponga en un presidio.

987 921 402 73 Acude la vecindad,

995 962 520 85 y viéndola ensangrentada

992 997 650 99 la dicen: ¿por qué ha sido esto?

996 1063 530 76 y ella responde: por nada.

992 1108 517 79 Llaman en fin al alcalde,

999 1162 462 78 y con él á un cirujano,

1002 1212 437 74 y atajándola la sangre

1000 1263 446 63 á su marido llamaron.

999 1302 482 82 Este dando su descargo

1000 1358 455 73 en buena declaracion,

1002 1403 459 78 por curarla al cirujano

1002 1441 532 86 tuvo que darle un doblon.

1002 1497 500 83 Al alcalde tres ducados,

1003 1554 478 61 al mimistro una peseta,

1012 1593 418 79 y por último remate

1012 1640 514 81 se quedó la muger tuerta.

1015 1692 476 70 Esto sucede á menudo,

1016 1739 464 75 nadie lo puede dudar:

1024 1765 646 101 ¿qué haya hombres viendo esto

1027 1835 454 76 que se atrevan á casar?

1024 1885 453 73 Ojo alerta, caballeros,

1025 1932 488 73 tomar en esto dechado,

1028 1979 563 74 mientras merece el perdon,

1033 2025 511 89 el autor, Pablo Cruzado.

929 2183 143 85 FIN.

365 2312 1332 119 Madrid.—1850. Imprenta de D. J. Marés, calle de Relatores, núm. 17.
