1910 2634
138 228 384 48 Al poble van arribá

96 263 430 57 y del firal á la plassa

92 302 465 62 lo pitéu ab molta trassa

92 362 448 52 en un pilá 'l va fermá.

138 401 474 59 Hi havía á terra, parada

90 434 458 64 de vasos, de casserolas,

92 487 511 59 de pláts, topins y cassolas

92 533 483 64 y molta pisa escampada.

138 577 443 63 Aquell crach aixeridet,

92 614 485 70 molt satisfet y mol terna

90 669 509 59 sen va aná á una taberna,

87 711 483 61 es clá, cap á fe'l cuartet.

140 755 353 57 Un rato va reposá

87 798 619 60 com qui diu «no m' encaparro»

87 845 457 57 allí va fe 'l seu cigarro

90 888 441 69 y junt ab altres garlá.

136 937 507 63 Esplicán que duya un ase

90 974 544 73 que era mol valén y tendre,

94 1029 481 59 y que éll lo volía vendre

94 1075 492 55 y entornarsen cap á casa.

138 1108 478 61 Mentres éll se estaba allí

87 1152 501 66 parlán ab molta catxassa,

90 1205 513 61 escoltéu lo que á la plassa

87 1251 446 55 al ruch li va suchsehí.

138 1292 483 60 Un xicot de molta gresca

85 1336 481 53 allí al burro 's va acostá

90 1380 379 62 y á l' aurella li ficá

90 1420 518 66 ensesos dos mistos d' ésca.

131 1466 488 68 Lo burro, al sentirse alló

85 1507 578 66 que 'l cremava ab gran excés

85 1556 553 72 de cossas non vulguéu mes;

87 1602 382 61 estava que feya pó.

129 1639 538 77 Se va rompre las murrallas,

83 1692 369 59 no podía assosegá,

87 1727 404 70 tot lo de terra axafá,

85 1775 512 73 y la gent ab grans riallas.

131 1819 501 64 L' amo de aquella parada

83 1872 547 61 cuan va veure aquell desfet,

81 1911 529 68 se va torná boig y ximplet

85 1957 479 60 de veures l' obra xafada.

133 2006 477 61 Va arreplegá un samalé,

81 2043 586 70 y al burru, sens cumpliments,

79 2091 520 60 de cops ni va doná á cents

81 2137 463 64 deixantlo tot fet malbé.

129 2179 514 70 ¡Pobre animal!.... va fugí;

81 2214 472 70 alló semblava una fiera,

83 2274 419 59 y feu cap á una riera

83 2322 551 114 y alli crech que 's va abaltí.

902 223 437 64 Lo pagés torná al firal

854 269 487 69 per vendre 'l burro aviat,

854 320 485 57 y va quedá mort, glassat

851 366 411 59 al no trobá l' animal.

847 443 452 70 lo que havía suchsehit;

904 401 465 64 Va preguntá y li van dí

849 493 492 64 «que 'l burro havía fugit

847 539 522 66 y 'l mal que hi havía allí».

847 627 404 60 era seu, que pagaría

893 581 525 88 Que si aquell burro malvat

847 671 529 64 tot lo mal que allí hi havía,

845 719 487 58 y aixó tot com á amistat.

843 803 465 64 y va dí: que no era seu;

891 763 516 60 Lo pagés va pensá un rato

843 851 509 64 y va anyadí ab baixa veu:

843 897 553 62 «si d' acás lo trobo 'l mato».

884 943 488 57 Nada que 'l va abandoná

840 978 510 88 perquè no 'l fes sufrí mes,

843 1033 419 64 y sense ruch ni dinés

840 1073 525 66 al seu poble s' en va torná.

884 1119 494 64 Dos gitanos mol trempats

836 1158 529 82 que també á la fira anavan,

838 1209 408 59 per la riera passavan

840 1253 514 68 y 's van quedá tots parats.

884 1301 534 66 Lo mes vell se 'n va adoná;

838 1345 483 61 y com si alló no fos cert,

845 1385 564 90 va di: Batu, ay, quin Quért (1)

843 1431 382 70 va tot sol á pastorá.

884 1472 477 82 L' altra va dí: mala sort,

838 1525 448 61 ya podém tocá gelén (2)

836 1565 516 70 ¿sentiu quina cantipén? (3)

836 1615 511 57 anemsen que deu se mort.

882 1657 586 77 No que s' viu va dí 'l mes vell

834 1701 524 72 «á gelát (4) del seu cuartel

838 1747 514 66 perque de tan de marel (5)

834 1791 415 59 li foradaban la pell.»

875 1830 389 68 Li van la cua agafá

834 1872 437 74 dantli bonas estiradas,

834 1922 509 66 y ab tres ó cuatra patadas

834 1971 439 61 al últim lo van fe alsá.

873 2008 466 61 «A salao, ya está dret»

838 2047 466 66 va dí 'l jove tan contén:

834 2098 507 68 «nada nada, fem gelén (6)

836 2146 606 70 que 'n treurém algún cuartet».

875 2190 341 57 A la fira van aná

834 2225 582 75 lo burro y aquells dos garenos

864 2274 681 59 (1) Quért: vol dir burro. (2) Gelén: fugí. (3) Can-

836 2271 718 167 tipén: pudó (4) Gélat: fugit. (5) Marél: cops

845 2348 246 114 (6) Gelén: fugim.
