1032 1435
144 77 387 40 Alexandro, pues todos estos

138 110 394 39 Pronosticos, y Almanakes

136 144 396 43 condenan, y reprueban los

132 180 400 43 Santos Padres San Basilio,

131 217 401 49 San Agustin, Teodoreto,

134 252 398 51 y otros, y la Sagrada Es-

129 292 400 47 critura no puede estar mas

126 331 403 45 clara en varios Lugares,

125 364 404 47 aconsejandonos, que huya-

124 401 405 41 mos de las vanas predicio-

124 440 405 45 nes de los Astrologos; y

120 478 401 44 especialmente nos dice por

120 510 401 48 Jeremias : que no queramos

120 545 401 46 temer las señales del Cielo

118 581 395 49 así como los Gentiles ; por-

118 620 395 46 que todas las Leyes de estos

116 660 397 41 Pueblos barbaros son vanas

121 694 253 44 y supersticiosas.

147 725 357 49 En el quinto dia crió

112 764 392 46 Dios las Aves, y los Peces,

112 800 392 46 quienes fueron producidos

111 839 393 47 de las mismas aguas. De los

111 874 393 47 Peces no se duda ; de las

108 910 396 49 Aves hay algunos reparos:

107 945 397 46 pero los mas asienten á la

108 981 391 48 afirmativa. En el sexto dia

105 1017 394 52 produxo Dios los animales

107 1059 392 43 terrestres ; y en este mismo

108 1094 391 44 dia fue quando el Soberano

105 1126 394 47 Artifice crió al HOMBRE

107 1165 392 46 á su imagen y semejanza: Fa-

105 1200 394 47 ciamus HOMINEM ad ima-

107 1236 392 55 ginem, et similitadinem nos-

106 1276 83 57 tram.

590 91 359 25 Quedó para lo ultimo

551 109 396 42 de sus maravillosas obras la

547 148 392 40 formacion del hombre ; y

545 179 400 43 al primer hombre que crió

545 214 399 45 le llamó ADAN, de la voz

545 253 399 48 Adama, que significa en el

545 290 390 48 Hebréo tierra virgen ; y

543 328 396 45 aura, segun San Gerony-

542 362 394 48 mo : de la qual fue forma-

542 399 396 49 do el primer hombre que

543 437 393 48 vino al mundo. Algunos

531 471 401 46 Santos Padres, aunque no

531 509 396 44 fundados en la Escritura, di-

532 547 394 46 cen, que este nombre Adam,

531 583 393 47 escrito con letras griegas,

531 619 396 49 corresponde cada una de

531 655 394 46 ellas á las iniciales con que

532 689 392 50 se nombran las quatro par-

531 729 386 48 tes del mundo, Oriente,

532 766 380 45 Occidente, Septentrion, y

533 801 385 45 Mediodia ; porque de to-

527 843 392 43 das quatro partes fue cogi-

527 874 388 45 da la tierra de que se formó

521 913 393 40 Adan, como que Adan ha-

523 945 394 42 bia de tener poder sobre to-

525 981 388 49 do el mundo. Hallase este

524 1022 387 42 sentir en las obras de San

524 1053 359 49 Cypriano, y San Agustin.

551 1091 364 43 Prescribese evidente la

518 1125 390 50 dignidad de su excelencia

518 1162 393 45 en la estupenda maquina

523 1199 388 48 del Orbe, que fabricó la

523 1235 389 50 mano Omipotente para

853 1273 58 41 do-
