1025 1453
75 102 387 47 manos con belleza, com-

72 144 389 44 puso el pecho con hidal-

72 179 392 44 guía, apretó la cintura

71 217 393 45 con gracia, sacó los pies

72 253 392 43 con delicadeza, y finalmen-

71 291 392 41 te corrió todo el cuerpo

72 325 394 44 con valentía, adornandole

72 363 390 43 con disposiciones perfectas,

75 399 387 44 con partes heterogeneas, y

75 434 359 43 con oficinas acomodadas.

105 468 364 42 Hecho esto, convocó

75 506 394 43 á toda la naturaleza pa-

78 542 391 39 ra epilogar en la estatura

79 580 387 40 del hombre su perfeccion

79 614 387 41 toda. Trasladó á la cabeza

77 649 395 39 la orbicular perfeccion de

79 687 393 42 la Esfera, copió en los ojos

78 723 394 43 los Astros, reservó para la

79 759 395 44 respiracion el ayre, desti-

79 795 395 44 nó para el calor natural el

79 832 395 43 fuego, en el humedo radi-

80 868 396 43 cal trasladó el agua, y en

79 904 396 42 carne, y huesos, alterna-

80 937 396 45 dos con variedad, y her-

82 975 394 42 mosura, recopiló la mez-

82 1011 398 44 cla de robustos escollos,

82 1046 398 42 con que se dilata la tier-

84 1083 396 42 ra. Echó luego mano de

83 1118 397 41 las propiedades de los As-

84 1155 400 43 tros, estampando en el

87 1191 397 39 hombre sus inclinaciones.

85 1225 399 52 Dióle de Saturno la espe-

489 111 391 36 culacion discursiva ; de Ju-

488 146 388 44 piter la agilidad, y alegria;

486 178 391 41 de Marte el irascible ar-

486 214 390 45 dor ; del Sol la indole ma-

487 254 389 43 gestuosa; de Venus la apa-

483 288 393 45 cibilidad ; de Mercurio lo

487 325 390 43 ingenioso ; de la Luna lo

484 361 314 44 fecundo, y mudable.

516 398 360 43 Distribuyó luego en to-

487 436 390 40 das sus partes, y miem-

490 468 386 42 bros la cuidadosa influen-

490 504 387 44 cia de los celestiales Signos

490 542 389 40 con maravillosa, y sabia

488 579 6 39 industria; porque la cabe-

494 614 380 41 za la sujetó á el Ariete.

494 649 385 38 el cuello á Tauro, los bra-

494 687 386 42 zos á Geminis, el pulmon

494 722 386 43 á Cancro, el pecho, y co-

492 758 388 44 razon á Leon, al Signo

492 794 389 44 de Virgo sujetó los in-

492 830 388 42 testinos, y vientre, la cin-

495 866 387 44 tura á Escorpion, las cade-

495 904 387 40 ras á Libra, los muslos á

495 938 387 44 Sagitario, las rodillas á

495 974 387 42 Capricornio, los pies á Pis-

497 1010 386 44 cis, y las piernas á Aqua-

497 1046 383 43 rio. O Sabiduria inmensa, y

497 1082 388 42 qué esmero pusisteis en la

497 1117 389 40 formacion del hombre ! Prue-

498 1155 386 43 ba de que le formabas pa-

499 1191 342 40 ra blanco de tus cariños.

498 1227 386 50 Despues de todo esto,

703 1265 36 45 B

829 1272 59 53 em-
