1033 1435
824 23 42 53 7

71 67 389 44 domicilio de su trono. El

75 104 386 42 Cielo, el Sol, la Luna, las

75 142 387 40 Estrellas, y el vasto resto

74 177 389 45 de innumerables criaturas,

77 212 392 45 todas fueron obras del Agen-

77 251 395 41 te Divino, providenciando

80 287 393 42 en esto lo que practican las

79 319 393 49 Ciudades en el recibo de

82 357 390 45 sus Principes, que adornan

81 397 391 41 sus Palacios con exquisita

82 437 390 40 magestad, para demostra-

87 466 385 43 cion de su grandeza. A esta

82 502 390 42 semejanza ( dice San Juan

83 536 389 45 Chrisostomo procedió nues-

83 581 396 39 tro Dios en la produccion

83 611 396 45 de tantas entidades, para

86 645 393 48 darnos á entender el apre-

86 684 393 46 cio elevado que alcanzaba

90 719 395 48 en su estima la criatura hu-

90 755 395 49 mana. Todo el junto de las

90 791 395 44 obras de Dios, sacadas del

93 827 395 44 abysmo de la nada, en la

93 864 395 49 produccion de los primeros

89 901 399 43 dias, y puestas en forma

90 936 401 48 de un Real Trono ( afirma

92 972 399 42 San Basilio) esperaban al

94 1008 397 49 hombre para dominio de su

98 1042 393 48 Imperio. Quánto será el

101 1079 390 49 valor de su excelencia natu-

96 1116 395 42 ral, quando la mano Omni-

99 1152 397 48 potente puso tan alto esme-

100 1188 396 42 ro en adornar su habitacion?

102 1224 394 57 Innumerables perfecciones

484 66 391 45 habia echado Dios en la

484 107 394 42 Luz, en los Astros, en el

486 145 390 43 Cielo, en las aguas, y en

488 181 391 39 la tierra, y en otras quasi

484 215 395 41 infinitas entidades que pro-

491 248 387 44 duxo su diestra antes que

491 283 388 48 formase la humanidad de

490 321 392 48 nuestro sér ; pero en nin-

496 361 390 42 guna de estas sosegaba el

491 394 394 44 Señor. Veo en la Escritura

496 431 390 48 ( dice San Ambrosio ) que

496 466 386 45 crió los Cielos ; pero no

496 502 389 45 leo que descansase en esta

496 545 392 37 fabrica. Veo que crió la

501 576 387 42 tierra ; pero no leo que des-

501 612 387 45 cansase en ella. Veo que crió

501 650 389 42 al Sol ; la Luna, y otros As-

500 685 391 42 tros; pero no leo que des-

505 719 387 46 cansase en ellos. Mas des-

505 754 391 49 pues me dice, que crió al

505 792 389 46 hombre ; y al instante leo

508 827 307 44 que descansó en él.

508 861 386 45 Dispuso el Soberano Ar-

508 899 389 42 tifice, que el hombre fuese

509 935 387 43 la ultima operacion de sus

508 971 392 40 maravillosas obras, como

508 1005 393 50 que habia de ser forma-

509 1048 393 40 do á su imagen y semejan-

512 1078 390 46 za. Portóse en su fabrica,

513 1114 391 48 dice San Ambrosio, como

515 1151 391 47 el que forma un libro de

515 1187 393 44 cuentas, que va sacando al

515 1225 392 54 margen varias partidas, unas

831 1265 77 48 gran-
