<?xml version="1.0" encoding="UTF-8"?>
<alto xmlns:xsi="http://www.w3.org/2001/XMLSchema-instance"
      xmlns="http://www.loc.gov/standards/alto/ns-v4#"
      xsi:schemaLocation="http://www.loc.gov/standards/alto/ns-v4# http://www.loc.gov/standards/alto/v4/alto-4-2.xsd">
  <Description>
    <MeasurementUnit>pixel</MeasurementUnit>
    <sourceImageInformation>
      <fileName>Varios_445_3.jpg</fileName>
      
    </sourceImageInformation>
  </Description>
  
  <Tags>
    <OtherTag ID="BT225" LABEL="GraphicZone:ornamentation" DESCRIPTION="block type GraphicZone:ornamentation"/><OtherTag ID="BT226" LABEL="MainZone" DESCRIPTION="block type MainZone"/><OtherTag ID="BT228" LABEL="MarginTextZone:colophon" DESCRIPTION="block type MarginTextZone:colophon"/><OtherTag ID="BT227" LABEL="MainZone:columns" DESCRIPTION="block type MainZone:columns"/><OtherTag ID="BT229" LABEL="MarginTextZone:note" DESCRIPTION="block type MarginTextZone:note"/><OtherTag ID="BT230" LABEL="MusicZone" DESCRIPTION="block type MusicZone"/><OtherTag ID="BT231" LABEL="NumberingZone:page" DESCRIPTION="block type NumberingZone:page"/><OtherTag ID="BT232" LABEL="QuireMarksZone:catchwords" DESCRIPTION="block type QuireMarksZone:catchwords"/><OtherTag ID="BT233" LABEL="QuireMarksZone:signature" DESCRIPTION="block type QuireMarksZone:signature"/><OtherTag ID="BT234" LABEL="RunningTitleZone" DESCRIPTION="block type RunningTitleZone"/><OtherTag ID="BT221" LABEL="CustomZone:impresorNum" DESCRIPTION="block type CustomZone:impresorNum"/><OtherTag ID="BT222" LABEL="CustomZone:numero_pliego" DESCRIPTION="block type CustomZone:numero_pliego"/><OtherTag ID="BT223" LABEL="CustomZone:title" DESCRIPTION="block type CustomZone:title"/><OtherTag ID="BT224" LABEL="GraphicZone:illustration" DESCRIPTION="block type GraphicZone:illustration"/>
    <OtherTag ID="LT83" LABEL="DefaultLine" DESCRIPTION="line type DefaultLine"/><OtherTag ID="LT81" LABEL="CustomLine:propriedad" DESCRIPTION="line type CustomLine:propriedad"/><OtherTag ID="LT82" LABEL="CustomLine:trailer" DESCRIPTION="line type CustomLine:trailer"/><OtherTag ID="LT84" LABEL="HeadingLine" DESCRIPTION="line type HeadingLine"/>
  </Tags>
  
  <Layout>
    <Page WIDTH="1058"
          HEIGHT="1434"
          PHYSICAL_IMG_NR="98"
          ID="eSc_dummypage_">
      <PrintSpace HPOS="0"
                  VPOS="0"
                  WIDTH="1058"
                  HEIGHT="1434">
        
        <TextBlock HPOS="876"
                   VPOS="59"
                   WIDTH="41"
                   HEIGHT="33"
                   ID="eSc_textblock_76461c0b"
                   TAGREFS="BT231">
          <Shape><Polygon POINTS="876 59 876 92 917 92 917 59"/></Shape>
          
          
          <TextLine ID="eSc_line_d493f656"
                    TAGREFS="LT83"
                    BASELINE="883 82 917 82" 
                    HPOS="882"
                    VPOS="57"
                    WIDTH="34"
                    HEIGHT="31">
            <Shape><Polygon POINTS="906 59 894 59 882 59 882 81 882 88 916 88 916 81 916 57 906 59"/></Shape>
	    <String CONTENT="3"
                    HPOS="882"
                    VPOS="57"
                    WIDTH="34"
                    HEIGHT="31"></String>
          </TextLine>

          
        </TextBlock>
        
        <TextBlock HPOS="197"
                   VPOS="130"
                   WIDTH="649"
                   HEIGHT="64"
                   ID="eSc_textblock_7eda86e3"
                   TAGREFS="BT234">
          <Shape><Polygon POINTS="197 130 197 194 846 194 846 130"/></Shape>
          
          
          <TextLine ID="line_1"
                    TAGREFS="LT84"
                    BASELINE="210 168 820 167" 
                    HPOS="209"
                    VPOS="129"
                    WIDTH="611"
                    HEIGHT="52">
            <Shape><Polygon POINTS="210 175 265 175 267 176 279 180 280 180 281 180 282 180 296 176 299 175 329 175 332 176 342 180 343 180 344 180 363 176 368 175 371 176 383 180 384 180 385 180 396 176 399 175 402 176 408 179 409 179 410 179 411 179 422 176 424 176 430 180 431 180 432 181 466 181 466 180 467 180 479 176 484 175 516 175 517 176 523 180 524 180 525 180 525 181 568 181 568 180 580 176 587 175 597 176 616 180 617 181 685 181 685 180 686 180 694 177 701 175 706 177 714 180 715 180 716 180 819 177 820 167 818 137 748 137 746 136 726 129 725 129 724 129 703 136 698 137 692 135 662 129 603 129 602 129 601 129 592 134 587 137 564 137 556 133 547 130 546 130 545 130 523 133 497 137 475 133 454 129 453 129 446 132 438 137 400 132 377 129 376 129 375 129 372 131 363 137 345 137 331 131 326 129 325 129 316 130 290 137 279 130 278 129 277 129 276 129 275 129 209 129 210 168"/></Shape>
	    <String CONTENT="RESUMEN DE LA HISTORIA."
                    HPOS="209"
                    VPOS="129"
                    WIDTH="611"
                    HEIGHT="52"></String>
          </TextLine>

          
        </TextBlock>
        
        <TextBlock HPOS="93"
                   VPOS="181"
                   WIDTH="882"
                   HEIGHT="767"
                   ID="block_1"
                   TAGREFS="BT226">
          <Shape><Polygon POINTS="975 181 975 948 93 948 93 181"/></Shape>
          
          
          <TextLine ID="line_4"
                    TAGREFS="LT83"
                    BASELINE="121 225 922 225" 
                    HPOS="121"
                    VPOS="195"
                    WIDTH="801"
                    HEIGHT="44">
            <Shape><Polygon POINTS="121 225 121 239 195 234 204 239 205 239 206 239 207 239 382 239 382 239 383 239 386 237 395 234 415 237 425 239 426 239 489 239 489 239 489 239 490 239 493 237 497 235 515 237 533 239 534 239 535 239 536 239 539 236 544 234 566 236 587 239 587 239 612 236 634 234 695 235 793 239 794 239 857 235 873 234 876 235 889 239 890 239 891 239 922 234 922 225 921 195 693 200 677 196 671 195 670 195 670 195 669 195 663 196 652 201 579 201 560 197 542 195 541 195 524 198 508 200 494 198 477 195 476 195 460 198 450 200 437 199 413 195 412 195 377 199 364 200 360 199 348 195 348 195 347 195 346 195 331 199 326 201 262 201 258 199 236 195 235 195 149 200 133 195 133 195 132 195 131 195 121 199 121 225"/></Shape>
	    <String CONTENT="Quándo fe la Creacion del Mundo. Formacion de los"
                    HPOS="121"
                    VPOS="195"
                    WIDTH="801"
                    HEIGHT="44"></String>
          </TextLine>

          
          
          <TextLine ID="line_5"
                    TAGREFS="LT83"
                    BASELINE="115 262 922 259" 
                    HPOS="114"
                    VPOS="232"
                    WIDTH="808"
                    HEIGHT="46">
            <Shape><Polygon POINTS="115 262 115 271 150 275 151 275 185 271 192 271 194 271 211 277 212 277 213 277 277 271 285 271 288 271 307 277 308 277 309 278 356 278 356 277 379 271 385 270 412 270 415 271 425 276 426 276 427 276 427 276 441 271 445 270 449 271 460 275 461 275 462 275 462 275 476 271 481 270 575 270 579 271 591 276 591 276 592 276 593 276 606 272 650 276 651 276 652 276 653 276 659 271 662 270 674 271 695 275 696 275 921 271 922 259 920 232 879 237 844 233 838 232 837 232 836 232 834 233 821 239 787 234 786 234 785 234 784 234 775 239 672 239 661 235 654 232 653 232 652 232 634 235 609 239 596 235 588 233 587 233 587 233 586 233 577 235 566 239 556 236 549 234 548 234 548 234 529 236 508 239 501 236 491 233 490 233 489 233 489 233 488 233 482 237 477 240 442 240 436 237 427 233 426 233 396 233 395 233 395 233 380 238 372 241 310 241 307 239 296 234 295 234 294 234 192 239 176 234 176 234 127 234 126 234 125 234 114 239 115 262"/></Shape>
	    <String CONTENT="Cielos, y Tierra. Creacion de la Luz, y principio de"
                    HPOS="114"
                    VPOS="232"
                    WIDTH="808"
                    HEIGHT="46"></String>
          </TextLine>

          
          
          <TextLine ID="line_6"
                    TAGREFS="LT83"
                    BASELINE="114 297 927 296" 
                    HPOS="113"
                    VPOS="269"
                    WIDTH="814"
                    HEIGHT="40">
            <Shape><Polygon POINTS="114 297 114 309 927 308 927 296 924 269 878 274 842 270 841 270 822 274 803 269 803 269 802 269 800 269 771 274 720 274 704 269 703 269 702 269 626 269 626 269 625 269 624 269 615 274 599 270 598 270 597 270 550 274 494 270 493 270 493 270 492 270 482 274 422 270 419 270 419 270 417 270 366 274 318 270 315 270 314 270 311 270 270 274 113 270 114 297"/></Shape>
	    <String CONTENT="los dias, y las nocbes. Creacion del Firmamento, del"
                    HPOS="113"
                    VPOS="269"
                    WIDTH="814"
                    HEIGHT="40"></String>
          </TextLine>

          
          
          <TextLine ID="line_7"
                    TAGREFS="LT83"
                    BASELINE="117 334 924 331" 
                    HPOS="116"
                    VPOS="304"
                    WIDTH="808"
                    HEIGHT="45">
            <Shape><Polygon POINTS="117 334 117 349 141 344 188 348 189 348 190 348 192 348 282 344 297 348 301 348 302 348 303 348 304 348 307 348 319 343 334 347 336 348 337 348 338 348 344 347 369 343 423 343 434 346 438 348 439 348 440 348 452 346 471 343 487 345 501 348 502 348 525 345 551 342 569 344 585 347 586 347 587 347 593 344 599 342 630 344 663 346 664 346 690 344 703 342 708 343 720 347 721 347 721 347 791 346 792 346 793 346 799 342 801 341 819 342 901 346 901 346 902 346 924 340 924 331 922 311 818 305 818 305 817 305 816 305 808 310 807 311 741 311 740 309 728 304 728 304 727 304 627 305 626 305 613 309 607 312 568 312 561 309 549 305 548 305 548 305 547 305 539 309 535 311 503 313 460 313 453 309 447 305 446 305 446 305 397 306 396 306 392 308 384 312 358 308 351 307 350 307 344 308 317 313 306 308 303 306 302 306 301 306 293 308 267 313 245 307 239 306 239 306 238 306 234 307 213 313 116 307 117 334"/></Shape>
	    <String CONTENT="Mar, y produccion de las plantas. Formacion y descrip-"
                    HPOS="116"
                    VPOS="304"
                    WIDTH="808"
                    HEIGHT="45"></String>
          </TextLine>

          
          
          <TextLine ID="line_8"
                    TAGREFS="LT83"
                    BASELINE="117 369 924 372" 
                    HPOS="116"
                    VPOS="342"
                    WIDTH="808"
                    HEIGHT="43">
            <Shape><Polygon POINTS="117 369 116 379 148 379 150 380 156 383 157 383 158 383 159 384 260 384 260 383 278 380 293 378 300 380 306 383 307 383 308 384 366 384 366 383 367 383 368 383 371 381 374 380 400 381 430 383 431 383 442 382 456 380 474 382 492 384 493 384 507 382 529 379 536 383 537 383 538 383 539 383 548 383 623 379 634 383 637 384 638 384 638 384 639 384 642 383 655 379 693 383 695 383 696 383 697 383 718 380 726 384 729 385 730 385 731 385 740 384 772 380 868 380 923 385 924 372 924 349 878 344 877 344 822 348 820 348 819 348 805 344 804 344 803 344 779 348 778 349 681 349 680 348 670 344 670 344 669 344 636 348 626 343 625 343 624 343 580 348 579 348 578 348 541 343 540 343 505 348 501 348 497 348 451 344 450 344 427 348 424 348 423 348 411 343 411 343 410 343 389 348 386 348 295 348 293 347 270 342 269 342 117 346 117 369"/></Shape>
	    <String CONTENT="cion del Parayso. Creacion del Sol, Luna, y Estrellas,"
                    HPOS="116"
                    VPOS="342"
                    WIDTH="808"
                    HEIGHT="43"></String>
          </TextLine>

          
          
          <TextLine ID="line_9"
                    TAGREFS="LT83"
                    BASELINE="121 409 220 406 924 409" 
                    HPOS="121"
                    VPOS="377"
                    WIDTH="803"
                    HEIGHT="45">
            <Shape><Polygon POINTS="121 409 121 419 216 414 227 419 227 419 228 419 294 416 337 420 339 420 340 420 340 420 369 415 386 420 387 420 387 421 395 421 474 421 474 420 505 415 537 420 538 420 539 420 556 416 599 421 601 421 602 421 603 421 615 416 630 420 630 420 631 420 632 420 644 415 714 415 741 421 742 421 743 421 756 416 803 416 814 422 815 422 815 422 816 422 817 422 834 416 889 416 923 422 924 409 924 385 817 380 816 380 792 384 785 386 778 384 752 380 752 380 724 384 716 386 710 384 693 379 692 379 691 379 690 379 670 384 666 385 659 384 621 379 620 379 595 384 591 385 587 384 562 379 561 379 560 379 543 384 540 385 539 384 530 379 529 379 529 379 528 379 478 383 445 378 444 378 405 384 402 385 333 385 330 384 297 377 296 377 228 384 121 384 121 409"/></Shape>
	    <String CONTENT="y para qué fueron criados. Produccion de Aves, Peces,"
                    HPOS="121"
                    VPOS="377"
                    WIDTH="803"
                    HEIGHT="45"></String>
          </TextLine>

          
          
          <TextLine ID="line_10"
                    TAGREFS="LT83"
                    BASELINE="121 444 925 441" 
                    HPOS="121"
                    VPOS="413"
                    WIDTH="804"
                    HEIGHT="43">
            <Shape><Polygon POINTS="121 444 121 456 144 452 293 455 320 455 321 455 334 454 391 451 457 454 481 454 482 454 500 454 541 450 924 450 925 441 924 419 764 413 764 413 706 419 705 419 703 419 603 414 602 414 601 414 580 419 364 415 363 415 317 421 314 421 313 421 301 415 300 415 299 415 233 421 230 421 229 421 208 415 207 415 164 415 164 415 163 415 152 421 152 422 121 422 121 444"/></Shape>
	    <String CONTENT="y Animales terrestres. Creacion y formacion del Hombre."
                    HPOS="121"
                    VPOS="413"
                    WIDTH="804"
                    HEIGHT="43"></String>
          </TextLine>

          
          
          <TextLine ID="line_11"
                    TAGREFS="LT83"
                    BASELINE="119 478 922 480" 
                    HPOS="119"
                    VPOS="450"
                    WIDTH="803"
                    HEIGHT="43">
            <Shape><Polygon POINTS="119 478 119 491 368 488 403 492 407 492 407 492 412 492 453 488 506 492 521 493 521 493 683 493 683 493 684 493 685 492 693 489 920 492 922 480 921 458 758 450 757 450 756 450 743 457 743 458 678 458 677 457 662 451 662 451 661 451 660 451 645 457 644 458 596 458 593 457 553 450 552 450 524 457 521 457 518 457 488 450 460 450 459 450 458 450 446 456 394 450 393 450 392 450 379 456 379 457 340 457 339 456 329 450 328 450 327 450 326 450 266 456 263 456 262 456 230 450 229 450 192 454 136 450 135 450 134 450 119 455 119 478"/></Shape>
	    <String CONTENT="Etimologia del nombre Adan. Formacion maravillosa, y"
                    HPOS="119"
                    VPOS="450"
                    WIDTH="803"
                    HEIGHT="43"></String>
          </TextLine>

          
          
          <TextLine ID="line_12"
                    TAGREFS="LT83"
                    BASELINE="119 516 928 513" 
                    HPOS="118"
                    VPOS="486"
                    WIDTH="810"
                    HEIGHT="42">
            <Shape><Polygon POINTS="119 516 119 525 239 524 250 526 259 528 260 528 271 526 284 524 293 526 305 528 305 528 306 528 319 526 330 524 351 526 374 528 375 528 376 528 376 528 380 526 383 525 407 526 434 528 435 528 444 526 458 523 464 526 467 528 468 528 469 528 500 528 500 528 501 528 501 528 504 526 510 523 576 523 583 526 585 528 586 528 587 528 587 528 647 528 647 528 648 528 652 526 662 523 673 526 677 527 677 527 678 527 682 526 697 523 703 526 704 527 705 527 705 527 706 528 798 528 798 527 803 526 830 522 838 526 838 527 839 527 840 527 841 527 849 526 883 523 927 526 928 513 926 493 889 489 888 489 887 489 873 493 863 486 862 486 862 486 861 486 830 493 801 493 786 486 785 486 764 486 763 486 762 486 752 492 725 487 724 487 724 487 705 493 657 493 642 487 641 487 640 487 571 492 556 487 556 487 555 487 554 487 536 493 513 488 512 488 407 493 394 488 393 488 364 488 364 488 363 488 345 494 328 488 327 488 326 488 203 493 166 488 165 488 118 495 119 516"/></Shape>
	    <String CONTENT="curiosa del Hombre, segun la pintan algunos Santos"
                    HPOS="118"
                    VPOS="486"
                    WIDTH="810"
                    HEIGHT="42"></String>
          </TextLine>

          
          
          <TextLine ID="line_13"
                    TAGREFS="LT83"
                    BASELINE="124 552 924 549" 
                    HPOS="123"
                    VPOS="521"
                    WIDTH="801"
                    HEIGHT="44">
            <Shape><Polygon POINTS="124 552 124 564 169 560 203 564 209 565 210 565 211 565 212 564 223 561 305 564 327 565 328 565 329 565 331 564 344 560 376 564 383 565 384 565 502 564 504 564 525 560 559 564 561 564 562 564 563 564 564 564 572 559 658 559 685 564 685 564 735 559 923 564 924 549 922 528 845 528 842 528 822 521 822 521 790 521 789 521 788 521 770 527 765 528 751 527 726 525 725 525 693 527 656 529 639 526 632 525 631 525 630 525 628 526 623 529 579 528 576 526 568 522 567 522 566 522 547 526 529 529 506 525 497 525 497 525 496 525 493 525 485 529 478 525 470 522 470 522 440 522 439 522 438 522 438 522 433 525 427 528 419 525 411 522 411 522 410 522 409 522 400 525 394 527 372 525 352 523 352 523 351 523 347 525 340 528 332 525 328 523 327 523 326 523 317 525 302 528 283 525 274 523 273 523 272 523 268 525 253 529 218 524 215 524 123 524 124 552"/></Shape>
	    <String CONTENT="Padres. Creacion prodigiosa del alma, y su adorno, y"
                    HPOS="123"
                    VPOS="521"
                    WIDTH="801"
                    HEIGHT="44"></String>
          </TextLine>

          
          
          <TextLine ID="line_14"
                    TAGREFS="LT83"
                    BASELINE="122 587 930 585" 
                    HPOS="121"
                    VPOS="558"
                    WIDTH="809"
                    HEIGHT="38">
            <Shape><Polygon POINTS="122 587 122 595 928 596 930 585 928 560 719 564 703 560 694 558 693 558 693 558 692 558 689 560 682 564 576 564 566 560 562 558 561 558 526 558 525 558 505 560 452 564 442 560 441 559 440 559 413 559 412 559 404 560 366 564 358 560 357 560 356 560 356 560 354 560 332 563 306 560 299 559 298 559 297 559 296 560 287 564 267 560 262 559 262 559 254 560 221 563 193 560 187 559 186 559 181 560 151 564 121 560 122 587"/></Shape>
	    <String CONTENT="excelencias maravillosas. Formacion de nuestra madre"
                    HPOS="121"
                    VPOS="558"
                    WIDTH="809"
                    HEIGHT="38"></String>
          </TextLine>

          
          
          <TextLine ID="line_15"
                    TAGREFS="LT83"
                    BASELINE="124 624 928 621" 
                    HPOS="123"
                    VPOS="592"
                    WIDTH="805"
                    HEIGHT="45">
            <Shape><Polygon POINTS="124 624 124 633 308 637 309 637 309 637 324 633 326 632 334 632 381 636 382 636 471 632 475 632 476 632 490 636 491 636 492 636 521 632 526 631 529 631 543 635 544 635 544 635 640 631 647 631 652 631 714 635 715 635 737 630 740 630 752 630 818 634 819 634 928 630 928 621 926 599 905 599 902 599 884 592 883 592 882 592 854 599 850 599 837 599 774 593 773 593 772 593 760 598 756 599 752 598 739 595 738 595 737 595 736 595 728 598 724 600 717 598 704 593 703 593 702 593 701 593 685 598 677 600 649 598 601 593 600 593 599 593 591 597 584 600 537 597 510 595 509 595 509 595 505 597 494 602 435 602 426 596 419 594 419 594 418 594 248 595 247 595 244 595 227 602 123 595 124 624"/></Shape>
	    <String CONTENT="Eva. Algunas disputas sobre su formacion. Coloca Dios"
                    HPOS="123"
                    VPOS="592"
                    WIDTH="805"
                    HEIGHT="45"></String>
          </TextLine>

          
          
          <TextLine ID="line_16"
                    TAGREFS="LT83"
                    BASELINE="125 659 931 656" 
                    HPOS="124"
                    VPOS="629"
                    WIDTH="807"
                    HEIGHT="44">
            <Shape><Polygon POINTS="125 659 125 668 234 668 238 669 259 673 260 673 308 669 326 667 333 669 346 671 347 671 376 669 395 667 400 669 410 672 411 672 411 672 479 669 529 666 540 669 548 671 549 671 550 671 602 669 657 666 677 669 694 671 695 671 736 669 796 666 929 669 931 656 929 636 845 636 795 629 795 629 794 629 770 635 736 629 736 629 699 635 651 630 650 630 650 630 630 636 616 630 615 630 615 630 595 634 567 630 566 630 565 630 564 630 554 636 467 630 466 630 466 630 453 638 400 638 385 630 384 630 384 630 358 636 330 630 329 630 329 630 315 637 148 631 148 631 147 631 124 638 125 659"/></Shape>
	    <String CONTENT="en el Parayso á Adan, y Eva. Qué Arbol fue el de la cien-"
                    HPOS="124"
                    VPOS="629"
                    WIDTH="807"
                    HEIGHT="44"></String>
          </TextLine>

          
          
          <TextLine ID="line_17"
                    TAGREFS="LT83"
                    BASELINE="124 697 931 694" 
                    HPOS="123"
                    VPOS="666"
                    WIDTH="808"
                    HEIGHT="45">
            <Shape><Polygon POINTS="124 697 124 706 206 705 218 707 235 710 235 711 296 711 296 710 297 710 305 707 312 705 330 707 348 709 349 709 350 709 358 707 367 705 375 707 383 709 384 709 384 709 396 707 412 704 434 707 450 709 450 709 451 709 452 709 455 707 462 704 536 704 587 708 606 709 607 709 615 708 639 704 654 708 660 709 661 709 662 709 684 708 739 703 749 708 752 709 752 709 753 709 830 709 830 709 831 709 834 708 843 705 868 708 874 709 875 709 876 709 878 708 893 704 929 708 931 694 929 673 745 673 744 672 727 666 726 666 725 666 673 672 660 673 627 673 621 671 602 666 601 666 600 666 599 666 587 671 583 673 574 671 550 667 549 667 526 671 525 671 524 671 512 666 511 666 510 666 509 666 509 666 501 671 499 671 476 668 475 668 474 668 469 671 465 673 457 671 437 666 436 666 392 671 364 673 349 670 333 667 332 667 305 670 282 673 263 670 245 667 244 667 123 669 124 697"/></Shape>
	    <String CONTENT="cia del bien y del mal. Pecado de Adan, y Eva, y pintura"
                    HPOS="123"
                    VPOS="666"
                    WIDTH="808"
                    HEIGHT="45"></String>
          </TextLine>

          
          
          <TextLine ID="line_18"
                    TAGREFS="LT83"
                    BASELINE="123 732 931 729" 
                    HPOS="122"
                    VPOS="702"
                    WIDTH="809"
                    HEIGHT="40">
            <Shape><Polygon POINTS="123 732 123 741 929 742 931 729 928 705 729 708 700 705 667 702 666 702 648 705 638 707 633 705 627 703 626 703 626 703 625 703 618 705 607 709 565 705 542 704 541 704 529 705 505 709 499 705 494 703 493 703 427 703 427 703 410 705 386 710 358 710 350 705 346 704 345 704 344 704 324 705 293 709 278 705 269 704 268 704 247 705 216 709 122 706 123 732"/></Shape>
	    <String CONTENT="de nuestra desgracia. Expulsion del Parayso, y una re-"
                    HPOS="122"
                    VPOS="702"
                    WIDTH="809"
                    HEIGHT="40"></String>
          </TextLine>

          
          
          <TextLine ID="line_19"
                    TAGREFS="LT83"
                    BASELINE="121 770 931 767" 
                    HPOS="121"
                    VPOS="739"
                    WIDTH="810"
                    HEIGHT="43">
            <Shape><Polygon POINTS="121 770 121 781 162 777 188 782 192 782 192 782 195 782 223 777 297 781 321 782 322 782 336 780 373 776 427 779 448 781 449 781 457 779 474 776 519 779 541 780 542 780 931 775 931 767 928 744 863 744 861 744 848 739 847 739 846 739 846 739 830 744 829 744 773 744 768 744 753 739 752 739 752 739 720 743 718 743 716 743 662 739 662 739 661 739 660 739 654 743 649 746 579 746 571 742 562 739 561 739 526 739 525 739 525 739 517 742 506 746 451 742 423 740 423 740 422 740 418 741 409 747 387 747 371 741 368 740 367 740 366 740 365 740 362 741 347 745 330 741 323 740 322 740 315 741 289 748 214 748 197 740 196 740 195 740 195 740 194 740 172 746 156 740 156 740 121 740 121 770"/></Shape>
	    <String CONTENT="fexîon muy curiosa. Nacen Cain, y Abél. Muerte de este"
                    HPOS="121"
                    VPOS="739"
                    WIDTH="810"
                    HEIGHT="43"></String>
          </TextLine>

          
          
          <TextLine ID="line_20"
                    TAGREFS="LT83"
                    BASELINE="128 803 930 802" 
                    HPOS="127"
                    VPOS="775"
                    WIDTH="803"
                    HEIGHT="42">
            <Shape><Polygon POINTS="128 803 128 817 156 813 233 816 235 816 235 816 236 816 245 812 261 816 262 816 262 816 265 816 297 812 417 815 473 816 474 816 495 814 530 811 555 814 569 815 570 815 929 811 930 802 928 781 810 781 807 780 780 775 779 775 744 780 740 780 737 780 713 775 713 775 626 779 611 780 607 779 590 775 589 775 588 775 587 775 578 779 576 780 571 779 553 777 552 777 537 779 527 781 516 779 496 776 495 776 435 779 409 780 395 779 368 776 367 776 366 776 358 779 352 781 333 779 311 776 310 776 127 778 128 803"/></Shape>
	    <String CONTENT="por su hermano. Motivos de este fratricidio. Reencuentro"
                    HPOS="127"
                    VPOS="775"
                    WIDTH="803"
                    HEIGHT="42"></String>
          </TextLine>

          
          
          <TextLine ID="line_21"
                    TAGREFS="LT83"
                    BASELINE="127 840 931 838" 
                    HPOS="126"
                    VPOS="812"
                    WIDTH="805"
                    HEIGHT="42">
            <Shape><Polygon POINTS="127 840 127 850 250 854 251 854 344 850 346 850 348 850 391 854 392 854 420 850 529 854 530 854 599 850 613 854 614 854 615 854 615 854 634 849 649 854 650 854 650 854 701 850 779 854 779 854 811 849 829 854 830 854 830 854 894 854 894 854 931 847 931 838 929 818 881 818 881 818 871 812 870 812 869 812 869 812 834 818 834 818 722 818 721 818 697 812 644 812 643 812 642 812 629 818 628 818 585 813 584 813 583 813 572 818 571 818 568 818 530 814 529 814 529 814 528 814 524 818 523 818 519 818 496 813 495 813 423 814 422 814 421 814 415 818 413 818 400 818 352 814 352 814 294 818 278 818 269 818 235 813 139 813 138 813 137 813 126 816 127 840"/></Shape>
	    <String CONTENT="de un hermano con otro. Procreacion de los primeros hom-"
                    HPOS="126"
                    VPOS="812"
                    WIDTH="805"
                    HEIGHT="42"></String>
          </TextLine>

          
          
          <TextLine ID="line_22"
                    TAGREFS="LT83"
                    BASELINE="178 876 886 876" 
                    HPOS="178"
                    VPOS="850"
                    WIDTH="708"
                    HEIGHT="41">
            <Shape><Polygon POINTS="178 876 178 887 209 885 214 888 215 889 216 889 217 889 277 890 278 890 278 890 288 888 296 886 311 888 325 889 325 889 336 888 360 885 466 885 488 889 497 890 497 890 498 890 499 890 501 889 508 885 545 889 546 889 568 885 589 889 595 890 595 890 615 889 695 885 728 890 732 890 733 890 736 890 756 886 765 890 766 890 767 890 768 891 886 891 886 876 886 856 834 856 833 855 817 850 816 850 815 850 815 850 799 855 791 850 790 850 789 850 788 850 742 855 736 856 711 856 709 855 699 850 698 850 633 850 632 850 631 850 621 854 619 856 582 856 579 854 573 850 572 850 572 850 531 850 530 850 529 850 521 854 518 856 460 856 457 854 450 850 449 850 448 850 447 850 439 854 435 855 428 854 411 850 411 850 371 854 348 856 282 856 276 853 267 850 266 850 266 850 242 853 223 855 217 853 211 850 210 850 209 850 178 852 178 876"/></Shape>
	    <String CONTENT="bres, y acrecentamiento del mundo. La edad de que"
                    HPOS="178"
                    VPOS="850"
                    WIDTH="708"
                    HEIGHT="41"></String>
          </TextLine>

          
          
          <TextLine ID="line_23"
                    TAGREFS="LT83"
                    BASELINE="289 911 791 912" 
                    HPOS="289"
                    VPOS="883"
                    WIDTH="502"
                    HEIGHT="45">
            <Shape><Polygon POINTS="289 911 289 920 301 927 301 927 302 927 390 922 407 927 408 927 409 927 410 927 424 922 459 927 460 927 512 923 529 927 530 927 531 927 566 923 569 923 576 928 577 928 578 928 579 928 603 923 607 923 616 924 666 928 666 928 683 924 689 923 731 923 735 924 741 928 742 928 743 928 791 924 791 912 791 892 778 892 778 891 768 884 767 884 766 884 747 884 746 884 745 884 732 891 732 891 716 884 715 884 714 884 713 884 693 890 690 891 687 890 668 885 667 885 666 885 666 885 654 890 651 891 642 889 601 884 600 884 599 884 588 889 586 890 583 889 571 885 570 885 569 885 568 885 556 889 554 889 552 889 540 883 540 883 517 883 516 883 515 883 514 883 508 889 505 890 502 888 497 885 496 885 495 885 494 885 487 888 480 890 448 890 442 888 430 883 429 883 405 883 404 883 403 883 403 883 397 887 393 890 380 887 366 883 365 883 364 883 347 886 328 890 289 886 289 911"/></Shape>
	    <String CONTENT="murió Adan, y dónde fue sepultado."
                    HPOS="289"
                    VPOS="883"
                    WIDTH="502"
                    HEIGHT="45"></String>
          </TextLine>

          
        </TextBlock>
        
        <TextBlock HPOS="117"
                   VPOS="952"
                   WIDTH="415"
                   HEIGHT="371"
                   ID="block_2"
                   TAGREFS="BT226">
          <Shape><Polygon POINTS="532 952 532 1323 117 1323 117 952"/></Shape>
          
          
          <TextLine ID="line_24"
                    TAGREFS="LT83"
                    BASELINE="149 1035 201 1034 206 989 526 987" 
                    HPOS="145"
                    VPOS="952"
                    WIDTH="379"
                    HEIGHT="82">
            <Shape><Polygon POINTS="475 952 463 952 453 952 444 957 439 958 436 957 426 952 418 952 410 957 402 959 389 957 369 952 368 952 367 952 358 957 352 959 345 957 337 952 335 952 334 952 333 952 322 957 312 960 298 957 284 952 272 952 260 952 248 952 236 952 230 952 145 956 148 1034 200 1021 216 1021 216 1020 217 1020 218 1020 219 1019 249 996 297 1003 298 1003 368 994 383 1002 384 1002 386 1002 387 1002 412 994 431 999 444 1001 445 1001 523 989 524 985 522 957 480 952 475 952"/></Shape>
	    <String CONTENT="Crió Dios el mundo á im-"
                    HPOS="145"
                    VPOS="952"
                    WIDTH="379"
                    HEIGHT="82"></String>
          </TextLine>

          
          
          <TextLine ID="line_25"
                    TAGREFS="LT83"
                    BASELINE="224 1023 395 1020 526 1020" 
                    HPOS="222"
                    VPOS="987"
                    WIDTH="302"
                    HEIGHT="50">
            <Shape><Polygon POINTS="419 987 418 987 396 996 396 997 384 997 368 997 349 988 347 988 312 988 310 988 309 988 277 997 268 990 268 989 267 989 266 989 246 989 245 989 243 989 222 997 223 1022 223 1037 523 1027 524 1019 523 995 420 987 419 987"/></Shape>
	    <String CONTENT="pulsos de su divino"
                    HPOS="222"
                    VPOS="987"
                    WIDTH="302"
                    HEIGHT="50"></String>
          </TextLine>

          
          
          <TextLine ID="line_26"
                    TAGREFS="LT83"
                    BASELINE="137 1056 526 1057" 
                    HPOS="135"
                    VPOS="1024"
                    WIDTH="389"
                    HEIGHT="45">
            <Shape><Polygon POINTS="136 1055 135 1069 523 1068 524 1056 524 1031 496 1024 494 1024 493 1024 136 1030 136 1055"/></Shape>
	    <String CONTENT="amor. Empezó á formarle"
                    HPOS="135"
                    VPOS="1024"
                    WIDTH="389"
                    HEIGHT="45"></String>
          </TextLine>

          
          
          <TextLine ID="line_27"
                    TAGREFS="LT83"
                    BASELINE="136 1093 526 1092" 
                    HPOS="133"
                    VPOS="1062"
                    WIDTH="391"
                    HEIGHT="48">
            <Shape><Polygon POINTS="135 1092 135 1104 141 1108 142 1108 143 1108 144 1110 251 1110 251 1108 252 1108 265 1102 285 1108 286 1108 288 1108 317 1102 488 1108 490 1108 524 1100 524 1091 522 1069 491 1062 490 1062 488 1062 474 1068 352 1062 351 1062 350 1062 349 1062 349 1063 343 1069 294 1069 288 1063 288 1062 286 1062 285 1062 234 1062 233 1062 193 1068 186 1062 185 1062 184 1062 182 1062 181 1062 156 1068 149 1062 148 1062 147 1062 145 1062 144 1062 133 1067 135 1092"/></Shape>
	    <String CONTENT="en aquella noche que pre-"
                    HPOS="133"
                    VPOS="1062"
                    WIDTH="391"
                    HEIGHT="48"></String>
          </TextLine>

          
          
          <TextLine ID="line_28"
                    TAGREFS="LT83"
                    BASELINE="137 1128 526 1129" 
                    HPOS="135"
                    VPOS="1099"
                    WIDTH="389"
                    HEIGHT="44">
            <Shape><Polygon POINTS="136 1126 135 1143 523 1143 524 1128 524 1106 502 1099 500 1099 499 1099 498 1099 484 1106 463 1106 443 1106 443 1105 437 1100 437 1099 436 1099 435 1099 433 1099 432 1099 411 1105 410 1105 350 1099 349 1099 347 1099 327 1105 326 1105 323 1105 283 1099 282 1099 136 1104 136 1126"/></Shape>
	    <String CONTENT="cedió al dia veinte y tres de"
                    HPOS="135"
                    VPOS="1099"
                    WIDTH="389"
                    HEIGHT="44"></String>
          </TextLine>

          
          
          <TextLine ID="line_29"
                    TAGREFS="LT83"
                    BASELINE="139 1165 526 1166" 
                    HPOS="137"
                    VPOS="1135"
                    WIDTH="387"
                    HEIGHT="46">
            <Shape><Polygon POINTS="138 1163 137 1177 331 1181 332 1181 388 1175 394 1175 399 1175 442 1181 443 1181 523 1174 524 1165 524 1142 506 1135 505 1135 504 1135 503 1135 482 1141 481 1141 469 1141 356 1135 355 1135 353 1135 352 1135 347 1138 343 1142 282 1142 260 1137 249 1135 248 1135 247 1135 243 1136 233 1141 215 1136 211 1135 210 1135 209 1135 208 1135 205 1136 188 1141 138 1135 138 1163"/></Shape>
	    <String CONTENT="Octubre segun el sentir de"
                    HPOS="137"
                    VPOS="1135"
                    WIDTH="387"
                    HEIGHT="46"></String>
          </TextLine>

          
          
          <TextLine ID="line_30"
                    TAGREFS="LT83"
                    BASELINE="140 1202 526 1202" 
                    HPOS="139"
                    VPOS="1169"
                    WIDTH="385"
                    HEIGHT="48">
            <Shape><Polygon POINTS="139 1200 139 1217 524 1212 524 1200 524 1174 515 1169 514 1169 512 1169 511 1169 510 1169 490 1175 488 1175 343 1169 341 1169 307 1172 270 1175 257 1171 251 1169 249 1169 139 1169 139 1200"/></Shape>
	    <String CONTENT="Natal Alexandro, con otros"
                    HPOS="139"
                    VPOS="1169"
                    WIDTH="385"
                    HEIGHT="48"></String>
          </TextLine>

          
          
          <TextLine ID="line_31"
                    TAGREFS="LT83"
                    BASELINE="140 1238 526 1237" 
                    HPOS="139"
                    VPOS="1209"
                    WIDTH="385"
                    HEIGHT="42">
            <Shape><Polygon POINTS="139 1236 139 1248 523 1251 524 1236 524 1210 139 1209 139 1236"/></Shape>
	    <String CONTENT="muchos Autores. Este dia"
                    HPOS="139"
                    VPOS="1209"
                    WIDTH="385"
                    HEIGHT="42"></String>
          </TextLine>

          
          
          <TextLine ID="line_32"
                    TAGREFS="LT83"
                    BASELINE="142 1276 532 1274" 
                    HPOS="141"
                    VPOS="1245"
                    WIDTH="391"
                    HEIGHT="58">
            <Shape><Polygon POINTS="142 1276 142 1296 149 1300 150 1300 151 1300 152 1300 152 1300 156 1296 164 1289 192 1289 204 1295 219 1302 220 1302 221 1303 236 1303 236 1302 237 1302 260 1294 270 1291 293 1294 323 1297 324 1297 356 1292 388 1289 395 1292 410 1301 411 1301 411 1301 412 1302 495 1302 495 1301 496 1301 515 1291 519 1289 531 1290 532 1274 527 1253 498 1249 497 1249 477 1253 469 1246 469 1245 468 1245 467 1245 466 1245 466 1245 465 1245 457 1253 456 1253 433 1253 432 1253 421 1245 420 1245 419 1245 419 1245 418 1245 417 1245 409 1253 408 1253 384 1253 382 1252 369 1245 368 1245 368 1245 336 1245 335 1245 334 1245 333 1245 333 1245 326 1252 325 1253 322 1252 307 1245 306 1245 305 1245 305 1245 304 1245 304 1246 297 1252 297 1253 295 1252 283 1245 282 1245 223 1245 223 1245 222 1245 221 1245 213 1251 210 1253 196 1251 171 1246 170 1246 141 1250 142 1276"/></Shape>
	    <String CONTENT="precedió á la Era de nues-"
                    HPOS="141"
                    VPOS="1245"
                    WIDTH="391"
                    HEIGHT="58"></String>
          </TextLine>

          
        </TextBlock>
        
        <TextBlock HPOS="546"
                   VPOS="949"
                   WIDTH="421"
                   HEIGHT="342"
                   ID="block_0"
                   TAGREFS="BT226">
          <Shape><Polygon POINTS="965 949 967 1282 549 1291 546 949"/></Shape>
          
          
          <TextLine ID="eSc_line_f8dda610"
                    TAGREFS="LT83"
                    BASELINE="547 987 936 987" 
                    HPOS="546"
                    VPOS="952"
                    WIDTH="388"
                    HEIGHT="44">
            <Shape><Polygon POINTS="546 985 546 996 934 995 934 985 933 954 855 961 830 956 811 952 810 952 809 952 799 957 790 963 685 963 680 959 665 952 664 952 577 952 576 952 575 952 554 959 546 985"/></Shape>
	    <String CONTENT="tro Redentor, conforme al"
                    HPOS="546"
                    VPOS="952"
                    WIDTH="388"
                    HEIGHT="44"></String>
          </TextLine>

          
          
          <TextLine ID="eSc_line_380cb58b"
                    TAGREFS="LT83"
                    BASELINE="547 1020 934 1021" 
                    HPOS="545"
                    VPOS="989"
                    WIDTH="388"
                    HEIGHT="44">
            <Shape><Polygon POINTS="546 1019 545 1033 932 1030 933 1020 931 990 847 995 842 991 841 990 841 989 840 989 839 989 780 989 779 989 759 993 744 995 741 993 736 989 735 989 734 989 732 989 731 989 723 993 718 995 710 994 689 989 688 989 647 994 639 995 635 995 619 989 618 989 616 989 588 995 575 989 573 989 572 989 571 989 554 994 546 1019"/></Shape>
	    <String CONTENT="cómputo hecho desde este"
                    HPOS="545"
                    VPOS="989"
                    WIDTH="388"
                    HEIGHT="44"></String>
          </TextLine>

          
          
          <TextLine ID="eSc_line_71326193"
                    TAGREFS="LT83"
                    BASELINE="547 1057 935 1058" 
                    HPOS="545"
                    VPOS="1031"
                    WIDTH="389"
                    HEIGHT="43">
            <Shape><Polygon POINTS="546 1056 545 1065 582 1074 583 1074 637 1068 652 1074 653 1074 655 1074 933 1067 934 1057 933 1036 546 1031 546 1056"/></Shape>
	    <String CONTENT="tiempo, quatro mil y quatro"
                    HPOS="545"
                    VPOS="1031"
                    WIDTH="389"
                    HEIGHT="43"></String>
          </TextLine>

          
          
          <TextLine ID="eSc_line_d851311a"
                    TAGREFS="LT83"
                    BASELINE="547 1092 934 1091" 
                    HPOS="545"
                    VPOS="1062"
                    WIDTH="388"
                    HEIGHT="42">
            <Shape><Polygon POINTS="546 1091 546 1104 932 1101 933 1089 931 1069 884 1062 883 1062 882 1062 867 1068 866 1068 545 1063 546 1091"/></Shape>
	    <String CONTENT="años. En este dia fueron for-"
                    HPOS="545"
                    VPOS="1062"
                    WIDTH="388"
                    HEIGHT="42"></String>
          </TextLine>

          
          
          <TextLine ID="eSc_line_ea901f2f"
                    TAGREFS="LT83"
                    BASELINE="547 1130 933 1131" 
                    HPOS="545"
                    VPOS="1098"
                    WIDTH="387"
                    HEIGHT="46">
            <Shape><Polygon POINTS="546 1129 545 1137 559 1144 560 1144 561 1144 624 1138 625 1138 930 1144 932 1130 930 1105 833 1105 827 1105 791 1098 790 1098 735 1105 726 1105 720 1105 688 1098 687 1098 686 1098 659 1105 657 1105 656 1105 649 1098 647 1098 646 1098 606 1098 604 1098 546 1104 546 1129"/></Shape>
	    <String CONTENT="mados los Globos Celestes, y"
                    HPOS="545"
                    VPOS="1098"
                    WIDTH="387"
                    HEIGHT="46"></String>
          </TextLine>

          
          
          <TextLine ID="eSc_line_d9b21568"
                    TAGREFS="LT83"
                    BASELINE="547 1166 933 1167" 
                    HPOS="545"
                    VPOS="1135"
                    WIDTH="387"
                    HEIGHT="45">
            <Shape><Polygon POINTS="546 1165 545 1175 789 1180 790 1180 791 1180 794 1179 808 1174 822 1179 826 1180 827 1180 828 1180 841 1179 907 1174 928 1180 932 1166 931 1142 870 1135 817 1135 816 1135 815 1135 814 1135 814 1136 809 1141 794 1135 793 1135 792 1135 761 1141 759 1142 701 1142 700 1141 693 1135 692 1135 690 1135 689 1135 546 1140 546 1165"/></Shape>
	    <String CONTENT="este infimo que habitamos,"
                    HPOS="545"
                    VPOS="1135"
                    WIDTH="387"
                    HEIGHT="45"></String>
          </TextLine>

          
          
          <TextLine ID="eSc_line_275652bc"
                    TAGREFS="LT83"
                    BASELINE="547 1202 943 1202" 
                    HPOS="546"
                    VPOS="1172"
                    WIDTH="396"
                    HEIGHT="45">
            <Shape><Polygon POINTS="546 1200 546 1217 942 1217 942 1200 942 1177 814 1172 812 1172 811 1172 791 1177 785 1178 779 1177 750 1172 749 1172 711 1178 706 1178 705 1178 692 1172 690 1172 689 1172 635 1178 632 1178 620 1172 619 1172 618 1172 616 1172 615 1172 615 1173 609 1178 609 1179 546 1179 546 1200"/></Shape>
	    <String CONTENT="compuesto de tierra y"
                    HPOS="546"
                    VPOS="1172"
                    WIDTH="396"
                    HEIGHT="45"></String>
          </TextLine>

          
          
          <TextLine ID="eSc_line_aec479e6"
                    TAGREFS="LT83"
                    BASELINE="547 1237 649 1237" 
                    HPOS="546"
                    VPOS="1212"
                    WIDTH="101"
                    HEIGHT="46">
            <Shape><Polygon POINTS="546 1236 546 1257 646 1258 647 1236 646 1212 546 1214 546 1236"/></Shape>
	    <String CONTENT="agua."
                    HPOS="546"
                    VPOS="1212"
                    WIDTH="101"
                    HEIGHT="46"></String>
          </TextLine>

          
          
          <TextLine ID="line_34"
                    TAGREFS="LT83"
                    BASELINE="586 1275 941 1273" 
                    HPOS="585"
                    VPOS="1242"
                    WIDTH="356"
                    HEIGHT="53">
            <Shape><Polygon POINTS="586 1275 586 1295 612 1290 655 1293 672 1294 673 1294 673 1294 674 1294 676 1292 687 1285 703 1285 718 1291 723 1293 724 1293 724 1293 725 1293 731 1291 744 1285 784 1285 791 1289 791 1290 792 1290 793 1290 794 1290 801 1289 818 1285 829 1288 843 1292 844 1292 845 1292 893 1286 910 1284 913 1285 927 1292 928 1292 928 1292 929 1292 930 1292 941 1285 941 1273 939 1248 890 1249 884 1248 867 1244 866 1244 865 1244 865 1244 848 1249 846 1249 845 1249 838 1243 838 1242 838 1242 837 1242 824 1242 823 1242 791 1249 787 1250 787 1249 776 1243 775 1243 775 1243 748 1243 748 1243 747 1243 724 1250 723 1250 706 1245 705 1245 705 1245 704 1245 703 1245 703 1246 699 1250 684 1244 683 1244 647 1244 646 1244 646 1244 645 1244 645 1245 638 1252 629 1252 615 1244 614 1244 613 1244 612 1244 585 1252 586 1275"/></Shape>
	    <String CONTENT="Aqui empezó el Supremo"
                    HPOS="585"
                    VPOS="1242"
                    WIDTH="356"
                    HEIGHT="53"></String>
          </TextLine>

          
        </TextBlock>
        
        <TextBlock HPOS="703"
                   VPOS="1283"
                   WIDTH="117"
                   HEIGHT="48"
                   ID="eSc_textblock_6c8587fa"
                   TAGREFS="BT232">
          <Shape><Polygon POINTS="820 1331 820 1283 703 1283 703 1331"/></Shape>
          
          
          <TextLine ID="line_35"
                    TAGREFS="LT83"
                    BASELINE="725 1312 803 1311" 
                    HPOS="724"
                    VPOS="1284"
                    WIDTH="79"
                    HEIGHT="51">
            <Shape><Polygon POINTS="725 1312 725 1324 760 1322 775 1331 780 1335 781 1335 782 1335 783 1335 803 1334 803 1311 801 1291 762 1292 759 1289 754 1285 754 1284 753 1284 752 1284 752 1284 724 1287 725 1312"/></Shape>
	    <String CONTENT="A2"
                    HPOS="724"
                    VPOS="1284"
                    WIDTH="79"
                    HEIGHT="51"></String>
          </TextLine>

          
        </TextBlock>
        
        <TextBlock HPOS="839"
                   VPOS="1286"
                   WIDTH="126"
                   HEIGHT="46"
                   ID="eSc_textblock_c578bcda"
                   TAGREFS="BT233">
          <Shape><Polygon POINTS="965 1332 965 1286 839 1286 839 1332"/></Shape>
          
          
          <TextLine ID="line_36"
                    TAGREFS="LT83"
                    BASELINE="854 1311 945 1309" 
                    HPOS="853"
                    VPOS="1279"
                    WIDTH="92"
                    HEIGHT="45">
            <Shape><Polygon POINTS="854 1311 854 1318 890 1324 891 1324 945 1319 945 1309 944 1289 901 1279 901 1279 900 1279 886 1283 875 1280 874 1280 873 1280 873 1280 872 1280 872 1281 862 1289 853 1289 854 1311"/></Shape>
	    <String CONTENT="Cria-"
                    HPOS="853"
                    VPOS="1279"
                    WIDTH="92"
                    HEIGHT="45"></String>
          </TextLine>

          
        </TextBlock>
        

        
      </PrintSpace>
    </Page>
  </Layout>
</alto>
