1047 1445
847 40 37 43 19

100 73 389 48 nio el fruto del Arbol; por-

94 115 398 43 que ni podia alimentarse de

94 152 398 42 él, ni podia en su ser inmor-

96 188 398 44 tal tener efecto ese alimen-

96 225 398 41 to : luego para qué es po-

98 258 394 44 ner desvelo en recatar lo

101 298 362 43 que él no puede apetecer?

138 333 356 42 Es verdad que al De-

106 370 388 41 monio no le hacia al caso

107 407 391 40 este fruto para su sustento;

106 443 391 45 pero para sus intentos de

106 479 392 42 destruir al hombre, y em-

108 515 390 40 barazar que se reconcilia-

109 553 395 40 se con Dios, era el medio

109 586 395 43 mas executivo. Es sentir de

109 625 397 43 algunos, como el arbol de

109 661 397 39 la vida causaba efectos ma-

110 697 396 43 ravillosos en la salud de los

114 732 392 44 hombres. Este arbol, di-

113 770 393 44 cen, que tenia virtud con

115 805 394 43 su fruto de hacer á los hom-

114 843 395 43 bres inmortales ; porque

118 879 393 41 era de calidades tan gene-

117 916 394 41 rosas, que comido, re-

122 950 389 46 paraba los desmayos del ca-

122 986 392 44 lor natural, que en la ac-

122 1022 392 40 cion, y reaccion de los de-

123 1059 391 42 más alimentos se disminu-

127 1094 391 43 ye : que tenia virtud de re-

123 1130 395 45 ducir á peso, y proporcion

127 1167 391 42 saludables los humores, de

126 1204 392 55 cuya batalla, y discordia

517 71 388 48 se ocasionan las enfermeda-

519 113 389 43 des del cuerpo, que son los

519 150 389 42 precursores de la anciani-

518 187 391 44 dad, y de la muerte. Pues

518 224 391 41 Divina prevencion fue el

519 259 391 44 prohibirle al Demonio el

514 298 394 43 provecho de este arbol;

519 333 392 42 porque al darle á un hom-

519 371 389 40 bre una comida que le li-

516 408 3 35 bertase de los Medicos, y

519 443 393 44 medicinas, un plato con

519 480 393 44 que nunca se envejeciese,

519 516 395 41 desdichado de él expuesto

524 553 389 41 á tiro de tal tentacion.

524 587 392 43 Quién pudiera averiguarse

528 624 390 43 con un diablo, que ha-

528 661 391 39 ciendo el plato, tuviera

528 697 392 43 habilidad para quitar ca-

529 732 391 45 nas, y arrugas ? Para des-

529 769 392 45 mentir años, y aun siglos?

526 805 398 42 O qué dificil fuera que una

526 842 398 43 muger hiciera mala cara á

533 879 395 40 una tentacion que se la

533 915 395 42 aseguraba buena, y her-

533 950 395 45 mosa, y sin arrugas por

533 986 227 43 muchos siglos!

533 1022 50 39 Desterrado Adan del

533 1068 6 29 Paraiso con su consorte

539 1094 395 41 Eva, le intimó Dios el cas-

539 1131 394 45 tigo de su inobediencia,

539 1168 397 42 que fue el que trabajase la

539 1204 399 55 tierra, y ésta á costa de

733 1241 68 47 C2

890 1248 51 44 sus
