1041 1440
841 42 30 45 3

76 81 388 36 cir Dlantas, verbas, y Fratos,

112 109 359 38 Al mismo tiempo Cormó

77 144 394 45 el Parazvo, adornandole de

77 180 394 44 maravillosos Arboles, y en:

81 216 397 44 tre ellos aquel Arbol de la

84 252 394 44 Vida , y de la Ciencia del

80 288 405 47 Pieny y del Mal, de don.

80 326 405 38 de nos nagió toda nuestra

86 357 395 46 Enfslicidad. Este Paraíso

82 400 393 36 verrenal de deliojas le her¬

81 430 396 45 moseó con una copiosa fuen:

85 472 403 38 Te , que dividió en quarro

87 505 401 44 rios, , llamandolos Fixon.

91 543 397 41 Gbeon , TNvgriy, y Eyfrateg,

88 580 398 43 Este maravilloso Lugar nos

87 616 401 42 le dibujan los Santos Padres,

88 649 395 48 especialmente San Basilio,

92 688 401 42 y el Damasceno, diciendo:

92 724 401 44 Que estaba colocado en una

92 758 394 47 grande eminencia , donde

93 794 389 48 no llegaban las tinieblas,

95 835 398 42 porque siempre le estaban

96 868 397 42 alumbramdolos Astros. Era

94 905 403 42 un sitio eminente á la tierra,

95 943 402 41 de un bellisimo tempera.

93 977 404 44 mento , un ayre sutíl, y pu.

96 1013 401 44 ro, las plantas siemprever

96 1051 401 42 des, y floridas, que brota.

96 1084 401 43 ban de sé un suavisimo olor.

98 1120 399 47 Jamás le faltaba luz ; y en

96 1158 401 45 fin, era tan delicioso, que

96 1193 401 45 excedia la inteligencia de

98 1230 399 51 los hombres. Son muchas

491 84 393 31 Lay (ISDtat y a SoDrz Sl cagtG

494 104 389 48 este Paraíso , ó falta, desde

491 142 394 44 las ruinas del Diluvio ; pero

491 181 392 43 San Agustin es de sentir,

500 216 212 44 que aun existe,

507 248 380 47 En el quarto dia crió Dios

503 288 385 45 el Sol la Fana, y las F.

503 327 386 37 ¿gelac. A la Luna y al Sol

504 357 383 43 lama la Escrirura Sagrada

503 400 385 40 Lumbreras mayores. Todos

503 434 388 42 estos Astros luminosos fuc.

503 472 385 40 ron formados en los Cielos.

503 506 388 44 donde residen á á excepción,

503 543 389 41 segun dice el Sinaytra, del

505 576 387 45 Sol, el qual dice, que fue

506 615 387 43 formado acá en la tierra,

506 652 389 44 Estos portrentosos Astros

505 689 391 42 fueron criados para asignar

505 724 391 43 les tiempos, los años y los

506 758 390 46 dias , que fuesen anuncios

510 793 385 48 de las serenidades,lluvias,

506 831 392 40 y tempestades, y rodo aque.

513 868 388 41 llo concerniente á la Agrí¬

513 904 388 42 cuftura. Medicina. Bautt.

513 941 388 43 ca, y demás cosas del go¬

513 976 389 44 bierno de la vida humana,

513 1012 390 45 Mo para que fuesen prenun:

513 1052 391 41 cios de los acentrecimienos,

513 1086 391 42 fortuitos, y casuales de los

513 1120 394 47 hombres , según imaginan

513 1160 395 44 los Astrologos, Suparsticio.

513 1196 395 44 sos, y Adivinos, como re.

513 1232 398 51 prehends el docro Naal

825 1273 83 45 AAlor
