1753 2480
333.0 154.0 471.0 62.0 Aquí suspendo mi pluma

288.0 203.0 483.0 57.0 por no mostrar mi dolor,

289.0 250.0 491.0 50.0 soy tu amante y servidor

289.0 293.0 518.0 55.0 porque es para mi fortuna,

288.0 340.0 537.0 51.0 pero si al alumbrar la luna,

288.0 378.0 465.0 62.0 te escribiere quiera Dios,

286.0 428.0 458.0 54.0 lo que podreis leer vos,

285.0 469.0 518.0 61.0 que siempre seré constante,

290.0 519.0 462.0 54.0 y consérvese un amante,

288.0 563.0 485.0 63.0 con la salud de los dos.

1050.0 147.0 479.0 69.0 Dulce hechizo de mi vida,

1010.0 197.0 490.0 67.0 yo me hallo sin consuelo,

1017.0 243.0 567.0 67.0 y es porque hallarte no puedo,

1007.0 290.0 518.0 64.0 pues que la suerte lo priva;

1008.0 343.0 445.0 46.0 cuando la carta recibas

1007.0 381.0 502.0 53.0 de este desdichado amante,

1006.0 424.0 508.0 62.0 ¡qué abrazos quisiera darte

1004.0 469.0 456.0 60.0 con amor y con terneza!

1010.0 516.0 405.0 58.0 y para mayor firmeza

1001.0 562.0 542.0 62.0 pido al cielo que te guarde.

456.0 704.0 992.0 119.0 EL MON ES UN BIGALOT,

702.0 807.0 499.0 81.0 AFERRA QUI POD.

318.0 1009.0 471.0 49.0 Si sentiu cualque croixit

275.0 1045.0 462.0 54.0 abans de estar carregat

275.0 1089.0 462.0 57.0 un barco, y sou invitat

274.0 1133.0 463.0 54.0 á prender part ó partit;

272.0 1172.0 498.0 65.0 en que duga un bon pilot,

272.0 1220.0 412.0 54.0 sigau prudent y astut

358.0 1267.0 326.0 50.0 posanvos barret

272.0 1318.0 463.0 51.0 y anau poquet à poquet

356.0 1355.0 342.0 47.0 ¡alerta un batud!

271.0 1397.0 423.0 57.0 El mon es un bigalot

358.0 1443.0 320.0 60.0 aferra qui pod.

307.0 1523.0 510.0 62.0 Si un vago veis ben vestit

267.0 1572.0 576.0 59.0 sens que es sastre haje bestrèt

271.0 1620.0 510.0 56.0 y es segú que may ha trèt

265.0 1669.0 404.0 51.0 de sa rifa de Madrid;

264.0 1708.0 520.0 56.0 fogiu d' ell mes que de trot

263.0 1752.0 551.0 55.0 pues ha estona que es sabud

354.0 1800.0 328.0 54.0 y está demostrad

263.0 1840.0 439.0 61.0 que n'el setè ha faltad

355.0 1884.0 262.0 61.0 y s' alé li pud

261.0 1926.0 433.0 62.0 el mon es un bigalot

350.0 1975.0 307.0 71.0 aferra qui pod.

301.0 2058.0 615.0 63.0 Si un altren' veis que ha quebrat

265.0 2102.0 424.0 55.0 y no li falta un cabrit.

261.0 2141.0 481.0 67.0 Y en sa mà damunt el pit

256.0 2192.0 504.0 62.0 diu que á ningú ha estafat

254.0 2236.0 466.0 58.0 fend sa cara de devot.....

256.0 2284.0 525.0 63.0 Molts n' hia que jugan brut.

341.0 2329.0 416.0 69.0 Axó es un gran fét!

1000.0 1007.0 460.0 53.0 Vuy en dia el perdre rét

955.0 1085.0 428.0 69.0 El mon es un bigalot

1080.0 1038.0 307.0 58.0 á colca perdut.

1080.0 1142.0 302.0 66.0 aferra qui pod.

1034.0 1209.0 422.0 68.0 Si com un desesperad

992.0 1268.0 428.0 56.0 prometenvós un jarrèt

996.0 1310.0 540.0 56.0 vos cerque y vos compromèt

993.0 1358.0 437.0 45.0 un que vol sèr diputad

989.0 1398.0 481.0 58.0 perque li doneu es vòt.....

989.0 1443.0 507.0 54.0 tan sols sa lley de s' ambud

990.0 1533.0 541.0 58.0 y es peix grós menja es petit

1073.0 1489.0 312.0 51.0 es el seu partid,

988.0 1618.0 409.0 60.0 El mon es un bigalot

1076.0 1581.0 368.0 46.0 n' estich convensut.

1074.0 1668.0 308.0 62.0 aferra qui pod.

1028.0 1749.0 439.0 54.0 Si l'amo-n Pera Peixèt

983.0 1798.0 466.0 53.0 cap al altre mon ha fuit,

986.0 1846.0 540.0 59.0 y encara es baùl no han duit

982.0 1888.0 481.0 53.0 com adins el seu cuartèt

981.0 1934.0 457.0 56.0 ja se sent gran alboròt;

979.0 1978.0 512.0 54.0 es que s'hereu fend es mut

1068.0 2019.0 390.0 53.0 ses claus ha amagat,

979.0 2063.0 502.0 58.0 y dos jermans y un cuñad

1063.0 2116.0 432.0 49.0 un pany han rompud.

979.0 2152.0 407.0 62.0 El mon es un bigalot

1066.0 2198.0 301.0 71.0 aferra qui pod.

1015.0 2284.0 505.0 56.0 Si una que 'n té trenta sèt

977.0 2331.0 530.0 71.0 viuda y rica, amb un nabot
