1753 2480
157.0 134.0 1412.0 157.0 JUAN PORTELA

494.0 260.0 775.0 99.0 SEGUNDA PARTE EN DECIMAS GLOSADAS

198.0 417.0 498.0 79.0 A dar pienso a mi cabalo,

169.0 481.0 515.0 62.0 ¡ay de mi! que soy perdido

163.0 518.0 459.0 52.0 en una casa de campo,

165.0 555.0 444.0 62.0 ceinte pasos del camíno.

202.0 609.0 449.0 77.0 A este punto destinado

163.0 657.0 333.0 56.0 precipitado llegué,

167.0 690.0 389.0 58.0 por el amo pregunté

165.0 723.0 465.0 62.0 quedaron todos turbados.

167.0 756.0 521.0 60.0 —¿Qué se ofrece caballero?

167.0 793.0 533.0 62.0 cespondió luego un anciano.

173.0 830.0 538.0 60.0 —¿Esta gente que hace aquí?

171.0 855.0 643.0 70.0 —Tres hombres que están cenando.

171.0 907.0 451.0 47.0 —Aquí teneis a Portela,

169.0 934.0 542.0 80.0 darle un pienso a mí cacazo.

204.0 996.0 511.0 64.0 Uno de ellos dió un suspiró

169.0 1045.0 471.0 54.0 de los tales que cenanan

169.0 1080.0 457.0 50.0 sus lágrimas derramabà

169.0 1111.0 467.0 54.0 cuando a Portela le dijo:

169.0 1144.0 509.0 58.0 Qué suerte tan desgraciada

171.0 1186.0 436.0 47.0 dónde vas desconocido?

171.0 1209.0 504.0 62.0 tu padre me dió esta carta,

177.0 1252.0 498.0 56.0 advierte que soy tu amigo

171.0 1291.0 438.0 52.0 a las manos de Portela.

177.0 1318.0 505.0 66.0 ¡ay de mí que soy perdido

212.0 1370.0 430.0 76.0 Y leyendo cen cuidado

179.0 1430.0 399.0 49.0 estas palabras decía :

175.0 1465.0 451.0 45.0 «Te van a quitar la vida

177.0 1498.0 432.0 54.0 mijo mío lo he pensado,

177.0 1523.0 540.0 60.0 nque te marches de la España

179.0 1570.0 513.0 54.0 »no cometas más estragos.

177.0 1601.0 507.0 52.0 »que en Córdoba tu cabeza

179.0 1638.0 463.0 52.0 nayer triste pregonaron.

179.0 1669.0 451.0 54.0 ¡Oh! qué noticia recibo

173.0 1709.0 440.0 74.0 en esta casa de campo.

221.0 1760.0 430.0 64.0 Un año justo y seguido

177.0 1814.0 453.0 43.0 del ladrón más afamado

177.0 1841.0 494.0 56.0 mi vida ya he despreciado

179.0 1880.0 463.0 50.0 que para nad la estimo;

181.0 1915.0 432.0 54.0 capones y más gallmas,

179.0 1950.0 449.0 54.0 e a cenar todos conmigo

181.0 1986.0 490.0 49.0 y después veng. fandango

179.0 2019.0 478.0 49.0 y buenos tragos de vino:

181.0 2054.0 474.0 51.0 que este gasto yo lo pago

177.0 2087.0 457.0 64.0 ceínte pasos del camino.

219.0 2145.0 434.0 64.0 A mirada me acobarda,

183.0 2192.0 433.0 50.0 me llaman el temerarío,

181.0 2223.0 461.0 60.0 fascíneroso en mi planta

183.0 2265.0 476.0 60.0 cuzndo el trabuco dísparo.

217.0 2312.0 448.0 72.0 Cuando llegó la mañana

188.0 2368.0 450.0 76.0 le dijel a mí compadero :

967.0 380.0 469.0 111.0 como amigo le lo entrego

965.0 481.0 455.0 50.0 cuando llegues a mi casa

963.0 516.0 434.0 48.0 a mi padre con secreto

967.0 545.0 449.0 56.0 le entregarás esta carta,

967.0 582.0 457.0 54.0 los dineros y el bolstllo,

967.0 611.0 540.0 60.0 porque a mí no me hace falta

967.0 655.0 438.0 53.0 y vivir todos tranquilos

961.0 675.0 541.0 85.0 que a mi nada me acobarda.

1006.0 737.0 509.0 71.0 Bien montado en mi caballo

969.0 789.0 426.0 54.0 de la casa me despido

967.0 824.0 405.0 52.0 me tiraron cinco tiros

963.0 849.0 479.0 64.0 al subir por un barranco

967.0 896.0 399.0 56.0 aquí te quiero Perela;

969.0 919.0 521.0 66.0 y amparándome en un árbol

967.0 965.0 513.0 53.0 dos heridos van por llerra

967.0 1004.0 502.0 47.0 de un tremendo trabucazo

973.0 1039.0 455.0 50.0 y quedó el león guerrero

969.0 1074.0 436.0 60.0 me llaman el temerario.

1008.0 1113.0 383.0 71.0 Una partida de capa

973.0 1147.0 604.0 88.0 diez hombres muy bien armados,

973.0 1209.0 471.0 43.0 del gobierno son pagados,

973.0 1240.0 521.0 53.0 v a agarrarme se adelantan,

975.0 1268.0 426.0 52.0 lodos somos andaluces

973.0 1306.0 505.0 47.0 fanfarrones no me bastan,

975.0 1345.0 500.0 52.0 y al salirme de unos pinos

971.0 1380.0 440.0 52.0 me tiran otra descarga.

973.0 1413.0 422.0 46.0 me mataron al caballo

973.0 1440.0 476.0 66.0 ¡ascineroso en mí planta.

1008.0 1494.0 478.0 60.0 Cuando me vi desmontado

979.0 1543.0 414.0 50.0 de sentimiento lloraba

977.0 1581.0 399.0 47.0 a unas peñas retiraba

977.0 1605.0 488.0 58.0 cuando todos me cercaron,

979.0 1647.0 465.0 51.0 dáte, dáte, Juan Portela,

979.0 1686.0 459.0 43.0 ocho tiros me arrojaror

979.0 1715.0 523.0 54.0 los que hirieron al valiente

975.0 1748.0 459.0 54.0 de la cabeza y un brazo,

981.0 1787.0 463.0 50.0 de sangre bañado estaba

979.0 1824.0 494.0 58.0 cuando el trabuco disparo.

1019.0 1872.0 442.0 58.0 Yo perdí las esperanzas,

981.0 1922.0 449.0 45.0 de mis padres el honor,

979.0 1953.0 451.0 55.0 las juerzas me jaltan ya,

979.0 1990.0 451.0 56.0 del cíelo baje el perdón.

1021.0 2031.0 483.0 77.0 La sangre que derramaba

981.0 2081.0 406.0 49.0 me cubría el corazón,

983.0 2120.0 447.0 47.0 no síento mi muerte, no,

981.0 2145.0 474.0 58.0 van a pagar tus hazanas:

981.0 2190.0 420.0 52.0 me agarran entre dos

981.0 2217.0 521.0 56.0 y con cordeles me amarran,

979.0 2252.0 521.0 58.0 cuando llegó el comandante,

981.0 2296.0 497.0 49.0 todos ocho me acompañan.

983.0 2329.0 457.0 53.0 y me llevan a un bagaje

983.0 2364.0 453.0 80.0 ya perdí lis esperanzas.
