1860 2629
399.0 858.0 756.0 143.0 RELACION

92.0 999.0 1366.0 118.0 HECHA POR UN MOZO SOLTERO, MA¬

89.0 1086.0 1365.0 103.0 nifestando los quarenta motivos para no casarse

318.0 1158.0 903.0 99.0 y treinta y seis para descasarse.

81.0 1268.0 671.0 114.0 Pues me preguntan algunos

83.0 1362.0 596.0 57.0 necios tontos mentecatos,

76.0 1406.0 676.0 66.0 buenos simples, y sin juicio,

76.0 1459.0 676.0 74.0 que porqué no me he casado?

78.0 1516.0 577.0 52.0 como si el casarse fuera

81.0 1553.0 530.0 74.0 poseer un mayorazgo,

76.0 1605.0 568.0 68.0 cosa que solo executan

81.0 1660.0 655.0 72.0 los tontos, y los muchachos;

74.0 1717.0 676.0 68.0 porque el que atento lo mira

72.0 1754.0 553.0 70.0 à la luz del desengaño,

65.0 1805.0 689.0 83.0 q encuentra en el matrimonio

72.0 1860.0 610.0 78.0 sino pesares, quebrantos,

72.0 1919.0 513.0 61.0 desesperaciones, iras,

74.0 1965.0 647.0 68.0 sustos, dispendios y gastos?

74.0 2017.0 535.0 64.0 Todo esto experimenta

70.0 2061.0 585.0 79.0 el que quiere ser casado:

74.0 2125.0 597.0 61.0 desde el instante primero

57 2168 651 79 en que llega à imaginarlo,

70.0 2225.0 601.0 68.0 desde luego le acometan

70.0 2263.0 664.0 94.0 mil pensamientos contrarios,

767.0 1299.0 632.0 89.0 ya desmaya, ya se alienta,

774.0 1364.0 572.0 64.0 ya le desvela el cuidado

787.0 1410.0 557.0 77.0 de que sera en adelante;

783.0 1459.0 513.0 70.0 hasta que determinado

772.0 1511.0 581.0 79.0 dice: Dios hará la costa,

772.0 1564.0 680.0 76.0 y à veces se la hace el diablo:

774.0 1616.0 601.0 77.0 va à ponerlo por la obra,

763.0 1662.0 603.0 68.0 y son los primeros pasos

780.0 1724.0 667.0 61.0 el pretender en la Audiencia

765.0 1774.0 643.0 72.0 que le libren los despachos

778.0 1820.0 555.0 79.0 de la peticion, y luego

765.0 1868.0 524.0 73.0 el proveido del Auto,

765.0 1930.0 564.0 61.0 el hacer las diligencias,

756.0 1967.0 614.0 79.0 los testigos del Sumario,

772.0 2022.0 618.0 70.0 con otras muchas arengas,

763.0 2074.0 708.0 79.0 que todas le son del caso,

763.0 2127.0 566.0 76.0 y le ajustan una cuenta

761.0 2171.0 563.0 70.0 que lo dexan tiritando,

761.0 2234.0 673.0 68.0 y ha de dar lo que le piden,

763.0 2285.0 673.0 67.0 que allí no hai tanto ni quanto:
