1753 2480
186.0 347.0 454.0 58.0 En la cárcel de Sevilla

142.0 384.0 478.0 72.0 á las seis de la mañana,

142.0 436.0 525.0 66.0 á un corneta de la Habana

142.0 481.0 536.0 64.0 lo han metido en la capilla;

144.0 527.0 540.0 72.0 ya irán con las campanillas

142.0 572.0 395.0 60.0 pidiendo la Caridad,

144.0 620.0 447.0 57.0 y algunos en la ciudad

140.0 665.0 461.0 54.0 darán hasta una peseta

142.0 704.0 459.0 60.0 por el alma del corneta

140.0 758.0 476.0 52.0 que pasa á la eternidad.

183.0 793.0 482.0 70.0 En el reino de Valencia

138.0 834.0 492.0 65.0 ha nacido el desgraciado

138.0 886.0 525.0 62.0 que ha de ser hoy fusilado

136.0 927.0 527.0 71.0 como expresa la sentencia;

138.0 969.0 494.0 64.0 y espera de la clemencia

136.0 1016.0 513.0 66.0 del sol que á Sevilla baña,

136.0 1064.0 523.0 58.0 que la Princesa de España

136.0 1101.0 556.0 77.0 hija de aquel gran Monarca,

134.0 1151.0 539.0 76.0 que con su influjo, la parca

130.0 1200.0 471.0 71.0 suspenderá la guadaña,

173.0 1246.0 387.0 60.0 Serenísima Señora,

132.0 1281.0 498.0 74.0 noble infanta de Castilla,

132.0 1324.0 620.0 87.0 de un joven que está en capilla,

130.0 1376.0 504.0 62.0 os ruego seais protectora;

128.0 1421.0 550.0 71.0 sed por Dios mi intercesora,

130.0 1467.0 533.0 68.0 que por vuestra mediación,

130.0 1506.0 514.0 70.0 puede obtenerse el perdón

126.0 1550.0 562.0 76.0 de vuestra querida hermana,

128.0 1599.0 504.0 68.0 que es la mejor Soberana

126.0 1645.0 479.0 68.0 que ha tenido la nación.

169.0 1688.0 540.0 74.0 El mas grande sentimiento

124.0 1740.0 539.0 62.0 y el martirio mas profundo,

121.0 1783.0 550.0 64.0 que me lleva al otro mundo

119.0 1824.0 532.0 64.0 es la infamia del sargento;

124.0 1870.0 529.0 70.0 y hasta el último momento

121.0 1915.0 383.0 60.0 de mi vida pensaré

121.0 1955.0 404.0 62.0 que esa la causa fué

119.0 1998.0 420.0 70.0 de toda mi perdición,

119.0 2046.0 542.0 66.0 negándome hasta el perdón

119.0 2093.0 490.0 85.0 que humilde le supliqué.

450.0 140.0 862.0 130.0 Otras décimas sin glosar

934.0 363.0 322.0 60.0 Pero día llegará

893.0 396.0 469.0 79.0 para los justos propicio,

893.0 452.0 508.0 75.0 que Dios le llame á juicio,

893.0 498.0 423.0 66.0 y sus culpas juzgará;

886.0 545.0 410.0 56.0 allí el corneta estará

884.0 582.0 447.0 62.0 siendo de todo testigo,

886.0 636.0 494.0 56.0 y presenciando el castigo

888.0 675.0 530.0 66.0 que Dios le ha de destinar,

888.0 721.0 453.0 62.0 por no querer perdonar

884.0 766.0 542.0 68.0 en el mundo á un enemigo.

926.0 808.0 471.0 64.0 Quince años de servicio

882.0 853.0 538.0 77.0 cumplí muy honradamente,

882.0 896.0 459.0 69.0 el pago, pobre Vicente,

880.0 946.0 471.0 64.0 es morir en un suplicio;

882.0 987.0 451.0 69.0 es para perder el juicio

880.0 1027.0 420.0 74.0 semejante ingratitud,

880.0 1072.0 531.0 81.0 al ver que estoy con salud

880.0 1128.0 471.0 54.0 y que mañana de cierto

878.0 1171.0 401.0 54.0 estaré cadáver yerto

878.0 1217.0 420.0 60.0 en un fúnebre ataúd.

921.0 1258.0 554.0 66.0 Con trompas de oro la Fama

878.0 1304.0 500.0 62.0 con acento claro y fuerte,

880.0 1343.0 517.0 72.0 publiquen hasta la muerte

878.0 1395.0 564.0 68.0 fué mi amigo el cabo Llama;

872.0 1434.0 451.0 64.0 sentado sobre mi cama

872.0 1485.0 426.0 62.0 me dijo con claridad:

872.0 1527.0 360.0 54.0 es tanta la lealtad

872.0 1564.0 510.0 70.0 que te tengo como amigo,

874.0 1616.0 515.0 64.0 que hasta quisiera contigo

872.0 1659.0 413.0 60.0 partir á la eternidad;

911.0 1702.0 430.0 69.0 Con mucha serenidad

872.0 1733.0 531.0 83.0 hoy que es día diez y siete,

868.0 1789.0 483.0 71.0 ire en medio del piquete

868.0 1835.0 448.0 76.0 camino á la eternidad;

870.0 1884.0 357.0 62.0 y la santa Caridad

864.0 1932.0 512.0 64.0 con su vestimenta oscura,

866.0 1977.0 516.0 60.0 dando muestra de ternura

866.0 2012.0 510.0 71.0 cumpliendo su ministerio,

864.0 2064.0 479.0 58.0 irán hacia el cementerio

866.0 2114.0 434.0 78.0 para darme sepultura.
