1860 2629
511.0 1165.0 758.0 103.0 DÉCIMAS

267.0 1231.0 1255.0 114.0 compuestas por un reo estando en capilla en la ciudad de Sevilla

447.0 1292.0 895.0 101.0 llamado Vicente Pérez, corneta de la Habana

201.0 1384.0 415.0 53.0 En amarga oscuridad

157.0 1408.0 492.0 77.0 lloro un bien que no poseo,

160.0 1459.0 425.0 65.0 que sin libertad me veo

157.0 1509.0 439.0 59.0 en lo mejor de mi edad.

199.0 1573.0 419.0 70.0 Apenas sale la aurora

151.0 1614.0 491.0 77.0 cuando alegre la mañana

149.0 1671.0 473.0 66.0 consuela de buena gana

149.0 1713.0 511.0 72.0 á quien tan triste la llora;

151.0 1757.0 568.0 72.0 yo os suplico ¡oh gran señora!

146.0 1805.0 411.0 61.0 solo por ver claridad,

146.0 1846.0 465.0 70.0 que en triste infelicidad

144.0 1892.0 505.0 70.0 contemplo la dicha agena,

146.0 1941.0 391.0 59.0 yo solo lloro la pena

142.0 1987.0 415.0 72.0 en amarga oscuridad.

184.0 2039.0 399.0 88.0 Apenas nace la rosa

135.0 2098.0 422.0 75.0 repartiendo sus olores

135.0 2144.0 490.0 77.0 aunque cercada de flores

135.0 2197.0 439.0 63.0 ella es la más olorosa;

133.0 2239.0 465.0 70.0 como se ve tan hermosa

135.0 2287.0 419.0 59.0 yo tan solo no la veo,

135.0 2331.0 465.0 57.0 porque soy aquel trofeo

131.0 2377.0 507.0 85.0 donde reinan los pesares,

897.0 1393.0 513.0 63.0 hechos mis ojos dos mares

901.0 1434.0 502.0 66.0 lloro un bien que no poseo.

936.0 1496.0 452.0 77.0 Nace tambien el clavel

894.0 1551.0 446.0 61.0 oloroso en abundancia,

897.0 1594.0 513.0 73.0 y por su mucha fragancia,

894.0 1634.0 516.0 70.0 lo cortan si está en su ser;

892.0 1689.0 443.0 57.0 pero tiene aquel placer

888.0 1726.0 511.0 72.0 de rematar con su empleo;

888.0 1774.0 513.0 70.0 mas yo con mi buen deseo

886.0 1820.0 473.0 61.0 de dejar en pié la mata,

883.0 1864.0 547.0 63.0 lloro aquí mi suerte ingrata

886.0 1912.0 438.0 72.0 que sin libertad me veo.

925.0 1971.0 535.0 92.0 Nace el ave en la montaña

881.0 2030.0 463.0 64.0 y en la campiña florida,

879.0 2074.0 399.0 62.0 como se ve divertida

877.0 2118.0 509.0 75.0 solo el cazador la engaña;

877.0 2164.0 456.0 72.0 gozando de la campaña

877.0 2206.0 478.0 79.0 con su amante sin cesar,

872.0 2256.0 382.0 55.0 goza de su libertad

872.0 2285.0 512.0 87.0 cantando alegre y festivo;

870.0 2335.0 424.0 68.0 solo yo soy el cautivo

866.0 2388.0 450.0 87.0 en lo mejor de mi edad
