1753 2480
339.0 1246.0 1072.0 113.0 CONTESTACION DE LA AMANTE AL SULDADO

183.0 1328.0 449.0 77.0 Cuando recibí tu carta

142.0 1384.0 531.0 64.0 me dió un salto el corazón;

142.0 1436.0 571.0 58.0 que ya la estaba aguardando

140.0 1477.0 469.0 50.0 con lagrimitas de amor.

181.0 1512.0 528.0 58.0 Aunque mi alma esté harta

138.0 1543.0 475.0 69.0 de tanto tiempo esperar

140.0 1587.0 498.0 66.0 y el corazón se me parta,

140.0 1634.0 492.0 52.0 mucho me puede alegrar

140.0 1667.0 426.0 62.0 cuando recibi tu carta.

183.0 1707.0 488.0 64.0 Tus palabras dulces son,

140.0 1746.0 554.0 66.0 escribe muchas como estas;

138.0 1795.0 519.0 54.0 que al ver en esta ocasión

142.0 1837.0 447.0 49.0 tus amorosas protestas

136.0 1878.0 494.0 50.0 me dió un salto et corazón.

183.0 1911.0 410.0 64.0 Yo la recibí llorando,

138.0 1950.0 504.0 60.0 muy bien lo puedes creer

134.0 1996.0 500.0 60.0 porque solo vivo amando

140.0 2043.0 453.0 50.0 y sepas que desde ayer

136.0 2077.0 546.0 59.0 que ya ta estaba aguardando.

175.0 2112.0 467.0 60.0 La leí con mucho ardor

132.0 2147.0 434.0 68.0 á la luz de una velita,

138.0 2203.0 409.0 126.0 y fué tanto mi dolor,

893.0 1343.0 469.0 64.0 que la dejé manchadita

893.0 1399.0 444.0 51.0 con lagrimitas de amor.

942.0 1436.0 447.0 62.0 De tu amor vivo de día,

895.0 1473.0 570.0 62.0 con tu amor de noche sueño,

895.0 1523.0 446.0 45.0 escribe más á menudo

893.0 1554.0 574.0 58.0 por dar calma á mi tormento.

930.0 1597.0 521.0 52.0 Hoy cuando el alba sonría

893.0 1640.0 444.0 50.0 y concluya de dormir,

890.0 1682.0 455.0 54.0 será grande mi alegría;

890.0 1713.0 437.0 60.0 porque yo para existir

890.0 1764.0 435.0 52.0 de tu amor vivo de día.

934.0 1795.0 529.0 56.0 Llega la hora de acostarme

884.0 1841.0 441.0 58.0 y formo tenaz empeño

888.0 1884.0 497.0 54.0 de tu amor en olvidarme;

884.0 1919.0 550.0 56.0 y aunque quiera desviarme,

884.0 1963.0 509.0 47.0 con tu amor de noche sueño.

932.0 1998.0 543.0 60.0 Del tuyo, mi bien, no dudo;

882.0 2043.0 548.0 56.0 que fuera el dudar amargo,

882.0 2083.0 550.0 58.0 aunque á veces estés mudo,

884.0 2114.0 498.0 60.0 por esto ahora te encargo

882.0 2155.0 418.0 64.0 escribe mas á menudo.

926.0 2209.0 525.0 70.0 En tí está mi pensamiento,
