1753 2480
20.0 74.0 753.0 66.0 Sepult. No puede ser: el sol se po-

31.0 132.0 396.0 54.0 ne: es muy tarde.

20.0 155.0 753.0 78.0 Leand. Tanto mejor: así no seré

37.0 223.0 126.0 51.0 visto.

18.0 260.0 753.0 66.0 Sepult. No hagais como la otra no-

33.0 320.0 736.0 76.0 che que no os podía hacer mar-

33.0 367.0 122.0 62.0 char.

18.0 403.0 753.0 82.0 Leand. Ah! no. No será como la

28.0 465.0 749.0 70.0 otra noche! Te lo prometo.... No

28.0 514.0 118.0 56.0 será.

18.0 545.0 755.0 87.0 Sepult. ¡Gran Dios! Que cara lle-

35.0 615.0 738.0 64.0 vais. Vuestro rostro desencajado

37.0 659.0 736.0 70.0 y pálido me horroriza. Señor, me

31.0 710.0 347.0 73.0 dais compasión.

18.0 746.0 755.0 80.0 Leand. No: no me compadezcas

26.0 816.0 645.0 62.0 amigo: pues hoy ya soy feliz.

18.0 855.0 755.0 75.0 Sepult. Feliz decís? la palidez de

35.0 909.0 734.0 62.0 vuestro rostro, los labios sin color

33.0 956.0 740.0 71.0 y estos ojos sin luz ni brillo: me

31.0 1012.0 740.0 58.0 revelan señor, que en estremo pa-

28.0 1056.0 741.0 78.0 deceis. Por Dios: reportaos un

28.0 1101.0 230.0 66.0 momento.

18.0 1151.0 538.0 62.0 Leand. Dadme las llaves.

20.0 1198.0 751.0 66.0 Sepult. Siendo ya de noche y cono-

26.0 1258.0 747.0 72.0 ciéndoos cuasi desesperado no me

26.0 1314.0 172.0 47.0 atrevo.

16.0 1343.0 757.0 76.0 Leand Me lo prometisteis la otra

31.0 1401.0 746.0 68.0 vez: y así cumple tu palabra que

35.0 1457.0 740.0 64.0 yo cumplo ya la mía. Aquí tienes

28.0 1508.0 741.0 58.0 el dinero prometido: todo en oro,

28.0 1558.0 745.0 76.0 abre pues: ó mejor, vengan las

28.0 1603.0 153.0 54.0 llaves.

18.0 1638.0 753.0 73.0 Sepult. Aquí las teneis, vos mismo,

26.0 1698.0 740.0 75.0 abrid. Sobre todo, gran pru-

24.0 1744.0 168.0 60.0 dencia.

16.0 1779.0 753.0 76.0 Leand. No vuelvas hasta que sea

24.0 1847.0 745.0 64.0 de día: déjame enteramente solo.

31.0 1893.0 740.0 103.0 Procurarás que nadie se acerque

26.0 1955.0 122.0 53.0 aquí.

16.0 1986.0 750.0 68.0 Sepult. Pero señor.... temo de vos

24.0 2048.0 261.0 55.0 una locura.

18.0 2089.0 562.0 66.0 Leand. Marcha. Retírate.

18.0 2143.0 753.0 80.0 Sepult. Ya cerró él mismo la puer-

835.0 90.0 740.0 48.0 ta interiormente. Temo mucho no

837.0 124.0 736.0 62.0 pierda su razón. Quizá su vida es-

837.0 177.0 297.0 58.0 tá en peligro.

884.0 219.0 687.0 66.0 No le abandonemos, desde aquí

835.0 272.0 738.0 62.0 podré observarle sin ser visto, la

839.0 330.0 732.0 58.0 luna está muy clara... alerta pues.

843.0 376.0 728.0 55.0 ¡Pobre joven! arrodillado está á

837.0 425.0 734.0 54.0 los piés del sepulcro de su amada.

835.0 469.0 734.0 62.0 El otro día cuasi no podía arran-

837.0 514.0 736.0 64.0 carle de allí. ¡Infeliz! Saca unos

841.0 574.0 732.0 60.0 papeles, los besa, los moja con sus

837.0 613.0 736.0 62.0 lágrimas...., alguna carta será de

837.0 663.0 736.0 62.0 la virgen que allí yace. La besa

833.0 719.0 738.0 62.0 otra vez y la aprieta allá en su

835.0 760.0 736.0 64.0 pecho.... ¡Oh delirio del más ver-

833.0 810.0 740.0 74.0 dadero amor! Se levanta; parece

831.0 859.0 740.0 68.0 desesperado.... golpea la loza....

835.0 913.0 736.0 66.0 intenta arrancarla.... la besa....

831.0 963.0 738.0 72.0 sus lágrimas corren por el már-

831.0 1010.0 324.0 58.0 mol.... ¡Infeliz!

884.0 1043.0 687.0 87.0 Al fin se sentó al pie de aquella

837.0 1103.0 734.0 77.0 tumba: parece sosegado: está

837.0 1153.0 736.0 74.0 tranquilo: sólo algún suspiro se

837.0 1209.0 732.0 64.0 le oye de cuando en cuando....

837.0 1262.0 729.0 60.0 puedo retirarme sin temor. Vá-

835.0 1310.0 736.0 60.0 monos á contar el dinero que me

833.0 1355.0 330.0 58.0 ha dado. Váse.

816.0 1399.0 755.0 72.0 Leandro. ¡Ilusiones fantásticas!....

833.0 1452.0 736.0 62.0 sueños de mi mente acalorada de-

831.0 1502.0 735.0 74.0 jadme en paz! ¡Emilia!.... mi dul-

831.0 1560.0 740.0 68.0 ce Emilia ven, sombra querida de

833.0 1599.0 736.0 72.0 mis ensueños, no te apartes de

833.0 1649.0 733.0 72.0 mí!.... ¿No pedía tu amor el sacri-

833.0 1700.0 733.0 67.0 ficio de mi existencia?.... ya está

831.0 1754.0 735.0 62.0 consumado.... ya no pertenezco á

833.0 1800.0 733.0 62.0 los vivientes, ya no queda de tu

833.0 1847.0 736.0 68.0 Leandro sino el espíritu que lleno

831.0 1901.0 733.0 87.0 del más puro y acendrado amor

835.0 1944.0 318.0 66.0 vuela hacia tí.

876.0 1994.0 690.0 72.0 Las doce dan, prenda querida,

835.0 2050.0 731.0 58.0 las doce dan ¿y vivo aún? No:

833.0 2095.0 731.0 62.0 no viviré ya mucho tiempo. El

833.0 2145.0 736.0 82.0 veneno mortal que he bebido, me
