1920 2509
334 156 590 71 Con que tan gran regozijo

284 196 642 79 se nos bolvió en llanto tierno:

280 246 516 82 Dulce Jesus de mi vida,

284 294 479 84 Sacratissimo Maestro,

322 354 567 73 Si mis pecados tan graves

271 398 731 87 son los que assi os tienen puesto,

271 448 651 84 essa Espada que os dió Pàblo

270 499 631 83 passa, Señor, por mi cuello,

292 545 592 78 Dén buelta á mi corazon

267 595 609 81 las Llaves que tiene Pedro,

276 652 548 72 porque dentro dél veays,

267 698 718 79 que os amo como à Dios mesmo

320 749 639 76 Si os dió San Simon la Sierra,

270 797 668 80 yo, Señor, os di el tormento;

274 850 611 72 y assi es justo, Dueño mio,

269 897 679 75 padezca con Vos á un tiempo.

322 947 690 78 Y aunque por mis graves culpas

263 998 610 77 tan gran dicha no merezco,

264 1052 486 66 espero veros humano,

264 1092 685 84 pues hombre os pinta Matheo,

319 1147 576 74 Y Dios con Divina union,

263 1191 592 84 Rey de la Tierra, y Cielo,

1038 167 635 88 perdonad mis graves culpas,

1040 229 570 67 y mi osado atrevimiento,

1080 274 589 70 Que si esta Letra compuse,

1031 321 660 83 es porque miré en un Templo,

1026 374 509 72 en un hermosa Capilla

1023 422 571 64 un Retablo de lo mesmo.

1076 466 644 80 En que contemplé humillado,

1031 522 553 73 las ternezas, y lamentos,

1031 572 560 67 y el ardiente afecto puro,

1020 616 589 76 de la Madre del Consuelo.

1069 667 512 76 Este Sacro Desposorio,

1015 716 616 73 dulcemente contemplemos,

1023 761 485 78 siguiendo con viva Fé,

1013 816 596 73 al puro, y manso Cordero.

1066 865 615 70 Que si con Cruz, y trabajos

1015 912 566 71 entró Jesus en su Reyno,

1026 961 543 73 como podremos sin èlla

1026 1014 595 71 entrar en el Reyno ageno?

1068 1060 526 67 Si rendidos le imitamos,

1012 1108 652 73 y lloremos nuestros yerros,

1026 1163 558 67 conseguiremos su Gracia,

1023 1205 728 87 y despues su Gloria en premio.

384 1633 1247 92 Barcelona: En la Imprenta de los Herederos de Juan Jolis,

665 1697 696 88 en la calle de los Algodoneros.
