2148 3034
511.0 225.0 561.0 113.0 Yo me criaba en sus brazos

457.0 303.0 423.0 63.0 con cariño y ternura

462.0 343.0 451.0 66.0 y ahora mi desventura

460.0 389.0 511.0 71.0 me lleva á pasar trabajos

460.0 432.0 430.0 63.0 dirigiéndome los pasos

457.0 470.0 479.0 81.0 à una estrangera nacion

455.0 518.0 427.0 73.0 á morir sin confesion

455.0 566.0 478.0 63.0 en un campo de batalla

455.0 604.0 536.0 86.0 donde amparo no se halla,

450.0 652.0 425.0 109.0 madre de consolacion.

1201.0 250.0 567.0 101.0 Cuando la nueva os llevaren

1156.0 316.0 453.0 70.0 considerad la amargura

1153.0 364.0 564.0 70.0 que al pié de una sepultura

1153.0 407.0 466.0 60.0 está mi cuerpo cadáver

1153.0 452.0 476.0 68.0 maltratado de crueldades

1156.0 495.0 511.0 61.0 sangre vierten las heridas

1153.0 541.0 526.0 68.0 y con las fuerzas perdidas

1156.0 584.0 493.0 63.0 tendido en el duro suelo

1148 632 569 65 encomiéndeme usted al cielo,

1158.0 675.0 453.0 91.0 madre triste y afligida.

963.0 733.0 469.0 103.0 Adios casa de tu padre

903.0 793.0 437.0 71.0 en donde me recreaba

908.0 841.0 488.0 76.0 que tanto gusto me daba

905.0 892.0 448.0 78.0 cariño mio el hablarte

490.0 940.0 446.0 94.0 Allí las noches pasaba

442.0 1003.0 595.0 76.0 sin que me rindiera el sueño

442.0 1054.0 400.0 60.0 dulce adorado dueño

442.0 1099.0 440.0 71.0 á tu lado me sentaba

437.0 1147.0 532.0 71.0 nada pena á mi me daha

440.0 1188.0 483.0 71.0 ni me incomodaba nadie

440.0 1231.0 480.0 68.0 gustosa estaba tu madre

442.0 1279.0 534.0 66.0 y yo mas gustosa que ella

440.0 1324.0 615.0 84.0 pues se ha trocado mi estrella,

440.0 1367.0 473.0 66.0 adios casa de tu padre.

480.0 1410.0 435.0 76.0 O suerte funesta mia

435.0 1456.0 425.0 66.0 en que estado pasaré

437.0 1491.0 413.0 68.0 quiza ya no le veré

435.0 1539.0 458.0 71.0 ni de noche ni de dia

432.0 1587.0 450.0 64.0 cielos quien lo creería

435.0 1623.0 523.0 81.0 cuando mas gustoso estaba

432.0 1676.0 481.0 68.0 solo en hablarte pensaba

437.0 1716.0 496.0 74.0 y me precisa ausentarme

432.0 1757.0 516.0 83.0 ya no volveré á sentarme,

432.0 1802.0 433.0 84.0 en donde me recreaba

1186.0 948.0 407.0 96.0 Como podré cumplir

1130.0 1026.0 441.0 68.0 estando ausente de tí

1135.0 1064.0 479.0 68.0 alegría no habrá en mí

1138.0 1109.0 503.0 79.0 creo que habré de sufrir

1141.0 1163.0 475.0 60.0 y me habré de despedir

1141.0 1206.0 511.0 60.0 de la prenda que adoraba

1138.0 1246.0 562.0 76.0 pues la suerte que esperaba

1141.0 1294.0 430.0 63.0 ya quizás no la veré

1135.0 1329.0 491.0 74.0 la prenda que mas amé,

1141.0 1390.0 490.0 58.0 que tanto gusto me daba

1181.0 1423.0 463.0 66.0 Adios dueño inolvidable

1135.0 1474.0 519.0 63.0 que me voy al regimiento

1133.0 1514.0 531.0 68.0 donde el cabo y el sargento

1133.0 1559.0 491.0 64.0 no dejarán de insultarme

1133.0 1602.0 557.0 69.0 adios tu padre y tu madre

1133.0 1648.0 549.0 71.0 porque tu amante se parte

1138.0 1691.0 407.0 68.0 y preciso será darte

1138.0 1742.0 369.0 63.0 la ultima despedida

1135.0 1767.0 623.0 93.0 pues ya no podré en mi vida,

1138.0 1833.0 440.0 86.0 cariño mio el hablarte.

933.0 1888.0 455.0 94.0 Adios casa en que nací

885.0 1949.0 473.0 66.0 adios centro de mi cuna

885.0 1994.0 536.0 74.0 mi desgracia ó mi fortuna

882.0 2042.0 514.0 84.0 solo ha de pasar por mi.

468.0 2083.0 508.0 114.0 Es preciso el ausentarme

432.0 2149.0 435.0 78.0 y á todos pido perdon

427.0 2209.0 542.0 71.0 aun que con tanta afliccion

425.0 2255.0 521.0 71.0 por no poder mas estarme

425.0 2300.0 498.0 106.0 pero antes de marcharme

1120.0 2106.0 443.0 93.0 he de despedirme así

1120.0 2164.0 570.0 88.0 si algun agravio hay en mi

1125.0 2229.0 456.0 61.0 me lo pueden perdonar

1123.0 2262.0 534.0 81.0 porque es preciso marchar,

1120.0 2318.0 476.0 139.0 adios casa en que nací.
