1860 2629
1441 240 61 93 7

20 283 695 71 Joa. Men y vaig com un llampech.

581 335 149 83 (sen va)

23 353 565 70 Cos. Mal vinatje tu y 'l jech

84 403 463 61 ara 'l aurém de esperá.

86 442 166 67 Asentis.

21 471 590 72 Ber. No estích cansat.

84 521 601 64 Carambas, yo hu estich massa;

83 563 470 51 avuy hem anat de cassa

84 606 455 57 y encara no hi reposát.

24 636 732 70 Ber. Y que tal, ¿Que 'n ha mort molts?

26 690 564 54 Cos. Un puput, una xixella,

84 736 393 45 una sibeca femella

86 772 479 50 y tres ú cuatre mussols.

27 807 566 54 Ber. Amigu, bon cassadó

86 847 457 55 per la historia naturál.

83 888 499 54 ¿Ne aurá tret un dineral?

27 923 614 62 Cos. Hu hi donát am un senyó,

29 966 613 63 Ber. Avuy me ha fnigit un gos,

86 1010 476 56 que hi es mol aficionat,

86 1053 464 51 es un gos que fa fredat,

89 1088 567 54 ya li dich yo que es ben grós.

87 1131 447 57 Ees de la meva senyora:

87 1165 631 66 sembla un llop, pero es prudent;

87 1219 569 50 no se está á casa un moment.

87 1251 557 53 pues sempre fuig cap á fora.

30 1289 649 62 Cos. Ay ay; ya 'l se: es un gossás

89 1330 404 54 peludót ben agarrát:

87 1370 593 65 donchs nosaltres l' hem trobàt

90 1421 487 43 y ni menus ne 'm fat cas.

32 1457 555 56 Ber. Lo seu criat tarda mol

93 1497 541 52 y estarme aquí no 'm convé.

29 1535 632 61 Cos. Cálmis home, que hi vol fe,

92 1577 564 67 ya vindrá ya si Deu hu vol.

89 1624 442 43 passarém una estoneta

93 1657 489 56 y 'l podrém aná esperán:

90 1698 514 63 anémsen dins mentres tan

92 1745 436 48 que farém una copeta.

30 1763 717 59 Los dos entran dins del cuarto del S. Cosme.

30 1800 735 66 Surt Joanet per la porta del foro ab lo jech á la.

87 1840 373 33 má tot xorrán de aigua.

32 1853 637 73 Joa. Valgam Deu y San Bernat,

90 1904 532 60 ara si que estich mitj; mort:

90 1941 463 46 cuan hi arribat al hórt,

92 1989 480 49 ey trobat lo jech xurrát.

93 2018 596 63 Sembla que 'm senti un maréig

97 2069 525 50 y 'm punxin ab una agulla:

93 2110 517 47 Aquells tunantes fen bulla

94 2149 487 44 me 'l han tirat al sefreig.

100 2186 494 64 Y de aixó que ha resultat?

93 2228 433 46 una jugada mol maca;

89 2268 491 67 que 'l papé de la butxaca

90 2313 377 111 ara está tot estovát.

794 276 640 70 Surten lo senyó Cosme y 'l senyó Bernat

747 326 533 48 Cos. Ya tením lo nóy aquí

803 365 501 58 ya hu veurá senyó Bernát

802 404 445 51 com va mol equivocat,

800 446 455 56 sis mil lliuras ha de di.

754 479 564 68 Ber. La casa, vuit mil ne val

802 531 555 53 que es en lo que vam quedá.

802 566 523 60 ¿sap que vosté ho va firmá?

752 609 553 54 Cos. Vusté també, es igual;

807 652 420 44 Vinga 'l papé Joanet.

774 689 681 41 Joanet te la ma dintre la butxaca del jech.

805 721 673 53 Sembla que 'l tens dintre un pou.

746 759 734 55 Joanet treu lo papé de la butxaca y 'l dona á

799 787 147 39 son amo,

748 806 640 61 Joa. Tingui cuidadu que es tou.

748 854 730 55 Cos. Que es mullat: y ara ¿que has fet?

746 890 446 59 Joa. Li diré la veritat

807 931 556 56 del cas que me ha suchsuhit:

805 974 461 57 aquella que 'l ha cusit.

800 1016 482 47 en cabát me 'l ha rentát.

746 1060 535 54 Cos. Ay animal, cap de bé

1231 1083 214 62 (enfurismat)

748 1118 628 66 Joa. Ara ve 'l bó, aixó ya pinta

1323 1165 126 38 (apart)

745 1181 735 64 Cos. Que es aixó, que es brut de tinta!.

810 1238 398 48 Avuy te despatxare.

749 1263 732 67 Joa. ¿Lo veu ben be han quest senyó?

749 1313 614 54 Ber. ¿A que tens que di de mi?

752 1349 574 57 Cos. Veyám, calli, déixil di.

748 1388 648 60 Joa. Que ell te la culpa de aixó,

752 1434 586 48 Ber. Pero que dimontri xerra

749 1469 734 60 Joa, No dich mes que'l que y ha hagut

807 1516 607 54 que un altre cop que ha vingut

809 1554 533 58 tot me ho ha tirat per terra.

807 1593 410 58 Taula, tinté, lo papé,

810 1637 509 52 y aixís es com se ha tacat.

807 1681 487 52 Si no me agués espavilat,

805 1717 435 53 no se que 'm volía fe,

758 1748 569 68 Cos. Buenu, callém; aro aqui,

813 1792 474 61 ya que vosté porta presa.

810 1838 586 56 lo que han quest cas interessa

807 1878 388 60 es lo poguerlo lleigí.

749 1908 662 63 llegéix. La...la..la..ca..ca.la..ca...

751 1955 695 67 representa. Vaiga, no 's pot lleigí re

812 2005 538 48 no mes que 'l nom de voste.

751 2034 613 61 Ileigin. Don Bernat Carretalá.

753 2076 690 60 representa. Potsé devém se paréns.

816 2119 472 58 yo y vusté senyó Bernat.

752 2154 519 63 Ber. Fora gran casualitat:

812 2206 405 54 lo pare matava bens.

752 2236 580 61 Cos. ¿A que diu san cristihá?

755 2282 614 65 Ber. Aixó mateix que li he dit.

818 2325 431 138 Yo, cuan era mol petit
