1753 2480
1544.0 121.0 33.0 52.0 7

64.0 125.0 448.0 76.0 dos en fi arriban al bosch

66.0 186.0 376.0 62.0 y lo senten rellintxar,

63.0 235.0 446.0 52.0 se acosten y cridan luego

60.0 268.0 470.0 64.0 de que ja lo habian trobat ;

57.0 314.0 414.0 58.0 lo desfermaren y menan

56.0 359.0 413.0 59.0 en seguit cap al hostal ;

55.0 399.0 445.0 66.0 amo, mestresa y criadas ,

56.0 443.0 482.0 68.0 que ya tots se habìan llevat

56.0 494.0 387.0 54.0 surtiren fora la porta

56.0 534.0 369.0 55.0 á recebrer lo caball ;

55.0 573.0 405.0 64.0 una de ellas pujá luego

53.0 614.0 343.0 63.0 á dits señors avisar ,

52.0 662.0 468.0 62.0 cuant observa ab estrañesa

52.0 704.0 455.0 60.0 que el cuarto tancat está ,

55.0 748.0 478.0 62.0 y per mes que ella trucaba

52.0 796.0 437.0 48.0 ningú de ells li contestá:

52.0 829.0 495.0 67.0 « òbrian, señors, que el caball

52.0 879.0 482.0 63.0 «(los deia) ja se ha trobat.»

46.0 917.0 448.0 66.0 Pero res... ningù respon ;

48.0 960.0 408.0 65.0 y esta quietut estrañá :

49.0 1004.0 422.0 69.0 y lo amo hi pujá luego ,

48.0 1048.0 409.0 65.0 y agoitant per lo furat

41.0 1091.0 499.0 71.0 de la clau y de altre esquerda,

38.0 1132.0 340.0 68.0 lo vegé desocupat ;

38.0 1176.0 405.0 68.0 pujaren los traginers ,

41.0 1223.0 415.0 63.0 y los demés pasetjants ,

39.0 1268.0 400.0 60.0 y comensaren sospitas

37.0 1304.0 426.0 71.0 de si lladres ó bergants

35.0 1348.0 415.0 69.0 eran los que aquella nit

33.0 1387.0 475.0 76.0 los habian fet gastar tant :

33.0 1442.0 408.0 59.0 per fi lo hostaler resol

33.0 1488.0 377.0 56.0 de quedarse lo caball.

42.0 1525.0 444.0 64.0 Vejeus aqui , camaradas ,

30.0 1573.0 471.0 61.0 quels dimonis de estudiants

28.0 1614.0 508.0 65.0 han sopat com uns marquésos

30.0 1656.0 412.0 64.0 y jaguts com generals ,

31.0 1698.0 501.0 62.0 y entre tots , sols los costaha

30.0 1740.0 435.0 67.0 vint rals justos y cabals ,

30.0 1788.0 482.0 65.0 y amés de eixó el hostaler ,

31.0 1836.0 470.0 61.0 envers de perdrer , guañá.

73.0 1875.0 455.0 63.0 Vamos ab una altre historia

19.0 1916.0 472.0 69.0 que entre Granucas pasá :

19.0 1959.0 410.0 66.0 será aquesta la derrera

19.0 2010.0 488.0 60.0 per ara, que os vull contar ;

20.0 2050.0 504.0 67.0 pues son tants y tants los casos

20.0 2099.0 387.0 55.0 que pasan á cada pas ,

19.0 2135.0 428.0 63.0 que ni deu mil breviarís

19.0 2176.0 397.0 101.0 bastarian per esplicals.

578.0 168.0 404.0 40.0 En la magna Babilonia

580.0 194.0 336.0 56.0 ó Barcelona ciutad

580.0 238.0 492.0 58.0 Aixís com Paris y Londres

576.0 270.0 494.0 75.0 Marsella y altres que hi há ,

577.0 323.0 412.0 58.0 se crian uns burdagasos

1097.0 289.0 418.0 58.0 com se estila á tot arreu

576.0 366.0 420.0 61.0 que viuen del rampiñá ;

577.0 410.0 456.0 63.0 y á tan insignes confrares

576.0 454.0 496.0 65.0 los diuen Canonges del Pá ;

573.0 498.0 504.0 64.0 mes com se ha ilustrat el mon,

576.0 548.0 500.0 55.0 son nom també se ha apurat ;

573.0 584.0 408.0 64.0 puig ara les anomenan

574.0 629.0 419.0 51.0 Granucas los estremats

570.0 670.0 511.0 62.0 perque hi hà altres Granucas

571.0 720.0 401.0 43.0 que seguian als soldats

569.0 756.0 461.0 59.0 cuant anaban en columnas

573.0 799.0 446.0 62.0 per la España batallant ,

567.0 839.0 507.0 66.0 y de aquets no es mon inten

566.0 887.0 373.0 59.0 son apellido insultar.

567.0 930.0 502.0 60.0 Son mes llestos que una daina

565.0 972.0 436.0 61.0 los Granucas estremats ,

562.0 1025.0 439.0 56.0 se asejan ab gran esmero

560.0 1063.0 440.0 62.0 la moneda en fer saltar,

563.0 1103.0 416.0 66.0 en fer correr mocadors

565.0 1147.0 481.0 64.0 de butxaca ó de las mans ,

556.0 1194.0 478.0 63.0 ous , verduras , y llegums ,

555.0 1244.0 448.0 49.0 carn , tocino, peix y pá ;

559.0 1278.0 409.0 58.0 y en botigas y paradas

554.0 1321.0 407.0 59.0 si ells hi poden arribar

551.0 1362.0 493.0 65.0 plantan l' ungla ab disimulo

554.0 1406.0 446.0 64.0 y fúgen llestos com gats:

549.0 1450.0 509.0 64.0 puig, com dich, de estos Gra-

926.0 1500.0 129.0 54.0 (nucas

537.0 1537.0 412.0 62.0 ab una iglesia tancats

554.0 1584.0 358.0 58.0 se quedaren una nit

546.0 1625.0 391.0 61.0 al desota de un altar,

542.0 1671.0 440.0 60.0 eran tres y ben travesos

548.0 1708.0 396.0 61.0 y de los mes abansats ,

540.0 1752.0 426.0 66.0 projectant lo fort caixó

534.0 1804.0 379.0 57.0 de las ánimas robar ,

541.0 1846.0 438.0 60.0 portant alguns ferragots

541.0 1886.0 449.0 60.0 que los servisen pel cas ,

540.0 1937.0 467.0 55.0 y un sacot també portaban

536.0 1979.0 402.0 55.0 per replegar el arjant ;

530.0 2017.0 437.0 63.0 que fet lo robo pensaban

539.0 2061.0 354.0 62.0 ben dematir escapar

536.0 2099.0 470.0 68.0 luego de oberta la iglesia ,

534.0 2147.0 488.0 67.0 que el campaner sens mirar

537.0 2190.0 365.0 91.0 cada demati la obria

1095.0 176.0 405.0 38.0 al temps de misa tocar.

1095.0 199.0 500.0 65.0 Cuant, donchs, lo escolá major

1092.0 242.0 466.0 68.0 la iglesia hagué registrat ,

1094.0 332.0 434.0 59.0 avans de anarla á tancar ,

1094.0 372.0 430.0 64.0 tribunas , confesionaris ,

1088.0 418.0 501.0 64.0 la trona , y tambe los banchs,

1096.0 462.0 379.0 62.0 lo campanar , sacristia

1094.0 509.0 386.0 61.0 y cuasi tots los altars ;

1085.0 549.0 404.0 54.0 tingueren estos la sort

1088.0 592.0 408.0 55.0 que el escolá se deixás

1085.0 635.0 505.0 67.0 lo altaret en que ells se estaban

1092.0 677.0 370.0 60.0 com sardinas apiñats ,

1085.0 723.0 413.0 56.0 pasadas unas tres horas

1083.0 764.0 448.0 64.0 de haber la iglesia tancat ,

1080.0 814.0 449.0 54.0 emprenent son mal intén ,

1090.0 848.0 434.0 66.0 un de aquets se destacá ,

1085.0 892.0 504.0 62.0 y ab lo trist llum de la llántia

1087.0 940.0 500.0 61.0 que está al Sagrament cremant

1079.0 980.0 390.0 61.0 se pasejá per la iglesia

1073.0 1027.0 469.0 65.0 con per descubrir lo camp ;

1069.0 1074.0 346.0 57.0 asegurat que ja fou

1072.0 1118.0 489.0 60.0 de estar tot quiet y tancat ,

1066.0 1154.0 429.0 66.0 y de no haber enemichs

1066.0 1204.0 452.0 58.0 quels poguesen destorbar ,

1070.0 1248.0 394.0 52.0 surten de lo dit catau

1072.0 1282.0 324.0 64.0 alegres y confiats ,

1073.0 1332.0 402.0 49.0 y ensenen una candela

1069.0 1372.0 497.0 62.0 á la llántia que hem parlat ,

1066.0 1416.0 416.0 56.0 a dit caixó de puntetas

1071.0 1460.0 468.0 62.0 se encaminan los tres gats ,

1069.0 1501.0 448.0 61.0 cual caixó en lo presbiteri

1065.0 1547.0 331.0 52.0 estaba ben colocat

1061.0 1591.0 384.0 51.0 lo un hi ficá un farrot

1061.0 1635.0 408.0 59.0 entre la tapa y el pany ,

1062.0 1679.0 411.0 52.0 altre ab unas estenallas

1061.0 1729.0 419.0 52.0 de arrencar claus probá ;

1061.0 1770.0 499.0 58.0 jo vegent que aquestos murris

1058.0 1810.0 378.0 52.0 lo lograrian espatllar ,

1055.0 1853.0 401.0 59.0 men pujo molt diligent

1055.0 1895.0 356.0 58.0 tot dret al campaná

1055.0 1948.0 420.0 47.0 y comenso las campanas

1052.0 1979.0 361.0 60.0 fortament á repicar ;

1052.0 2023.0 422.0 61.0 lo campané que dormia

1052.0 2068.0 388.0 56.0 á la estancia de llevant

1050.0 2112.0 402.0 49.0 que tras de la rectoría

1050.0 2153.0 442.0 58.0 venia son cuarto á donar

1055.0 2198.0 383.0 82.0 y lo campaná sobre ell
