1753 2480
336.0 134.0 366.0 27.0 y dona duas pesetas

339.0 140.0 336.0 60.0 el que feia de criat

332.0 181.0 443.0 67.0 per pagar lo vi quel amo

337.0 227.0 474.0 66.0 ab lo hostaler se han colat

326.0 271.0 452.0 67.0 que aixi millor disfrasaba

329.0 314.0 413.0 69.0 la feta que vol jugals.

322.0 355.0 522.0 79.0 Jo tan luego com vas veurer

323.0 403.0 417.0 66.0 que tot lo mon jeia ja ,

321.0 447.0 445.0 72.0 trach las claus ab sutilesa

318.0 489.0 380.0 63.0 de la porta del hostal

315.0 530.0 455.0 72.0 de las butxacas del moso

315.0 575.0 564.0 76.0 que está com un porch roncant,

314.0 621.0 441.0 62.0 obro la porta al moment

314.0 661.0 387.0 71.0 y men porto lo caball ,

312.0 699.0 556.0 79.0 lligantlo al tronch de una alsina

308.0 748.0 481.0 73.0 lluny á cosa de tres cuarts :

307.0 796.0 512.0 73.0 convertintme luego en mosca

305.0 836.0 426.0 66.0 al hostal men vas tornar

303.0 876.0 515.0 78.0 per veurer los seus projectes

304.0 927.0 434.0 65.0 en qué vindrian á parar ;

305.0 965.0 503.0 79.0 y en efecte al cap de un rato

293.0 1012.0 436.0 70.0 baixa del cuarto el criat,

301.0 1058.0 375.0 58.0 y disperta al matalot

297.0 1103.0 423.0 65.0 perque aperie lo caball ,

296.0 1140.0 539.0 77.0 puig una hora avans quel amo

296.0 1184.0 550.0 72.0 diu, que acostuma éll martxar :

293.0 1227.0 436.0 73.0 lo moso luego es vesteix

292.0 1270.0 399.0 71.0 per donar la grana ja ,

288.0 1321.0 471.0 59.0 cuant ab singular sorpresa

286.0 1357.0 411.0 69.0 troba á faltar lo caball,

283.0 1401.0 395.0 67.0 lo criat se quedá fret

282.0 1446.0 360.0 66.0 pensatiu y capficat ;

285.0 1492.0 430.0 64.0 al moment lo moso pasa

281.0 1530.0 366.0 62.0 al pati mes inmediat

281.0 1581.0 413.0 58.0 y observa tota la porta

279.0 1624.0 372.0 63.0 oberta de cap á cap ;

278.0 1662.0 422.0 69.0 aqui foren ja los sustos

275.0 1712.0 346.0 61.0 de matalot y criat :

277.0 1749.0 445.0 72.0 « ¡qué diantres será aixó!

272.0 1798.0 455.0 67.0 « algú se lo haurá portat

272.0 1839.0 535.0 71.0 « y me haurán presas las claus

271.0 1886.0 542.0 69.0 « mentras jo estaba en el jás. »

265.0 1923.0 425.0 69.0 Aixi lo moso se esclama

264.0 1972.0 438.0 62.0 mol trist y desconsolat :

260.0 2006.0 496.0 93.0 segueix tots aquells estables

264.0 2055.0 350.0 65.0 y contá los animals ,

259.0 2102.0 402.0 66.0 peto per fi cap li falta

259.0 2143.0 460.0 80.0 mes que el sobredit caball ;

1079.0 132.0 431.0 60.0 lo criat sen pujá luego

1072.0 168.0 434.0 71.0 ab los altres estudiants ,

1072.0 217.0 486.0 64.0 que contantles lo que pasa

1069.0 261.0 473.0 69.0 quedaren molt trastornats ,

1069.0 300.0 514.0 76.0 si bé que lo habian fet correr

1066.0 345.0 478.0 71.0 á un gitano el tal caball ;

1068.0 388.0 428.0 65.0 mes ab tot ja discurrian

1061.0 436.0 417.0 66.0 com fugirian sens pagar

1059.0 478.0 485.0 70.0 que el caball valia mol poch

1062.0 519.0 444.0 65.0 y millor podrian trobal

1057.0 562.0 383.0 66.0 ab una altre xerinola

1057.0 607.0 485.0 72.0 que sels poguès presentar :

1054.0 655.0 485.0 69.0 entre tant que esta conversa

1052.0 686.0 378.0 71.0 tenian dits estudiants

1051.0 734.0 398.0 66.0 lo matalot no cesaba

1055.0 774.0 412.0 71.0 als traginers de cridar,

1043.0 820.0 490.0 68.0 contantlos la estravagancia

1041.0 868.0 434.0 62.0 de las portas del hostal :

1044.0 912.0 434.0 59.0 de com lo caball faltaba

1043.0 947.0 523.0 79.0 dels señors que hi habia dalt :

1041.0 997.0 492.0 65.0 aixi donchs tots se axecaren

1043.0 1041.0 370.0 65.0 y determinan rondar

1039.0 1084.0 453.0 66.0 carretera , bosch,  camins

1037.0 1125.0 503.0 72.0 que hi há per aquells basals :

1034.0 1171.0 501.0 66.0 los estudiants se cregueren

1031.0 1215.0 378.0 58.0 que la feta del caball

1033.0 1258.0 341.0 62.0 era fet á gratcient

1019.0 1303.0 466.0 62.0 per los amos del hostal

1036.0 1348.0 439.0 57.0 perque poguesen cobrar

1032.0 1387.0 479.0 59.0 lo gasto que habian causat

1025.0 1428.0 558.0 66.0 que pot ser que sas conversas

1023.0 1474.0 446.0 66.0 algú las habia escoltat ;

1028.0 1515.0 527.0 74.0 aixi , donchs , se resolgueren

1019.0 1558.0 392.0 60.0 per la finestra á tirar

1018.0 1603.0 356.0 66.0 las alforjas y lo fato

1018.0 1651.0 506.0 67.0 que entre tots habian portat,

1018.0 1691.0 390.0 64.0 y lligaren la sua corda

1014.0 1733.0 361.0 63.0 per escaparse aviat ;

1019.0 1780.0 450.0 66.0 y en efecte ho executan ,

1021.0 1822.0 386.0 66.0 y á terra los tenim ja ;

1011.0 1873.0 336.0 50.0 se repartiren lo pés

1010.0 1910.0 456.0 68.0 que cadascú ha de portar ,

1008.0 1960.0 454.0 55.0 y emprenguer en lo camí

999.0 2000.0 402.0 59.0 venint carretera ansá :

1001.0 2046.0 355.0 55.0 matalot y traginers

999.0 2084.0 399.0 54.0 proseguiren en buscar

1001.0 2124.0 490.0 62.0 lo caball de aquells señors ,

996.0 2174.0 508.0 84.0 cual pérdua los era estrany ;
