1753 2480
264 237 505 95 tente, borrico del diablo,

268 305 585 85 pues sí agarro un varejon...

264 357 442 72 Jesus, Maria y José!

264 403 513 72 Qué tal bobanca sea yo?

264 454 521 68 en hablando de las niñas

260 504 494 72 se me pierde la razon,

270 560 490 62 y muchos hay en la sala

270 605 534 70 lo mismito en conclusion:

264 648 469 77 el majito que está allí

268 708 513 64 es un pollo de atencion,

272 752 608 76 y el que menos corre, buela

268 795 494 70 en llegando la ocasion.

272 851 563 70 Por fin, señoras, perdonen

277 901 605 78 porque es tan grande el amor

277 944 653 81 que os tengo, que asi que os veo

274 1004 554 62 me da rehumatismo y tos,

277 1049 502 71 jaqueca, dolor de clavo,

274 1103 509 68 tabardillo y sarampion,

281 1144 430 69 viruelas y garrotillo,

277 1192 504 76 y en este lado un dolor,

274 1237 633 83 que es menester quemar lana,

274 1287 563 68 mantequilla, y una uncion

274 1337 557 70 en aqueste lado izquierdo,

281 1392 564 69 porque vuelva en mi razon

281 1436 514 74 y luego que vuelva en mí

277 1481 613 81 marcho al instante á este son.

279 1543 514 69 Señoras, el juicio pierdo,

279 1591 533 70 me perdonarán, por Dios,

287 1640 508 71 porque soy un atrevido;

281 1680 562 78 válgame aqui san Anton,

283 1742 537 66 yo quiero servir austedes,

285 1791 517 56 con que pidan sin temor:

285 1814 667 93 mándenme ustedes que me eche

293 1886 527 69 por ventana ó por balcon,

287 1928 465 68 ó de cabeza ó de pies,

287 1984 465 62 como les guste mejor;

291 2021 535 78 dénme ustedes bofetadas,

291 2077 480 70 ó dénme con un rejon,

293 2124 428 72 ó rájeme la cabeza,

293 2178 535 62 me echaré en el suelo yo,

297 2219 507 79 y dénme ustedes patatas;

291 2271 515 74 mas detente, borrachon,

297 2322 412 73 borrico de Belcebú,

952 231 464 87 no basta decirte, sóo?

952 299 565 75 En viendo yo las madamas

952 353 495 64 se me muda el facistol,

959 400 554 73 y algunos de los presentes,

959 448 485 72 y uno de ellos el señor,

955 489 514 77 acechando como el gato,

959 558 554 64 que está mirando al raton.

965 599 482 60 Y por fin, sea ó no sea,

955 636 564 70 yo tengo á ustedes pasion,

955 692 541 76 á ustedes digo, madamas,

952 750 472 62 os amo con tal fervor,

955 777 570 80 que me hiciera mil pedazos

959 832 560 83 bailando aqui el chilindron;

955 888 465 70 no lo puedo remediar,

957 944 419 60 es conocida pasion,

955 965 618 101 en viendo yo á las madamas

961 1029 483 74 me quedo sin reflexion,

959 1087 490 72 los ojillos se me bullen,

957 1136 498 70 y me hago un salpicon;

963 1175 535 77 para mi ninguna hay fea;

955 1237 494 62 si es morena me gusto,

961 1279 614 68 si es blanca me robó el alma,

959 1326 496 71 si es quebrada de color

965 1372 535 82 me gustó aquel colorcito,

963 1432 566 62 si es encarnada un primor,

967 1479 585 71 si es verdinegra un prodijio,

971 1521 440 80 y si tiene condicion

969 1572 519 79 me alegra solo el oirla,

971 1622 445 72 si es pacifica mejor,

973 1659 562 93 que tenga la boca grande,

973 1719 562 81 que la tenga chica, arroz;

973 1773 445 72 sea chata ó narigona,

965 1822 548 77 que tenga garbo, que no,

975 1866 467 78 sea aseada ó cochina,

977 1917 463 75 cada una es una flor;

979 1967 490 76 siendo muger, para mi

983 2008 484 85 tiene la gracia de Dios:

983 2066 466 70 á todas las de esta sala

983 2099 610 97 las quiero mas que un doblon;

988 2159 465 81 y porque vean ustedes

983 2209 511 91 donde llega mi aficion,

983 2263 445 66 aunque sea una viaja

986 2306 560 97 que pase de ochenta y dos,
