1860 2629
392 297 529 64 Y sin embargo, aduladas

339 335 542 76 de los locos pretendientes

339 400 501 60 oyen sin duda alabanzas

331 446 544 73 que no todas las merecen.

388 490 427 75 Uno las titula diosas,

339 545 457 64 otro ángel, otro fenix.

337 591 417 64 y sin amor aseguran

337 641 568 71 que morir antes prefieren...

386 687 506 71 Juramentos se prodigan,

337 731 520 79 músicas y cartas llueven,

337 779 474 73 hay empeños, desafios,

337 841 568 57 y aun amenazas de muerte.

361 889 645 66 ¡ Ay necias! Que esas palabras,

335 928 540 75 ese almibar y esas mieles,

337 977 546 72 veneno son que os matan,

333 1025 621 72 lazos y redes que os tienden.

388 1073 563 74 Vosotras no sois de bronce,

333 1134 636 70 vuestra sangre no es de nieve,

333 1183 594 65 para amar tambien nacisteis,

333 1222 575 72 y ese amor tal vez os pierde.

381 1277 478 65 De vuestro poco Teson

333 1323 544 76 pagais las resultas siempre,

333 1380 548 63 y vuestra inocencia misma

331 1432 500 55 sacrificais las mas veces.

331 1467 680 73 No indagais si es hombre honrado

326 1527 560 72 si buen genio ó malo tiene,

331 1566 526 77 y si haceros muy dichosas

331 1621 618 74 vuestra union con él promete.

381 1671 531 70 ¿Son bonítos? son galanes?

331 1713 557 72 son graciosos y elocuentes?

331 1761 603 74 brillan? gastan? Pues ya todo

329 1811 484 84 lo que necesitan tienen.

379 1866 489 72 Accedeis á sus caricias;

329 1916 671 77 os conquistan.. ay!.. os vencen...

1039 282 516 97 y en la plaza conquistada

1039 359 496 61 el vencedor dicta leyes.

1035 446 673 73 no es mucho que entonces entre

1092 398 487 79 Y si luego os abandona!

1033 501 550 70 en vuestro pecho el furor,

1037 549 559 71 y la rábia mas vehemente.

1090 591 555 72 ¡Cuántas por este mal pago

1033 652 546 62 se dieron, locas la muerte,

1035 698 535 64 dando luto á sus familias,

1033 738 572 79 y trastorno á sus parientes!

1092 786 564 81 ¡Cuántas viéndose infelices,

1039 839 487 70 y sin remedio evidente,

1022 893 471 64 cometieron crimen vil

1028 933 603 76 contra el fruto de su vientre!

1085 990 549 63 Y cuando daño tan grande

1028 1031 465 75 á las cautas no sucede,

1033 1097 524 64 cuantas la edad del amor

1039 1141 498 66 majaderamente pierden.

1061 1187 641 77 ¡Cuántas por fin desde entonces

1037 1235 577 70 aunque el lance no resuene,

1039 1283 509 70 vieron consumir sus años

1033 1334 500 61 en angustias y cordeles!

1083 1380 526 65 ¡Cuántas que jóvenes son

1033 1428 572 70 presumiendo serlo siempre,

1035 1483 574 65 hacen de los hombres burla,

1030 1527 544 76 colmándolos de desdenes!

1079 1577 447 74 Y vienen dias y dias,

1035 1636 480 57 y pasan meses y meses;

1033 1678 504 70 y al fin quedan para tias

1033 1728 530 70 y como nacieron mueren!

1065 1778 591 68 Dejo aparte otros mil males,

1026 1814 667 81 que á las doncellas comprenden,

1033 1879 511 64 porque me dilato mucho

1030 1930 584 72 y el papel llama á ser breve.

995 2114 70 98 FIN.

846 2269 360 64 MADRID.— 1856.

377 2352 1287 108 Se hallará de venta en la Plaza de Riego (antes de la Cebada, núm. 96.)
