1860 2629
267.0 166.0 485.0 66.0 No quiero llevar zapatos

267.0 216.0 522.0 95.0 Que otro se haya puesto ya

269.0 271.0 461.0 77.0 Pero con todo, Manuela,

263.0 330.0 548.0 73.0 Quiero probarte mi aprecio:

263.0 387.0 520.0 75.0 Si tu marido, el muy necio

265.0 451.0 430.0 87.0 Llega á tocarte ni así,

263.0 501.0 546.0 97.0 Le dirás que yo te he dicho,

261.0 565.0 537.0 101.0 Que donde llegue á toparle,

265.0 624.0 465.0 68.0 Tal vapuleo he de darle

258.0 679.0 457.0 74.0 Que se acordará de mí.

199.0 736.0 579.0 96.0 Man.—No te dé pena, Perico;

263.0 795.0 467.0 72.0 Tengo ya muy conocido

258.0 854.0 457.0 74.0 Al pobre de mi marido,

263.0 915.0 401.0 68.0 Y nunca me pegará.

261.0 961.0 550.0 105.0 Mientras yo avellanas venda

258.0 1029.0 441.0 79.0 Perico, deja las penas,

256.0 1091.0 524.0 72.0 Que tú comerás las buenas

261.0 1150.0 434.0 68.0 Y él las malas comerá.

197.0 1198.0 627.0 79.0 Per.—Ay Manuela, no recuerdas

256.0 1266.0 570.0 87.0 Las horas, que entre caricias,

254.0 1327.0 452.0 75.0 Gozábamos las delicias

256.0 1375.0 566.0 77.0 Tan propias de nuestra edad?

197.0 1437.0 647.0 127.0 Man.—Si Perico y desde entonces,

1065.0 192.0 457.0 53.0 Hasta la hora presente,

1065.0 232.0 490.0 76.0 Hablándote francamente

1068.0 286.0 454.0 84.0 No sé, que es felicidad;

1070.0 350.0 465.0 77.0 Y si los padres supiesen

1063.0 411.0 481.0 70.0 Lo que padece una hija,

1063.0 471.0 514.0 67.0 Que la casan, sin que elija

1063.0 525.0 419.0 77.0 El esposo, el corazón;

1061.0 573.0 535.0 82.0 Los matrimonios por fuerza

1061.0 637.0 480.0 70.0 Quedarian desterrados...

1059.0 694.0 496.0 74.0 Son esposos desgraciados

1061.0 753.0 502.0 77.0 Los que por fuerza lo son.

1011.0 810.0 570.0 79.0 Per.—Las mujeres y los gatos

1055.0 878.0 533.0 72.0 Son dos cosas muy iguales,

1059.0 926.0 509.0 75.0 Pues los dos son animales

1057.0 990.0 454.0 72.0 Que arañan á lo mejor;

1057.0 1042.0 570.0 84.0 Mientras se les mima, bueno;

1059.0 1104.0 504.0 70.0 Y la mujer mientras toma

1055.0 1165.0 530.0 75.0 Siempre se la vé de broma;

1052.0 1218.0 448.0 72.0 Se pone de mal humor

1052.0 1281.0 410.0 70.0 Si no recibe, porqué

1052.0 1340.0 481.0 68.0 Luego piensa no merece

1059.0 1393.0 500.0 81.0 Y entonces su rabia crece

1052.0 1454.0 505.0 88.0 Cual en fiebre la del Leon

693.0 1529.0 493.0 76.0 Que el orgullo á la mujer

653.0 1599.0 483.0 76.0 Le roba la flor mas pura,

655.0 1656.0 459.0 79.0 Pues le roba la ternura,

651.0 1715.0 500.0 72.0 Que es la flor del corazón.

1307.0 1851.0 276.0 85.0 (Es propiedad.)

335.0 2407.0 1274.0 86.0 Barcelona.—Imps. de Cristina Segura Vda. A. Llorens, Palma de Sta. Catalina, 6
