2148 3034
824.0 1102.0 484.0 93.0 COPLAS NUEVAS

511.0 1168.0 1062.0 146.0 GLOSADAS EN DECIMAS,

662.0 1269.0 775.0 119.0 PARA CANTAR LOS AFICIONADOS.

812.0 1433.0 417.0 94.0 Determinado me siento

764.0 1499.0 463.0 68.0 A aborrecer lo que adoro,

764.0 1539.0 503.0 61.0 En el mismo instante lloro

761.0 1575.0 478.0 96.0 Mi propio aborrecimiento.

432.0 1590.0 534.0 126.0 Amo á una deidad hermosa,

389.0 1653.0 491.0 94.0 Pero es una ingrata fiera,

392.0 1701.0 480.0 84.0 Tengo el alma prisionera,

382.0 1736.0 478.0 91.0 Por una sierpe engañosa,

382.0 1777.0 450.0 78.0 Es una Venus preciosa:

382.0 1817.0 546.0 89.0 Pero en lo que digo miento,

382.0 1855.0 607.0 99.0 Es un rayo, un leon sangriento,

382.0 1901.0 541.0 83.0 O una esmeralda, una perla;

382.0 1939.0 533.0 83.0 Y entre adorarla y quererla

379.0 1979.0 433.0 74.0 Determinado me siento.

417.0 2025.0 468.0 81.0 Es un serafin, un cielo,

371.0 2060.0 448.0 84.0 Esta belleza que adoro,

371.0 2098.0 534.0 96.0 Es un demonio, es un toro,

371.0 2138.0 456.0 86.0 Es todo mi desconsuelo;

369.0 2181.0 455.0 81.0 Olvidarla es mi desvelo:

371.0 2217.0 438.0 83.0 Pero si fino la imploro,

374.0 2260.0 458.0 81.0 No sé comó me desdoro,

374.0 2303.0 481.0 78.0 Yo propio me contradigo,

374.0 2338.0 531.0 99.0 Ya me obligo, no me obligo

361.0 2391.0 481.0 132.0 A aborrecer lo que adoro.

1105.0 1628.0 466.0 96.0 Mi pena es tan escesiva,

1062.0 1688.0 491.0 76.0 Y mi pasion tan violenta,

1060.0 1731.0 513.0 76.0 Que quisiera verla muerta,

1060.0 1769.0 564.0 81.0 Y en el mismo instante viva:

1062.0 1810.0 493.0 73.0 El amor suyo me priva

1055.0 1858.0 468.0 61.0 A no olvidar su decoro:

1057.0 1888.0 526.0 76.0 Yo la aborrezco y la adoro

1052.0 1929.0 493.0 75.0 En ver su fino semblante;

1052.0 1972.0 519.0 75.0 Pensando serle inconstante,

1049.0 2020.0 494.0 60.0 En el mismo instante lloro.

1092.0 2053.0 461.0 75.0 En fin no la puedo ver,

1049.0 2083.0 433.0 81.0 Y si la miro, me pesa,

1042.0 2131.0 476.0 68.0 Me recreo en su belleza

1042.0 2171.0 453.0 71.0 Siendo pesar mi placer.

1037.0 2207.0 420.0 78.0 Dejarla no puede ser,

1034.0 2250.0 534.0 93.0 Estar con ella es tormento,

1039.0 2293.0 433.0 73.0 Olvidarla, sentimiento,

1037.0 2323.0 402.0 81.0 En uno y otro dolor

1034.0 2371.0 491.0 63.0 Me mata en cruel ardor

1027.0 2417.0 498.0 103.0 Mi propio aborrecimiento.
