2148 3034
936.0 328.0 450.0 111.0 Tú me robastes el alma,

890.0 409.0 420.0 63.0 La vida y el corazon,

893.0 460.0 478.0 63.0 Todos mis cinco sentidos,

890.0 495.0 418.0 78.0 El destino y la razon.

533.0 523.0 496.0 109.0 A tu puerta gime y llora

1199.0 536.0 529.0 85.0 Hasta que llegue la muerte

498.0 599.0 357.0 68.0 Un afligido pastor,

1166.0 599.0 519.0 68.0 Constante te he de adorar,

500.0 639.0 514.0 63.0 Sin vista, porque tu amor

1171.0 642.0 440.0 60.0 Y sino te puedo hablar

495.0 685.0 461.0 58.0 Ciego me tiene, señora:

1166.0 687.0 458.0 61.0 Me consolaré con verte:

488.0 720.0 521.0 68.0 Con el rigor, bella aurora,

1166.0 720.0 493.0 63.0 O lo haré de otra suerte,

495.0 766.0 499.0 68.0 Quieres llevarte la palma;

1163.0 766.0 451.0 58.0 Contándoselo á tus tios,

493.0 806.0 483.0 61.0 Me dejas en cruel calma,

1163.0 791.0 532.0 71.0 Diciéndoles que tú has sido

493.0 849.0 470.0 58.0 Negándome hasta mi fé,

1163.0 834.0 587.0 68.0 La que el alma me ha robado

493.0 882.0 468.0 68.0 Mas yo siempre te diré,

1166.0 879.0 526.0 66.0 Y tambien me ha cautivado

498.0 925.0 443.0 58.0 Tú me robastes el alma.

1166.0 925.0 481.0 61.0 Todos mis cinco sentidos.

531.0 960.0 508.0 74.0 No basta haberme quitado

1204.0 953.0 513.0 76.0 Adios, mi prenda querida,

490.0 996.0 514.0 73.0 La vista, y tenerme ciego,

1158.0 996.0 400.0 68.0 Mi veneno apetecido

485.0 1039.0 486.0 60.0 Sino que avivas el fuego

1161.0 1039.0 632.0 75.0 Por quien muero, por quien viro,

488.0 1077.0 529.0 63.0 En donde me has arrojado:

1158.0 1087.0 453.0 58.0 Adios, vida de mi vida:

488.0 1120.0 561.0 75.0 Mas yo al niño dios bendado,

1156.0 1117.0 485.0 71.0 Esta ya va en despedida,

483.0 1160.0 377.0 66.0 Presentaré peticion

1161.0 1165.0 389.0 63.0 Pero con resolución,

483.0 1206.0 440.0 63.0 De tú injusta sinrazon,

1158.0 1195.0 511.0 69.0 Que se aumente tu pasion,

485.0 1238.0 448.0 71.0 Y le contaré á Cupido,

1161.0 1243.0 437.0 59.0 Y me trates de querer.

488.0 1284.0 559.0 61.0 Que por quererte he perdido

1158.0 1274.0 529.0 81.0 Porque por tí he de perder

488.0 1327.0 420.0 81.0 La vida y el corazon.

1153.0 1324.0 425.0 66.0 El destino y la razon.

905.0 1370.0 504.0 83.0 No se puede hacer culpable

865.0 1428.0 422.0 68.0 Al hombre que solicita.

857.0 1468.0 478.0 59.0 Mas culpable es la muger

865.0 1517.0 506.0 83.0 Que sin reparar lo admita.

521.0 1559.0 506.0 86.0 Si la pluma de Doctores,

483.0 1610.0 427.0 68.0 Afirman con Salomon,

475.0 1653.0 461.0 61.0 Que la muger y ocasion

483.0 1699.0 546.0 65.0 Son los dos puntos mejores:

480.0 1734.0 440.0 66.0 Y seguu otros autores,

480.0 1772.0 430.0 63.0 La cosa mas agradable

480.0 1802.0 564.0 81.0 Al hombre, y mas estimable:

478.0 1853.0 458.0 66.0 Es una hermosa muger,

475.0 1896.0 461.0 58.0 Pudiéndola pues querer

470.0 1939.0 504.0 55.0 No se puede hacer culpable.

516.0 1974.0 427.0 61.0 Por la violenta pasion

473.0 2015.0 473.0 63.0 Que agita á todo mortal,

473.0 2050.0 475.0 71.0 En vl hombre es natural

473.0 2090.0 442.0 66.0 La amorosa pretension:

473.0 2128.0 533.0 71.0 Mas con decir su intencion,

473.0 2169.0 498.0 68.0 Nada à la muger le quita,

473.0 2209.0 531.0 74.0 Ni su estimacion marchita,

473.0 2255.0 480.0 68.0 Pues el rigor de su afan,

473.0 2295.0 460.0 66.0 No toma, si no le dan.

473.0 2341.0 427.0 139.0 El hombre que solicita.

1184.0 1554.0 488.0 81.0 El incendio mas violento,

1146.0 1608.0 546.0 75.0 Si dá en la nieve ó el hielo,

1146.0 1656.0 526.0 58.0 Se apaga y queda sin fuego

1148.0 1701.0 476.0 53.0 Su ardoroso movimiento:

1148.0 1742.0 443.0 50.0 Asi el amoroso intento

1146.0 1767.0 539.0 73.0 Del hombre en hacer arder,

1148.0 1815.0 529.0 68.0 No puede el fuego prender;

1146.0 1860.0 485.0 56.0 Mas si la muger presenta

1146.0 1888.0 554.0 73.0 Estopa, que el fuego alienta,

1143.0 1934.0 488.0 60.0 Mas culpable es la muger.

1181.0 1972.0 471.0 65.0 Al hombre se le ordenó

1143.0 2015.0 486.0 68.0 Comer su pan con sudor,

1146.0 2050.0 447.0 61.0 Y á la muger con dolor

1143.0 2088.0 536.0 71.0 Dar à luz lo que engendró:

1146.0 2141.0 425.0 56.0 Siempre disculparé yo

1143.0 2179.0 585.0 63.0 Al hombre que al gusto incita,

1146.0 2219.0 544.0 53.0 Pues tengo por mas maldita,

1143.0 2250.0 587.0 73.0 Y mas que al hombre culpada

1138.0 2288.0 385.0 70.0 La muger solicitada,

1146.0 2338.0 506.0 132.0 Que sin reparar lo admita.
