1753 2480
294.0 163.0 389.0 69.0 TROVO CUARTO

391.0 267.0 226.0 59.0 La dama

199.0 351.0 456.0 65.0 Como sigas así siempre

159.0 400.0 399.0 49.0 yo nunca te olvidaré,

158.0 449.0 458.0 49.0 si comprendo que varías

158.0 486.0 477.0 66.0 se acabó nuestro querer.

198.0 622.0 531.0 60.0 Cuando empecé á conocerte

155.0 662.0 323.0 62.0 tenía duda de tí;

155.0 715.0 422.0 55.0 pero te hago presente

155.0 789.0 489.0 22.0 que no niego el darte el sí

155.0 804.0 451.0 62.0 como sigas así siempre.

197.0 941.0 427.0 56.0 Si me amas, te amaré,

157.0 980.0 399.0 56.0 pero si te portas mal

157.0 1025.0 500.0 60.0 yo tambien lo mismo haré,

154.0 1071.0 353.0 50.0 pero sí eres formal

155.0 1114.0 403.0 73.0 yo nunca te olvidaré.

194.0 1251.0 405.0 45.0 Con autorización mía

151.0 1293.0 491.0 68.0 puedes sentarte á mi lado;

151.0 1341.0 422.0 56.0 pero eres el mejor día

151.0 1384.0 445.0 55.0 de mi boca despreciado

151.0 1431.0 466.0 99.0 si comprendo que varías.

191.0 1561.0 458.0 57.0 Por seguro has de tener

148.0 1605.0 506.0 57.0 que no te olvido por nadie,

150.0 1650.0 357.0 59.0 pero te hago saber

151.0 1707.0 514.0 44.0 que en cuanto tu te resbales

148.0 1745.0 455.0 57.0 se acabó nuestro querer.

294.0 1866.0 371.0 73.0 TROVO QUINTO

367.0 1964.0 218.0 61.0 El amante

191.0 2054.0 438.0 62.0 Es para mí una ventaja

148.0 2101.0 458.0 55.0 el quererte con buen fin;

147.0 2143.0 424.0 57.0 es imposible encontrar

146.0 2189.0 408.0 73.0 una que te iguale á tí.

1069.0 179.0 513.0 62.0 Dirás que no estoy en caja,

1025.0 228.0 536.0 59.0 cuando me oyes que te digo

1026.0 276.0 557.0 50.0 que es tu presencia una alhaja

1028.0 319.0 395.0 54.0 y el reunirse contigo,

1032.0 365.0 446.0 49.0 es para mí una ventaja.

1066.0 487.0 470.0 65.0 Nadie me podrá impedir

1022.0 541.0 445.0 56.0 que yo diga en alta voz

1022.0 592.0 444.0 52.0 de que estoy loco por tí

1025.0 631.0 444.0 55.0 y mis pensamientos son

1023.0 675.0 473.0 60.0 el quererte con buen fin.

1065.0 807.0 448.0 59.0 Te quiero cada vez más

1542.0 862.0 89.0 58.0 por el semblante que pones

1017.0 906.0 476.0 41.0 cuando te vengo á hablar

1017.0 945.0 427.0 49.0 una de tus condiciones

1022.0 982.0 440.0 63.0 es imposible encontrar.

1062.0 1118.0 387.0 58.0 Te adoro con frenesí

1015.0 1172.0 546.0 62.0 porque tus cosas me agradan

1014.0 1212.0 361.0 56.0 seguro puedo decir

1015.0 1256.0 567.0 72.0 que no me he echado á la cara

1015.0 1303.0 423.0 73.0 una que te iguale á tí.

1175.0 1386.0 335.0 67.0 TROVO SEXTO

1236.0 1478.0 216.0 56.0 La dama

1061.0 1525.0 435.0 59.0 Ya se me quitó la duda

1011.0 1567.0 353.0 57.0 que yo tenía de tí;

1011.0 1616.0 445.0 52.0 contigo me he de casar,

1011.0 1658.0 451.0 62.0 aunque tenga que sufrir.

1057.0 1791.0 464.0 59.0 Yo guardaba idea alguna

1004.0 1836.0 433.0 58.0 porque te creí informal

1010.0 1884.0 501.0 60.0 y como los tiempos mudan

1012.0 1930.0 350.0 52.0 y veo en tí lealtad,

1008.0 1972.0 436.0 68.0 ya se me quita la duda.

1048.0 2098.0 390.0 63.0 No quería darte el sí

1006.0 2141.0 529.0 68.0 cuando entrastes en mi casa,

1006.0 2196.0 522.0 88.0 y al comprender tu buen fin
