1753 2480
97.0 162.0 470.0 52.0 y al ver tu hermoso color

95.0 199.0 405.0 61.0 tu tipo y tu gallardía,

92.0 249.0 395.0 55.0 en tí puse mi afición.

135.0 377.0 428.0 51.0 Me haces mucho sufrir

90.0 424.0 531.0 58.0 por lo que de tí me acuerdo,

95.0 472.0 388.0 51.0 y si me quieres á mí

89.0 513.0 509.0 54.0 lo mismo que yo te quiero,

88.0 558.0 545.0 71.0 te he de amar hasta el morir.

135.0 690.0 432.0 56.0 Tu buena conversación

89.0 741.0 572.0 62.0 y el angel que Dios te ha dado

88.0 785.0 459.0 55.0 me llena á mí de ilusión,

88.0 830.0 475.0 58.0 porque me tienes chalado

88.0 874.0 441.0 65.0 por tu buena condición,

214.0 993.0 404.0 69.0 TROVO SEGUNDO

319.0 1116.0 197.0 41.0 La dama

129.0 1182.0 463.0 56.0 A mí no me hace cuenta

85.0 1231.0 457.0 57.0 el darme el sí tan ligero,

84.0 1284.0 434.0 46.0 tu buena comportación

85.0 1318.0 533.0 62.0 me has de decir si te quiero.

125.0 1454.0 518.0 54.0 Cuando por primero entran

82.0 1501.0 458.0 55.0 los hombres á pretender

81.0 1544.0 539.0 68.0 muy buen papel representan

81.0 1591.0 388.0 56.0 por seducir la mujer,

82.0 1636.0 521.0 69.0 y á mí no me hace cuenta.

122.0 1762.0 540.0 66.0 Hay hombres muy lisonjeros

84.0 1811.0 456.0 53.0 que aman con falsedad,

85.0 1861.0 456.0 56.0 y por eso tengo miedo

82.0 1905.0 510.0 58.0 no vayas tu á hacerlo igual

81.0 1948.0 448.0 63.0 el darte el sí tan ligero.

121.0 2081.0 466.0 61.0 Si en tí no hay variación

81.0 2131.0 452.0 52.0 yo te prometo quererte

82.0 2181.0 394.0 60.0 y amarte de corazon,

953.0 163.0 477.0 64.0 en cuanto te experimente

952.0 212.0 441.0 63.0 tu buena comportación.

956.0 340.0 506.0 63.0 Si permite Dios del cielo

953.0 387.0 573.0 69.0 que yo á un hombre sea unida,

952.0 436.0 485.0 57.0 para otro eres tu primero,

952.0 479.0 457.0 58.0 pero tus buenas partidas

953.0 522.0 528.0 63.0 me han de decir si te quiero.

1070.0 646.0 414.0 84.0 TROVO TERCERO

1170.0 749.0 217.0 57.0 El amante

990.0 788.0 406.0 63.0 Cada día que se pasa

949.0 840.0 458.0 51.0 pienso más en tu querer,

950.0 913.0 379.0 28.0 es imposible faltarte

949.0 925.0 455.0 69.0 por querer á otra mujer.

988.0 1054.0 461.0 66.0 Mi objeto es ir á tu casa

949.0 1107.0 412.0 51.0 para que me des el sí,

948.0 1151.0 527.0 58.0 lo que siento es la tardanza

949.0 1201.0 422.0 55.0 que es un año para mí

948.0 1237.0 398.0 66.0 cada día que se pasa.

981.0 1366.0 544.0 68.0 Desde el día en que te hablé

945.0 1420.0 542.0 59.0 te tengo en mi pensamiento,

946.0 1463.0 404.0 52.0 en mí no reina placer

948.0 1511.0 563.0 63.0 y es porque en cada momento

945.0 1556.0 467.0 69.0 pienso más en tu querer.

992.0 1651.0 412.0 91.0 Yo nací para adorarte

948.0 1733.0 357.0 55.0 y te amo sin fingir,

946.0 1782.0 466.0 51.0 si eres para mi constante

945.0 1818.0 395.0 61.0 como lo soy para tí,

945.0 1869.0 393.0 62.0 es imposible faltarte.

989.0 1993.0 441.0 65.0 Y un castigo muy cruel

942.0 2044.0 440.0 59.0 merecía que me dieran

944.0 2087.0 395.0 56.0 si portándote tu fiel,

944.0 2132.0 493.0 58.0 un desprecio yo te hiciera,

942.0 2181.0 460.0 75.0 por querer á otra mujer.
