1753 2480
39.0 80.0 471.0 52.0 por el rey mismo escogida

41.0 119.0 409.0 50.0 está á formarse vecina.

41.0 161.0 417.0 51.0 Pronto á regar el laurel

43.0 204.0 467.0 50.0 con la sangre de sus venas

37.0 241.0 409.0 58.0 parte á lidiar como fiel

41.0 285.0 453.0 47.0 contra huestes sarracenas.

47.0 322.0 453.0 50.0 La nobleza que más brilla

45.0 367.0 457.0 46.0 ya se encuentra á la sazón

41.0 403.0 438.0 45.0 con los reyes de Castilla,

37.0 442.0 397.0 47.0 de Navarra y Aragón.

37.0 479.0 481.0 62.0 Encuéntranse con los tales

37.0 524.0 450.0 44.0 los caballeros templarios

41.0 564.0 506.0 51.0 de Montpeller y otros varios,

43.0 605.0 395.0 46.0 todos en valor iguales.

45.0 642.0 475.0 50.0 Y el que sin paz ni sosiego

43.0 682.0 426.0 51.0 hace minutos las leguas,

35.0 719.0 496.0 58.0 sin dar á su escape treguas:

37.0 764.0 376.0 50.0 es el amoroso Diego.

33.0 799.0 465.0 58.0 Que carcome su memoria

37.0 843.0 411.0 56.0 de su desgracia la idea

33.0 874.0 527.0 64.0 y va á buscar muerte ó gloria

39.0 927.0 409.0 52.0 en la sangrienta pelea.

41.0 963.0 450.0 51.0 Porque un recuerdo cruel

37.0 1006.0 469.0 50.0 hacia el combate le llama,

37.0 1039.0 556.0 64.0 que ha de comprar con su fama

33.0 1085.0 353.0 57.0 el cariño de Isabel.

37.0 1140.0 517.0 52.0 Su nombre paso le ha hecho;

37.0 1178.0 490.0 49.0 y al punto le han admitido:

37.0 1215.0 448.0 56.0 con la roja cruz al pecho

37.0 1262.0 428.0 48.0 está á luchar prevenido.

37.0 1297.0 359.0 54.0 Esperaba el paladín

37.0 1333.0 465.0 59.0 mostrar pronto la pujanza

37.0 1382.0 463.0 50.0 de su brazo y de su lanza;

37.0 1421.0 454.0 52.0 cuando el guerrero clarín

37.0 1465.0 452.0 51.0 rasgando los aires vanos;

39.0 1502.0 515.0 50.0 retumba en los hondos senos

37.0 1543.0 508.0 54.0 llamando á todos los buenos

37.0 1585.0 454.0 47.0 á luchar como cristianos.

39.0 1620.0 417.0 58.0 El pecho de Diego late

41.0 1665.0 380.0 54.0 y se arroja denodado

39.0 1702.0 424.0 54.0 donde más encarnizado

39.0 1744.0 444.0 47.0 espera hallar el combate.

41.0 1773.0 457.0 60.0 Y en los peligros se place

39.0 1826.0 409.0 52.0 y sin temer mil aceros,

35.0 1855.0 454.0 58.0 abre, atraviesa y deshace

39.0 1901.0 411.0 56.0 una nube de guerreros.

37.0 1946.0 423.0 48.0 Si alguna vez la fortuna

37.0 1986.0 423.0 49.0 en su inconstante tarea,

39.0 2027.0 364.0 58.0 lo mejor en la pelea

39.0 2068.0 440.0 50.0 concede á la media luna;

41.0 2110.0 428.0 49.0 de su valor hace alarde,

41.0 2147.0 442.0 56.0 renueva el vigor perdido

41.0 2188.0 386.0 75.0 y deja roto y vencido

837.0 66.0 390.0 64.0 al cerraceno cobarde,

843.0 115.0 451.0 56.0 y convierten sus valientes

837.0 163.0 384.0 47.0 el belicoso escuadrón

837.0 202.0 384.0 52.0 en asqueroso montón

841.0 235.0 451.0 58.0 de cadáveres sangrientos.

841.0 283.0 517.0 49.0 El conde de Haro que estaba

839.0 314.0 438.0 60.0 al frente de los cruzados

839.0 363.0 453.0 44.0 vió los triunfos señalados

843.0 396.0 465.0 60.0 que el Marcilla alcanzaba;

841.0 442.0 405.0 49.0 y para recompensarlos

843.0 483.0 463.0 54.0 cuando la acción terminó,

841.0 522.0 420.0 48.0 el nombramiento le dió

843.0 553.0 455.0 64.0 de capitán de Caballeros;

847.0 607.0 449.0 48.0 y admirándole tan bravo,

841.0 642.0 444.0 48.0 de tal denuedo y pericia,

841.0 684.0 405.0 49.0 lo hizo llegar á noticia

843.0 725.0 471.0 50.0 del rey D. Alfonso octavo.

845.0 758.0 411.0 58.0 Al salir de los horrores

845.0 799.0 533.0 66.0 de cada lucha en que entraba,

847.0 849.0 482.0 50.0 el buen Diego se entregaba

843.0 888.0 471.0 50.0 á sus recuerdos de amores.

849.0 927.0 447.0 54.0 Para alentar la esperanza

843.0 967.0 480.0 47.0 de la que ansiosa le espera

841.0 1004.0 405.0 50.0 la noticia sin tardanza

841.0 1047.0 343.0 50.0 su futura lisonjera.

843.0 1078.0 467.0 58.0 ¡Mas en cuán fatal engaño

845.0 1122.0 329.0 53.0 confía su corazón!

845.0 1161.0 401.0 54.0 la más infame traición

839.0 1190.0 502.0 68.0 fraguando están en su daño.

843.0 1252.0 521.0 58.0 Porque el padre de su amada

841.0 1302.0 531.0 51.0 con la edad se hizo avariento,

843.0 1337.0 420.0 51.0 y para lograr su intento

847.0 1378.0 382.0 56.0 le falta á la fé jurada.

847.0 1421.0 488.0 50.0 Las cartas del buen amante

845.0 1463.0 395.0 51.0 llegan todas á Teruel;

845.0 1492.0 405.0 58.0 mas el padre de Isabel

841.0 1537.0 453.0 58.0 las intercepta al instante;

845.0 1581.0 566.0 57.0 porque ha formado el concierto,

847.0 1622.0 482.0 52.0 aunque en el alma se aflija,

845.0 1663.0 436.0 52.0 su buena y cándida hija,

847.0 1698.0 486.0 54.0 de dar á Diego por muerto.

849.0 1744.0 366.0 51.0 Así lo hizo en efecto

839.0 1764.0 469.0 69.0 en su ambiciosa impiedad

843.0 1822.0 424.0 56.0 para lograr su proyecto

849.0 1866.0 337.0 49.0 con toda felicidad.

851.0 1903.0 426.0 50.0 En tanto pasaban días...

849.0 1936.0 358.0 62.0 Isabel, muy afligida,

847.0 1984.0 445.0 57.0 se encontraba sumergida

847.0 2027.0 403.0 47.0 en negras melancolías.

849.0 2064.0 438.0 52.0 Ya había pasado un año

847.0 2105.0 490.0 52.0 y ella en lágrimas deshecha

847.0 2145.0 469.0 53.0 no se atreve á la sospecha

845.0 2180.0 562.0 91.0 de que en Diego quepa engaño,
