1753 2480
150.0 47.0 412.0 72.0 pero tal incertidumbre

157.0 103.0 409.0 54.0 en duda su amor atiza,

159.0 148.0 430.0 52.0 y una cruel pesadumbre

161.0 192.0 378.0 45.0 su corazón martiriza.

159.0 225.0 432.0 56.0 Don Pedro con entereza

155.0 262.0 454.0 58.0 tuvo un día el ardimiento

157.0 310.0 477.0 49.0 de ofrecerle en casamiento

159.0 349.0 457.0 56.0 un joven de gran riqueza;

157.0 388.0 417.0 54.0 diciéndole que el callar

155.0 429.0 409.0 44.0 de su amante, suponía,

157.0 452.0 558.0 81.0 que muerto en la guerra habría.

157.0 506.0 359.0 52.0 Mas ella sin vacilar,

155.0 547.0 446.0 54.0 contestó: «Padre y señor,

157.0 589.0 417.0 49.0 si muerto á Diego creis

159.0 626.0 510.0 51.0 no hallo justo que aumenteis

159.0 669.0 430.0 50.0 mi dolor con más dolor;

161.0 704.0 411.0 56.0 tal vez en prisión cruel

159.0 750.0 401.0 53.0 sufre solo y desvalido,

161.0 785.0 467.0 64.0 por el amor que ha tenido

159.0 826.0 353.0 56.0 á su querida Isabel!

161.0 863.0 531.0 62.0 Tal vez ¡ay Dios! haya muerto

155.0 907.0 527.0 60.0 por mí! por mí!... desdichada

161.0 950.0 434.0 58.0 y quereis que preparada

163.0 994.0 409.0 55.0 al importuno concierto

157.0 1031.0 388.0 47.0 de mis bodas esté yo?

157.0 1060.0 541.0 70.0 yo he de hacer tan fea acción?

159.0 1103.0 417.0 60.0 pensáis que mi corazón

159.0 1144.0 436.0 65.0 es de bronce, padre? no!

161.0 1194.0 467.0 48.0 Cinco años de plazo tiene,

157.0 1227.0 380.0 54.0 en memoria lo tened,

161.0 1268.0 450.0 60.0 si en cinco años no viene

161.0 1314.0 471.0 47.0 lo que más os guste haced.

155.0 1345.0 353.0 60.0 Entonces yo rogaré

159.0 1390.0 461.0 60.0 por el de Marcilla á Dios;

163.0 1438.0 401.0 50.0 por complaceros á vos

157.0 1475.0 357.0 50.0 entonces me casaré.

161.0 1506.0 475.0 62.0 Pretende Azagra mi mano,

157.0 1556.0 423.0 51.0 á Azagra me proponeis,

157.0 1589.0 428.0 56.0 que le aprecio ya sabeis

157.0 1632.0 442.0 52.0 como á noble castellano.

152.0 1667.0 557.0 56.0 Si ¡ay Dios! si la muerte airada

155.0 1713.0 461.0 51.0 me roba mi bien querido,

161.0 1758.0 407.0 44.0 triste de mí? resignada,

159.0 1795.0 419.0 56.0 lo aceptaré por marido.

161.0 1839.0 382.0 45.0 Mas si amante, señor,

159.0 1866.0 543.0 60.0 vuelve y su amor me consagra,

155.0 1911.0 448.0 56.0 tened piedad de mi amor

157.0 1957.0 583.0 53.0 y no me hableis más de Azagra.»

157.0 2002.0 477.0 60.0 Don Pedro vió su aflicción

157.0 2048.0 407.0 62.0 y se retiró al momento

159.0 2083.0 442.0 62.0 aguardando otra ocasión

161.0 2130.0 477.0 52.0 de poder lograr su intento.

159.0 2170.0 510.0 80.0 Entre tanto el pobre amante

961.0 41.0 343.0 74.0 por Isabel peleaba,

963.0 99.0 376.0 64.0 por Isabel alcanzaba

963.0 144.0 432.0 50.0 el renombre de valiente.

965.0 186.0 465.0 49.0 Ay! de qué te sirve Diego,

959.0 227.0 409.0 47.0 tu valor y tu honradez

961.0 260.0 444.0 54.0 si tu obra destruye luego

963.0 305.0 422.0 52.0 la ambición de la vejez?

961.0 338.0 479.0 58.0 Si el premio de tus arrojos

963.0 384.0 341.0 54.0 participas á Isabel,

963.0 419.0 465.0 54.0 que vale si un padre cruel

965.0 465.0 482.0 49.0 lo ha de ocultar á sus ojos?

965.0 500.0 407.0 55.0 Don Pedro continuaba

963.0 549.0 419.0 52.0 en su ambiciosa manía;

967.0 584.0 405.0 50.0 cuantas cartas escribía

965.0 622.0 347.0 53.0 Diego, las ocultaba,

967.0 665.0 372.0 60.0 y proponía de nuevo

967.0 706.0 413.0 52.0 á Isabel el casamiento.

961.0 748.0 355.0 51.0 La joven se resistió

959.0 787.0 426.0 54.0 su juramento alegando,

963.0 828.0 477.0 52.0 mas iba el tiempo pasando

969.0 874.0 397.0 45.0 y en fin el plazo llegó.

965.0 901.0 451.0 62.0 D. Pedro que ya tomadas

967.0 948.0 426.0 52.0 tiene sus medidas todas,

963.0 989.0 415.0 50.0 hizo celebrar las bodas

959.0 1027.0 415.0 51.0 tanto tiempo deseadas.

969.0 1074.0 426.0 58.0 De alegre música al son

967.0 1122.0 356.0 58.0 Isabel llegó al altar,

961.0 1163.0 362.0 50.0 envuelto su corazón

961.0 1204.0 374.0 48.0 en el luto y el pesar;

963.0 1242.0 403.0 62.0 y contristada y llorosa

963.0 1285.0 430.0 50.0 dió su temblorosa mano

963.0 1320.0 440.0 62.0 á Azagra que muy ufano

967.0 1359.0 378.0 60.0 la recibió por esposa.

963.0 1395.0 463.0 62.0 Con tan plausible ocasión

965.0 1450.0 510.0 56.0 dió Azagra un baile suntuoso

965.0 1490.0 461.0 51.0 dó asistió lo más gracioso

965.0 1521.0 422.0 55.0 y más noble de Aragón.

963.0 1558.0 440.0 60.0 Pero llegado el momento

961.0 1607.0 401.0 54.0 de despedir á la gente,

965.0 1643.0 370.0 55.0 Isabel humildemente

963.0 1688.0 384.0 52.0 y casi falta de aliento

961.0 1725.0 384.0 54.0 le dice al marido así:

963.0 1752.0 467.0 74.0 «Ya mi mano os entregué,

957.0 1804.0 370.0 53.0 seros fiel os prometí,

963.0 1843.0 380.0 60.0 y hasta morir lo seré:

959.0 1878.0 459.0 58.0 mas os ruego que por hoy

965.0 1928.0 461.0 51.0 vuestros goces suspendais,

967.0 1969.0 484.0 56.0 Azagra, si es que me amais,

965.0 2012.0 488.0 54.0 porque muy postrada estoy:

963.0 2052.0 351.0 53.0 permitidme dedicar

967.0 2095.0 407.0 52.0 esta noche á la oración

963.0 2130.0 370.0 56.0 para que mi corazón

957.0 2159.0 446.0 85.0 venga Dios á confortar.»
