1860 2629
511.0 192.0 43.0 70.0 V.

212.0 234.0 571.0 79.0 ¡Tu que fuiste mi norte, mi guia...

177.0 293.0 509.0 68.0 El iman de mis tiernos amores:

179.0 341.0 636.0 66.0 Tú que el mundo sembrabas de flores

177.0 394.0 485.0 59.0 Fuiste presa infelice del mar!

219.0 449.0 627.0 61.0 ¡Qué haré yo, desgraciado, en la tierra

177.0 481.0 579.0 77.0 Si me falta mi amor, mi Constanza!

182.0 541.0 598.0 65.0 ¡Ay! la muerte es mi sola esperanza;

186.0 595.0 526.0 75.0 ¡Venga pronto mi vida á acabar!

508.0 652.0 44.0 68.0 VI.

212.0 694.0 507.0 74.0 Al sepulcro, en donde reposan

179.0 764.0 531.0 66.0 Las cenizas de linda hermosura,

179.0 804.0 432.0 70.0 Un amante la triste figura

179.0 852.0 520.0 68.0 De la bella que amó puede ver.

214.0 911.0 551.0 59.0 Pero á mi ni esa dicha me queda;

175.0 959.0 520.0 66.0 Tú por tumba la mar escogiste,

190.0 1009.0 555.0 57.0 Y al hacerlo, infeliz, no advertiste

184.0 1060.0 526.0 74.0 En lo horrible de aquel padecer.

497.0 1121.0 64.0 66.0 VII.

217.0 1174.0 535.0 85.0 ¡Si un instante de vida tuvieras,

179.0 1231.0 465.0 74.0 Si mirar á tu amante podias

182.0 1283.0 460.0 57.0 En su rostro grabado verias

184.0 1336.0 476.0 52.0 El tormento de su corazon!...

217.0 1380.0 495.0 68.0 Por mis ojos destilan raudales

188.0 1432.0 511.0 62.0 Y no existe ya quien los recoja,

186.0 1483.0 493.0 59.0 Y mi pecho infeliz se destroza

188.0 1531.0 489.0 83.0 Bajo el peso de tanta emocion.

1283.0 201.0 90.0 50.0 VIII.

1013.0 238.0 533.0 68.0 En la roca do hallaste la muerte

995.0 297.0 553.0 66.0 Vengo á dar espansion á mi llanto,

993.0 348.0 562.0 63.0 Y no encuentra mi triste quebranto

989.0 400.0 636.0 57.0 Más que sombras de muerte en redor...

1017.0 449.0 560.0 61.0 Y en las olas preñadas de espuma

989.0 490.0 522.0 73.0 Me parece que veo á Constanza,

987.0 549.0 618.0 66.0 Y una sombra que grita: «¡venganza!»

993.0 591.0 531.0 81.0 Y esa idea me llena de horror!...

1298.0 668.0 59.0 57.0 IX.

1015.0 709.0 597.0 86.0 ¡Ah! Dios mio, ¡que triste es la vida

989.0 773.0 541.0 68.0 Cuando el pecho tal pena padece,

987.0 817.0 513.0 70.0 Y á la mente alterada se ofrece,

984.0 874.0 533.0 54.0 Un recuerdo de dicha que fué!...

1013.0 915.0 474.0 64.0 Este sitio mi pena atestigua,

984.0 974.0 514.0 62.0 Él me vé derramar tanto llanto,

984.0 1020.0 525.0 60.0 Que mis ojos se van ya secando

989.0 1062.0 454.0 85.0 Y el dolor resirtir no podré.

1307.0 1121.0 46.0 83.0 X.

1017.0 1169.0 443.0 88.0 Angel mio, deseo seguirte,

987.0 1233.0 508.0 61.0 Mi cruel padecer compadece...

989.0 1283.0 528.0 73.0 Siento ya que mi cuerpo fallece,

989.0 1345.0 500.0 50.0 Ya el eterno nos une á los dos.

1017.0 1388.0 513.0 60.0 En el cielo do moras, hermosa,

989.0 1430.0 546.0 68.0 Voy á verme contigo, amor mio...

989.0 1483.0 566.0 65.0 ¡Ay! recibe... el postrer... suspiro,

989.0 1535.0 588.0 77.0 Y... tú, mundo... mi último... adios.

1313.0 1586.0 255.0 114.0 Antonio Faura.

1123.0 2008.0 274.0 101.0 ES PROPIEDAD.

247.0 2219.0 1384.0 90.0 Se hallará de venta en casa los sucesores de A. Bosch, Bou de la Plaza Nueva, núm. 13.
