1753 2480
1569.0 95.0 53.0 70.0 123

266.0 1157.0 1385.0 153.0 LAMENTOS DE ARTURO Y CONSTANZA.

250.0 1386.0 634.0 68.0 ¿Donde estás... donde estás, alma mia?

227.0 1450.0 562.0 54.0 Ven abraza al mortal que te adora:

221.0 1488.0 570.0 74.0 ¡Oh! Constanza, ¿no ves como llora

223.0 1545.0 494.0 60.0 Aquel ser que creiste infiel?...

252.0 1593.0 508.0 62.0 Pobre flor en qué hora naciste,

223.0 1632.0 608.0 70.0 Siendo el mar quien robara tu aroma,

229.0 1686.0 548.0 70.0 ¡Ay! mi pecho infeliz se desploma

229.0 1748.0 544.0 62.0 Y no puedo absorber tanta hiel!...

547.0 1793.0 40.0 67.0 II.

258.0 1826.0 502.0 87.0 Maldicion á ese fiero elemento

225.0 1905.0 517.0 54.0 Que la flor se tragó de mi alma

229.0 1942.0 492.0 73.0 Y ha robado mi plácida calma

229.0 1998.0 517.0 58.0 ¡Ah! legando mi pecho el dolor.

262.0 2050.0 521.0 58.0 Amor mio... Constanza querida,

227.0 2097.0 535.0 58.0 Instrumento yo fuí de tu muerte,

229.0 2141.0 492.0 70.0 Pero culpa á la pérfida suerte

231.0 2198.0 500.0 83.0 Que en nosotros cebó su rigor.

1331.0 1347.0 54.0 56.0 III.

1048.0 1378.0 556.0 70.0 Yo tambien en la ausencia lloraba

1017.0 1440.0 587.0 56.0 Y anhelava arrojarme en tus brazos.

1017.0 1479.0 512.0 62.0 Y á tí unirme con férreos lazos

1015.0 1533.0 390.0 60.0 Para ser á tu lado feliz:

1052.0 1581.0 457.0 59.0 Y por un temporal detenido

1019.0 1630.0 564.0 64.0 Cuatro meses estuve en los mares,

1017.0 1684.0 471.0 64.0 Sin poder aliviar los pesares

1023.0 1733.0 477.0 67.0 Que bruman tu pecho infeliz.

1341.0 1781.0 54.0 64.0 IV.

1058.0 1824.0 498.0 71.0 Aquel dia que nos despedimos

1027.0 1888.0 492.0 58.0 Ya te dije sumido en el llanto,

1025.0 1940.0 603.0 56.0 Por la ausencia no tengas quebranto;

1027.0 1986.0 519.0 55.0 Mientras viva es tuyo mi amor.

1060.0 2033.0 585.0 70.0 Que tu imágen mi pecho acompaña,

1031.0 2095.0 509.0 56.0 Mi esperanza se queda contigo,

1033.0 2130.0 484.0 60.0 Y al venir á abrazarte, recibo

1031.0 2180.0 538.0 89.0 Una nueva de muerte y horror...
