1916 2640
379 167 452 66 se crió Blas de Leon

377 214 594 80 hijo de padres muy buenos,

374 271 525 66 mozo galan y alentado,

372 312 596 78 de mucho valor y esfuerzo,

374 369 566 69 muy cortés y bien criado,

374 413 554 75 y de lindo entendimiento.

369 464 553 71 Este tuvo una pendencia

368 514 490 80 en una casa de juego,

369 561 589 78 donde mató un mayorazgo

368 614 606 78 de lo mejor de aquel pueblo.

366 662 574 80 Por esta muerte fue fuerza

363 717 580 67 salir de su patria huyendo,

369 765 549 70 y para estar mas seguro,

363 813 603 72 pasó á Málaga en un vuelo,

365 866 528 69 y al instante se embarcó

359 913 488 69 en un navio pequeño,

359 959 547 73 que hacia viage á Roma,

359 1013 623 76 y el claro cristal rompiendo,

356 1061 505 74 navegaron cuatro dias

357 1111 603 77 con próspero y feliz viento;

353 1161 578 69 mas al cabo de los cuatro,

353 1211 609 72 tuvieron un mal encuentro,

357 1259 609 75 que seis fragatas de Moros

350 1306 499 77 el navio les rindieron,

349 1359 501 75 llevándoselos cautivos,

353 1412 596 75 y en Argel vendidos fueron.

350 1460 522 68 A Blas de Leon compró

349 1509 553 73 un Moro rico y soberbio,

350 1560 537 70 y muy voráz, pues tenia

349 1607 597 75 una condicion de un perro.

346 1655 544 75 Este tenia una hacienda,

344 1715 499 62 una legua poco menos

344 1755 580 72 de la ciudad, donde estaba

343 1811 575 64 del año lo mas del tiempo.

344 1856 550 72 Trabajaba allí el cautivo,

340 1908 566 70 cultivando árboles buenos

340 1966 496 59 frutales, que los habia

341 2010 552 58 de todas suertes diversos.

340 2051 651 78 Era el Moro, como he dicho,

340 2107 571 106 de muy poco sufrimiento,

1084 184 535 77 y asi por muy poca cosa

1081 231 591 79 daba á diestro y á siniestro.

1082 280 566 76 Un dia que Blas se hallaba

1076 331 530 79 muy fatigado del sueño,

1078 384 440 66 se recostó á reposar

1076 434 470 67 de sus fatigas el peso.

1075 479 593 79 Quedóse el pobre dormido,

1075 535 531 67 y su amo en este tiempo

1072 579 659 81 vino á dar vuelta á la hacienda,

1068 629 666 86 y en fin lo encontró durmiendo.

1063 687 508 65 Aquí es menester tener

1063 731 602 71 gran valor y mucho aliento

1062 784 519 66 para escuchar el castigo

1062 828 607 75 que pasó el pobre mancebo.

1056 882 512 68 Atado de pies y manos,

1060 929 571 71 y desnudo todo el cuerpo,

1054 981 577 69 sin piedad y sin clemencia

1054 1025 572 72 doscientos palos le dieron.

1054 1078 584 74 Quedó el mozo del castigo

1053 1124 568 77 maltratado y casi muerto,

1051 1179 482 61 y luego para curarlo,

1048 1232 551 67 le dan cauterio de fuego.

1047 1270 521 77 Convaleció del castigo,

1048 1321 637 79 y al trabajo volvió, haciendo

1048 1380 496 64 de su notable desdicha

1047 1424 530 70 á millares los conceptos.

1047 1475 436 69 Si queria rescatarse,

1044 1523 534 71 no le ayudaba el dinero.

1043 1569 537 79 Si huirse y dejar el amo,

1041 1623 505 62 se miraba sin remedio.

1040 1671 629 68 Envuelto en sus confusiones,

1040 1721 482 63 determinó con aliento

1038 1773 583 60 ser mártir de Jesu-Christo,

1040 1825 598 66 por su santa ley muriendo;

1041 1872 540 71 y por mejor conseguirlo,

1038 1921 628 69 trazó allá en su pensamiento

1034 1969 591 72 matar primero á los amos,

1038 2016 616 72 y á muchos Moros con ellos.

1034 2066 550 70 Resuelto y determinado,

1037 2116 653 85 buscó un cuchillo muy bueno

1540 2191 119 72 para
