1910 2636
377 194 610 85 y hasta que llegue á espirar

376 253 533 64 que lo dejen alli puesto.

379 304 490 70 Ejecutóse el mandato,

379 355 597 71 y en las escarpias pusieron

380 405 553 73 clavado por las espaldas

376 453 457 75 al referido mancebo.

370 506 549 63 Tres dias estuvo en ellas,

376 549 546 76 predicando el Evangelio,

380 603 551 75 y de Dios la ley sagrada,

377 659 532 58 en altas voces diciendo:

380 701 566 70 viva la gran fé de Christo,

374 749 589 76 Dios y hombre verdadero,

379 806 496 66 y vivan de su ley santa

385 853 553 73 los sacrosantos misterios.

379 906 598 61 Su Encarnacion viva, viva,

379 950 555 66 viva el sacro Nacimiento,

380 1000 538 73 donde Reyes y Pastores

379 1048 563 73 por Rey lo reconocieron.

385 1099 591 71 Vive el misterio que obró,

379 1146 672 76 quando se perdió en el templo,

380 1200 608 71 enseñando a que le busquen

377 1250 569 69 aquellos que le perdieron.

386 1298 480 74 Viva del monte Tabor

379 1347 672 94 la luz, que oculta en su pecho,

379 1401 466 64 muy claro manifestó

380 1448 577 69 ser Hijo del Padre Eterno.

385 1499 476 65 Viva la feliz memoria

388 1548 520 62 del sacrosanto Madero,

391 1599 584 64 donde libró con su muerte

386 1653 515 66 las almas de cautiverio.

386 1700 469 69 Viva su resurreccion,

380 1742 671 78 donde el triunfo consiguiendo,

383 1804 567 67 por su propia virtud pudo

391 1851 566 65 volver á vivir, ya muerto.

391 1896 600 70 Viva su Ascension, la qual

380 1952 589 60 abrió las puertas del cielo,

383 1998 585 68 que estaban por el pecado

382 2047 592 67 cerradas tan largo tiempo.

386 2092 656 63 Viva el triunfo de los triunfos

383 2143 533 65 de todos estos Misterios,

1079 196 655 77 que es, segun tengo entendido

1080 253 548 61 el del Santo Sacramento,

1078 300 578 66 que en él se cifró su amor

1076 355 543 59 muy cabal y por entero,

1078 399 653 69 pues se quedó con los hombres,

1078 449 602 66 y fué con su Padre al cielo.

1079 500 506 63 Viva de su santa Madre

1073 545 528 74 la pureza, cuyo templo

1073 598 550 74 á Dios sirvió de sagrario,

1078 654 635 65 por ser tan limpio aposento.

1080 700 551 67 Viva á pesar de Mahoma,

1075 746 532 71 de Calvino y de Lutero,

1078 803 545 63 su virginidad, pues pudo

1076 850 583 68 quedar doncella pariendo.

1082 899 472 61 Viva Jesus, viva, viva,

1080 947 569 57 volvió á decir, y con esto

1079 994 522 75 murió, dejando su alma

1080 1045 615 72 en manos del Padre Eterno.

1078 1096 566 68 Dé su salvacion ser cierta,

1073 1148 563 64 muchos señales se vieron,

1079 1202 479 57 de músicas celestiales

1083 1252 528 57 y sonoros instrumentos.

1078 1291 580 65 De la Trinidad los Frayles

1069 1345 564 68 al Rey licencia pidieron

1078 1395 541 69 para quitarlo del sitio,

1080 1445 569 73 y dar sepultura al cuerpo.

1079 1493 461 71 Obtenida la licencia,

1082 1542 570 71 lo llevaron, y le hicieron

1078 1593 618 69 con muy solemnes exequias

1079 1643 565 67 un suntuosísimo entierro.

1082 1691 600 69 Dios en su gloria lo tenga,

1079 1744 605 64 y á nosotros nos dé aliento,

1080 1789 498 63 para morir confesando

1080 1833 567 72 la ley de Dios verdadero;

1078 1887 517 75 y para si se ofreciere

1079 1943 609 69 algun lance como aquestos,

1076 1988 620 73 que nos dé su santa gracia,

1075 2045 543 66 para poder con esfuerzo

1067 2085 589 79 padecer con mucho gusto

1076 2135 577 76 ansias, penas y tormentos.

383 2183 1361 100 Barcelona: Imprenta de los Herederos de Juan Jolis en los Cotoners.
