1753 2480
797.0 72.0 162.0 80.0 —3 —

210.0 140.0 430.0 68.0 Sense fer cap escepció,

171.0 190.0 422.0 51.0 Desde 'l noble general

177.0 231.0 517.0 54.0 Hasta 'l mes humil y pobre,

173.0 268.0 471.0 54.0 Desde 'l sabi al ignorant,

173.0 307.0 461.0 54.0 Desde l' home de setanta

175.0 355.0 428.0 52.0 Al mes resagat chaval,

171.0 390.0 556.0 58.0 La buscan dintre de un cova,

169.0 431.0 478.0 79.0 Ab cuidado y anhel gran.

204.0 489.0 643.0 95.0 Lo que hi ha es qu' uns la buscan

175.0 545.0 523.0 60.0 Ab constancia tan manyosa,

169.0 589.0 546.0 55.0 Que sembla que pell de serp

171.0 626.0 515.0 56.0 Dintre las butxacas portan.

173.0 667.0 564.0 62.0 Y altres que están tan de pega

171.0 704.0 612.0 89.0 Que per mes que las escorcollan,

173.0 748.0 461.0 60.0 Al volguerla aná á agafá,

171.0 789.0 469.0 95.0 Troban la llanterna fosca.

983.0 142.0 635.0 81.0 Perque 'l que ha nascut per xavo,

946.0 190.0 424.0 64.0 May á cuarto arrivará,

950.0 233.0 432.0 54.0 Y si busca lluna groga,

946.0 274.0 395.0 54.0 No la arribará agafá.

952.0 316.0 468.0 51.0 Puig ell buscará la lluna,

948.0 349.0 474.0 56.0 Un poch lluny ja la veurá

948.0 388.0 416.0 60.0 Y al anar per agafarla,

948.0 429.0 474.0 73.0 Dins d' un cova 's ficará.

986.0 502.0 512.0 72.0 Y mentres que mòn hi haigi

946.0 551.0 498.0 56.0 L' estarán buscant per tot,

946.0 593.0 542.0 64.0 Puig buscarla dintre un cova

944.0 638.0 387.0 50.0 Es humana condició.

942.0 667.0 536.0 62.0 Mes per xó ningu s' ofengui,

942.0 717.0 432.0 55.0 Que parlo sense passió,

942.0 752.0 544.0 58.0 Puig si la busqueu vosaltres,

942.0 797.0 430.0 62.0 Potser mes la busco jo.

293.0 1058.0 1156.0 151.0 LA CONFIANZA.

781.0 1328.0 134.0 106.0 DUO.

450.0 1620.0 31.0 64.0 I.

136.0 1682.0 535.0 76.0 Si mis lábios, siempre fieles,

109.0 1738.0 393.0 60.0 juran amarte dichosa

105.0 1775.0 465.0 62.0 confia en ellos, hermosa;

105.0 1824.0 436.0 50.0 que los mueve la razon.

138.0 1853.0 583.0 75.0 Y el amor que ahora te ofrezco,

107.0 1891.0 469.0 68.0 hermosa niña, hechicera,

103.0 1942.0 388.0 52.0 sale con fé verdadera

101.0 1981.0 426.0 65.0 del centro del corazon.

440.0 2050.0 43.0 74.0 II.

128.0 2116.0 481.0 82.0 Escucha con grata calma

90.0 2180.0 430.0 58.0 mis leales juramentos,

93.0 2217.0 541.0 66.0 y harás dulces los momentos

90.0 2260.0 408.0 69.0 que junto á ti pasaré.

905.0 1618.0 544.0 72.0 Porque, es la luz de tus ojos

872.0 1665.0 502.0 58.0 el amor que en mi reflejas,

872.0 1707.0 424.0 47.0 y si tú, niña, me dejas

872.0 1742.0 471.0 70.0 siempre á oscuras viviré.

1201.0 1808.0 62.0 74.0 III.

907.0 1880.0 453.0 77.0 Yo á tu lado me estasío,

862.0 1944.0 537.0 54.0 pues tu aliento es aura pura

864.0 1986.0 518.0 53.0 con que arrulla mi ventura

862.0 2019.0 434.0 55.0 el dios ciego del amor.

907.0 2068.0 395.0 48.0 Cual el céfiro del rio

864.0 2099.0 419.0 60.0 la corriente cristalina,

862.0 2145.0 425.0 47.0 cual la brisa matutina

862.0 2180.0 465.0 66.0 la naciente y vírgen flor.
