1860 2629
1509.0 129.0 175.0 57.0 Núm. 84

313.0 1513.0 1367.0 191.0 LA LLUNA EN UN COVA.

344.0 1691.0 452.0 57.0 Es un ditxo mòlt vulgar

307.0 1719.0 502.0 66.0 Buscá la lluna en un cova,

309.0 1761.0 563.0 72.0 Mes per mòlt vulgar que siga,

307.0 1803.0 419.0 61.0 Es una veritat grossa.

307.0 1842.0 438.0 64.0 Perque feyna 's giraria

307.0 1881.0 447.0 64.0 Si habia de darvos nota

307.0 1921.0 552.0 72.0 De tots los que van buscantla

311.0 1960.0 504.0 81.0 Y de tots los que la trovan.

342.0 2024.0 500.0 83.0 Mes encara que os molesti

304.0 2074.0 454.0 70.0 Ab ma relació enfadosa,

311.0 2120.0 504.0 66.0 Vos vull di cuatre paraulas

307.0 2160.0 434.0 68.0 Sobre cosa tan curiosa,

304.0 2199.0 496.0 72.0 Puig que á tots en general

309.0 2243.0 495.0 68.0 La espressada cuestió toca,

311.0 2282.0 436.0 66.0 Tan á la gent de treball

304.0 2326.0 485.0 88.0 Com á la que porta trona.

1116.0 1691.0 458.0 63.0 Comensem primerament

1085.0 1735.0 503.0 65.0 Per la gent de cotxe y gala,

1085.0 1781.0 603.0 85.0 Pues que aquestos també buscan

1083.0 1816.0 412.0 61.0 La lluna tan desitjada.

1085.0 1853.0 560.0 83.0 Tot sòn pretensions de conde,

1090.0 1895.0 467.0 67.0 Tot sòn cotxes y pintarla,

1092.0 1932.0 533.0 96.0 Tot es cumpliments y gastos

1087.0 1973.0 411.0 86.0 Y la bossa ben pelada.

1118.0 2046.0 533.0 79.0 Sòn politichs, fan discursos,

1085.0 2090.0 568.0 81.0 Sòn l' orgull dels grans salons:

1087.0 2140.0 520.0 70.0 Tots ne volen salvá 'l poble

1085.0 2179.0 492.0 57.0 Cuant ne venen eleccions,

1085.0 2214.0 507.0 86.0 Tot sòn glorias y promesas,

1083.0 2252.0 434.0 68.0 Predicá y bonas rahons

1087.0 2295.0 428.0 64.0 Y la buscan en un cova

1076.0 2333.0 494.0 96.0 Seguintne tots los racons.
