1753 2480
217.0 157.0 998.0 122.0 OTRAS DECIMAS SIN GLOSAR.

97 334 467 104 En la cárcel de Sevilla

47 415 492 66 á las seis de la mañana,

53 469 538 62 á un corneta de la Habana

55 514 571 72 lo han metido en la capilla;

57 574 563 62 ya irán con las campanillas

57 611 418 77 pidiendo la Caridad,

59 659 470 76 y algunos en la ciudad

57 721 466 49 daran hasta una peseta

57 750 476 78 por el alma del corneta

62 803 487 73 que pasa á la eternidad.

111 863 496 52 En el reino de Valencia

59 911 503 52 ha nacido el desgraciado

62 940 556 76 que ha de ser hoy fusilado

62 1006 543 60 como espresa la sentencia;

64 1047 512 66 y espera de la clemencia

59 1089 550 70 del sol que á Sevilla baña,

64 1140 591 69 que es la princesa de España

66 1196 566 64 hija de aquel gran monarca,

64 1248 547 54 que con su influjo, la parca

66 1295 477 60 suspenderá la guadaña.

115 1337 385 62 Serenísima señora,

62 1388 512 64 noble infanta de Castilla,

62 1426 661 76 de un jóven que está en capilla,

72 1490 527 55 os ruego seais protectora;

72 1525 612 66 sed, por Dios, mi intercesora,

70 1585 550 60 que por vuestra mediacion,

72 1632 546 62 pueda obtenerse el perdon

70 1680 574 58 de vuestra querida hermana

72 1731 510 52 que es la mejor Soberana

70 1777 494 54 que ha tenido la nacion.

124 1824 545 58 El mas grande sentimiento

62 1866 568 66 y el martirio mas profundo,

66 1922 570 59 que me lleva al otro mundo

64 1967 535 54 es la infamia del sargento;

70 2015 550 55 y hasta el último momento

66 2062 409 56 de mi vida pensaré,

66 2112 421 55 que ese la causa fue

64 2157 448 58 de toda mi perdicion,

66 2201 554 68 negándome hasta el perdon

70 2254 510 124 que humilde le supliqué.

791 338 337 91 Pero dia llegará

750 403 469 82 para los justos propício,

748 465 515 64 que Dios le llame á juicio,

748 510 430 76 y sus culpas juzgará;

746 572 438 52 alli el corneta estará,

752 611 465 66 siendo de todo testigo,

750 648 537 81 y presenciando el castigo,

752 715 544 60 que Dios le ha de destinar,

750 750 486 74 por no querer perdonar

748 799 558 75 en el mundo á un enemigo.

800 859 496 50 Quince años de servicio

754 903 569 68 cumplí muy honradamente,

750 956 488 60 el pago, pobre Vicente,

750 996 484 66 es morir en un suplicio;

756 1047 473 56 es para perder el juicio

750 1089 448 72 semejante ingratitud,

750 1138 529 68 al ver que estoy con salud

756 1194 498 66 y que mañana de cierto,

756 1246 416 47 estaré cadaver y erto

752 1281 436 68 en un fúnebre ataud.

802 1320 574 79 Con trompas de oro la fama

752 1378 529 62 con acento claro y fuerte,

750 1423 539 65 publiquen hasta la muerte

754 1469 564 70 fue mi amigo el cabo Llama;

750 1521 492 70 sentado sobre mi cama,

754 1568 440 62 me dijo con claridad:

754 1620 374 60 es tanta la lealtad

752 1669 525 60 que te tengo como amigo,

752 1715 537 76 que hasta quisiera contigo

756 1762 434 77 partir á la eternidad.

797 1810 449 68 Con mucha serenidad

756 1857 567 75 hoy que es dia diez y siete,

752 1913 513 68 iré en medio del piquete

756 1957 449 72 camino á la eternidad;

758 2010 374 60 y la santa Caridad

758 2048 531 68 con su vestimenta oscura,

752 2097 554 62 dando muestras de ternura

758 2145 540 66 cumpliendo su ministerio,

758 2194 498 64 irán hácia el cementerio

762 2244 447 128 para darme sepultura.
