1753 2480
190.0 181.0 440.0 85.0 Amparar á un afligido

132.0 254.0 391.0 56.0 es obra de caridad,

134.0 289.0 378.0 72.0 ejecutad la piedad

132.0 338.0 583.0 67.0 con quien se halla desvalido.

177.0 384.0 616.0 70.0 Qué hade hacerun desdichado,

126.0 438.0 661.0 72.0 pues que implora lo que siente;

132.0 479.0 496.0 72.0 señora, os haré presente

132.0 537.0 467.0 64.0 mi infortunado estado;

138.0 586.0 465.0 65.0 yo estoy aqui arrojado

140.0 638.0 473.0 60.0 por haberme escedido,

138.0 682.0 469.0 64.0 en esta prision metido

138.0 731.0 515.0 68.0 donde mi mal se origina;

142.0 775.0 538.0 72.0 por Dios os pido, heroina,

140.0 820.0 471.0 72.0 amparar á un afligido.

186.0 870.0 529.0 70.0 Hoy mi desdicha, señora,

144.0 930.0 511.0 59.0 me ha obligado, y asi es,

144.0 975.0 474.0 60.0 que la invoque esta vez

146.0 1016.0 463.0 69.0 por piadosa defensora;

148.0 1070.0 505.0 68.0 asi mi pecho lo implora,

148.0 1113.0 457.0 62.0 con mucha seguridad;

144.0 1153.0 509.0 74.0 de que tendrá la bondad

150.0 1215.0 443.0 62.0 de condolerse, y asi,

150.0 1260.0 443.0 68.0 lo que hiciere por mí

148.0 1308.0 403.0 58.0 es obra de caridad.

163.0 1335.0 655.0 93.0 Bien se sabe que el que es pobre

155.0 1399.0 446.0 68.0 de recursos y dinero,

155.0 1452.0 520.0 62.0 lo amparan los caballeros

148.0 1498.0 552.0 66.0 con oro, plata y con cobre:

157.0 1552.0 545.0 66.0 y por que á veces les sobre

157.0 1589.0 430.0 68.0 su noble benignidad,

161.0 1636.0 471.0 71.0 su respeto y humildad,

159.0 1678.0 583.0 80.0 que es lo que Cristo enseñó;

165.0 1736.0 486.0 74.0 y asi hacedlo, por Dios,

157.0 1787.0 388.0 64.0 ejecutad la piedad.

206.0 1826.0 478.0 73.0 En fin, señora piadosa,

163.0 1888.0 550.0 62.0 por tu esposo y por tu niño

161.0 1928.0 525.0 70.0 á quien le debe el cariño,

163.0 1986.0 415.0 55.0 pido seais generosa;

169.0 2021.0 502.0 66.0 y por la Sangre preciosa,

173.0 2070.0 564.0 77.0 por quien fuimos redimidos,

169.0 2122.0 428.0 68.0 por todo esto os pido

171.0 2176.0 564.0 68.0 postrado ante vuestros pies,

171.0 2229.0 440.0 56.0 que obreis con interes

171.0 2263.0 589.0 103.0 con quien se halla desvalido.

818.0 175.0 564.0 77.0 Válgame Dios, qué de cosas

816.0 241.0 517.0 60.0 he visto en aqueste puesto;

822.0 291.0 432.0 64.0 he visto mi sepultura,

810.0 332.0 527.0 66.0 antes de haberme muerto.

855.0 376.0 515.0 68.0 Solo yo con causa plena

818.0 434.0 622.0 74.0 me encuentro muy lastimado,

816.0 485.0 447.0 66.0 pues me veo fatigado

824.0 529.0 472.0 62.0 en tan indecible pena;

826.0 574.0 455.0 60.0 veo grillos y cadenas

828.0 626.0 565.0 70.0 y tambien gruesas esposas;

833.0 667.0 587.0 74.0 ¡qué escenas tan lastimosas!

831.0 721.0 469.0 70.0 y yo á su lado fenezco

826.0 756.0 559.0 83.0 por lo mucho que padezco;

831.0 814.0 593.0 70.0 ¡válgame Dios, qué de cosas!

872.0 861.0 471.0 66.0 El hedor del calabozo

833.0 907.0 525.0 78.0 y el fragor de tanta gente

828.0 963.0 552.0 66.0 me tienen todo impaciente

833.0 1014.0 473.0 64.0 sin consuelo ni reposo;

839.0 1060.0 577.0 56.0 todo se encuentra asqueroso

841.0 1103.0 463.0 62.0 desazonado y molesto,

843.0 1149.0 548.0 76.0 y por lo tanto yo advierto,

841.0 1204.0 409.0 67.0 sin mentira ni jurar

837.0 1237.0 597.0 85.0 que á muchos hombres llorar

845.0 1299.0 533.0 69.0 he visto en aqueste puesto.

882.0 1337.0 565.0 80.0 No hay sazon en la comida,

845.0 1401.0 577.0 51.0 encuentro el agua amargosa,

849.0 1442.0 507.0 64.0 muchas veces asquerosa,

849.0 1494.0 488.0 66.0 hedionda y corrompida;

849.0 1529.0 420.0 78.0 solo espero la salida

851.0 1595.0 511.0 56.0 de mazmorra tan oscura,

849.0 1628.0 604.0 79.0 y á mas, lo que hoy me apura

847.0 1676.0 471.0 68.0 con delirantes antojos,

851.0 1707.0 612.0 99.0 que con la muerte en los ojos

853.0 1783.0 443.0 62.0 he visto mi sepultura.

893.0 1804.0 618.0 93.0 Lo que á mí mas me atormenta

843.0 1872.0 467.0 64.0 en tan increible pena,

853.0 1922.0 515.0 64.0 son los grillos y cadenas,

849.0 1965.0 498.0 68.0 en esta prision violenta;

851.0 2006.0 575.0 81.0 pero me he hecho la cuenta

851.0 2064.0 519.0 75.0 que soy ya cadaver yerto

855.0 2118.0 503.0 66.0 pasando cruel tormento,

855.0 2161.0 540.0 75.0 y en tan insufribles penas,

853.0 2213.0 594.0 66.0 no corre sangre en mis venas

849.0 2252.0 519.0 122.0 antes de haberme muerto.
