1939 2608
171 226 411 65 para arrear la galera

163 276 463 65 donde vais aposentado.

163 317 450 72 Una cama de Turquía,

160 373 520 66 un pabellon á lo persiano,

158 425 563 64 cobertor con vuestras armas

160 475 494 61 todo en perlas recamado,

158 523 513 68 un arnés de fuerte acero,

158 575 463 57 un jaez para el caballo

154 615 576 78 hecho á la turquesca usanza,

156 675 524 57 de finas piedras sembrado;

156 721 528 63 dos alfanjes muy cortantes

152 767 567 71 con vayna de oro esmaltada,

154 817 498 69 en las correas pendientes

156 867 485 71 está tu nombre bordado.

154 919 526 63 En fin, príncipe don Juan,

152 975 456 57 el presente ya contado

149 1019 522 61 no os lo doy por amistad,

147 1067 581 71 ni por miedo que he tomado,

149 1121 518 56 doyle yo por mis sobrinos

145 1167 502 60 hijos de aquel desdichado

145 1214 372 66 el famoso Alí bajá,

141 1267 456 58 el cual era mi cuñado,

143 1321 567 63 muy querido de mi hermana,

143 1369 546 67 de mi corte el mas privado,

145 1421 502 59 que los trateis segun son,

145 1475 437 59 y así estoy certificado

145 1521 533 61 que comen á vuestra mesa,

141 1562 587 70 y van siempre á vuestro lado.

141 1612 402 65 Alá os pague, señor,

147 1673 444 61 príncipe muy afamado,

143 1712 513 72 y que os guarde de mi ira

143 1760 461 72 y de mi poder sobrado,

143 1819 452 67 que si Mahoma dormia,

136 1860 450 102 ahora estará desvelado.

862 217 655 80 ROMANCE DE LA RESPUESTA QUE HIZO

926 278 523 65 EL SEÑOR DON JUAN AL GRAN

1121 332 131 59 TURCO.

858 404 396 89 A tí, Selim sultan,

854 480 539 61 el que gran señor se llama,

856 530 393 69 emperador sin tener

852 578 417 69 la ceremonia romana.

852 628 445 71 A tí, rey de reyes, rey

854 680 445 69 por tiránica demanda;

854 723 602 76 yo don Juan de Austria menor

847 778 563 69 de los de la casa de Austria,

849 828 470 73 de emperadores y reyes

847 880 424 67 de católica prosapia;

845 923 602 70 conforme á lo que tu escribes,

852 978 560 71 voy respondiendo á tu carta.

856 1027 472 66 Tu presente he recibido

843 1071 552 78 de grandeza y mano franca;

847 1123 457 76 por el bajan Assambey,

847 1182 431 58 y privado de tu casa,

843 1225 446 65 no lo recibo por serte

841 1275 521 72 súbdito, ni Dios lo manda,

841 1327 545 61 ni por amor que me tienes,

841 1377 508 63 segun tu ira me amenaza.

841 1425 454 70 Recíbole porque sepan

834 1477 500 70 la ocasion de tal jornada,

836 1521 496 78 y de que efecto procede,

836 1575 474 68 y por órden de crianza,

836 1623 413 74 y por último remate,

839 1643 602 95 por los ruegos de tu hermana:

832 1732 493 58 ni me tengo por dichoso,

839 1773 497 74 porque de tu mano salga;

832 1821 457 71 sino porque lo permite

828 1875 569 76 Dios, en quien yo confiaba;

832 1934 417 61 y si dices, que señor

830 1982 432 56 eres de la Casa santa,

832 2016 528 72 y la llora el buen cristiano

828 2075 491 67 en el alma por desgracia,

832 2127 528 70 guarda tú, que no la llores

823 2177 535 118 en el cuerpo y en el alma;

1352 2210 78 106 allá
