1927 2613
403 230 453 68 allá te envio el sobrino

403 278 532 76 Saybey que así se llamaba,

405 330 453 77 y á Malabey el muerto

403 381 486 67 embalsamado en su caja.

405 435 436 61 Recibe, señor, el vivo,

411 485 498 72 pues Alá así lo ordenaba,

403 535 412 61 con arreos y preseas

405 581 558 63 de Italia, Flandes y España.

403 631 473 72 Primo, una veloz galera

405 677 504 76 de oro y seda entapizada,

405 735 436 70 adonde va tu sobrino,

407 781 458 63 su persona aposentada;

407 829 464 68 la librea de los remeros

409 879 473 61 es de seda azul y plata.

411 934 439 63 Mas, de fino carmesin

411 979 465 66 dos cobertores de cama

414 1025 492 70 de fino oro de Florencia,

411 1080 476 67 labrados en la Toscana,

416 1134 462 61 con rapacejos de aljófar

425 1175 438 79 y de seda de Granada;

418 1230 501 63 un arnés hecho en Milan,

431 1278 532 72 que arcabuz no le melleva;

420 1330 506 61 estoque lindo de Flandes,

429 1374 652 82 que el pomo es de una esmeralda,

427 1426 416 78 y con arábicas letras

1103 209 440 78 toda la vayna labrada.

1100 265 493 70 De manpudo y de marfil

1103 326 564 68 mesa á la turquesca usanza,

1103 370 422 76 almohada de brocado

1111 420 512 72 por asientos por ser baja;

1105 470 508 67 sobremesa con tus armas,

1111 518 565 76 que cien doblas se preciaba;

1105 566 571 72 tres mantas franjadas de oro,

1100 624 504 68 seis paños de fina grana,

1105 668 488 70 con armas de oro reales,

1113 718 534 68 que es la marca valenciana.

1107 768 381 68 Recibirás el recibo,

1107 818 493 72 no porque te debo nada,

1109 866 545 74 el presente, que al presente

1109 914 445 76 otro mejor no se halla,

1113 966 541 77 y si no es cual tu mereces,

1111 1021 541 72 tu gran merecer lo ensalza,

1118 1062 410 81 y mi buena voluntad

1113 1114 537 70 sé que enmendará mi falta.

1116 1169 527 63 Y si miedo en ti no hiciste,

1118 1215 623 67 ¿quieres ver si en mi habitaba?

1118 1260 564 74 Que duerma ó vele Mahoma,

1113 1313 447 78 á mi nada se me daba,

1107 1363 619 67 sé bien que en el infierno vela,

1111 1415 519 78 segun las penas que pasa.

483 1868 1249 135 Barcelona: Imprenta de los Herederos de la Viuda Pla, calle Cotoners.
