1924 2608
297 993 1118 124 LA GRAN VICTORIA

165 1088 1343 83 QUE TUVO DON JUAN DE AUSTRIA CONTRA LA ARMADA

239 1147 1219 74 turquesca en el golfo de Lepanto, á siete de octubre de 1571,

271 1197 1159 67 dividida en tres famosos romances. El primero, cuando partió

269 1245 1131 69 don Juan del reino de Sicilia con toda la armada en busca

297 1293 1140 82 de la del turco. El segundo, el presente que envió el

313 1353 1054 70 turco al señor don Juan. El tercero, otro presente que

336 1395 990 85 hizo el señor don Juan al turco; con muy sabias

745 1453 200 107 respuestas.

178 1590 435 76 De Sicilia con poder

165 1653 437 66 la armada Real partia

169 1695 600 74 con lindo acuerdo y concierto,

169 1749 572 72 don Juan de Austria la regia,

169 1799 444 72 magnánimo y valeroso,

184 1860 439 56 príncipe de gran valía,

169 1890 552 72 hermano del rey de España,

176 1947 506 63 que por general lo envia:

167 1999 500 74 ducientas y ocho galeras,

167 2045 439 71 eran todas de la Liga,

173 2092 590 122 y veinte y seis naves gruesas,

169 2151 374 131 seis galeazas habia,

863 1590 476 81 y veinte y cinco navíos,

863 1658 426 54 dó provisiones traian,

856 1703 502 66 cuarenta y cinco fragatas

856 1745 454 71 iban con gente lucida:

863 1806 565 60 duques, condes y marqueses

860 1856 477 63 llevaba en su compañía,

867 1903 404 68 y capitanes famosos,

860 1945 416 67 soldados de gallardía.

863 1999 417 65 Un estandarte dorado

858 2047 407 69 de su galera pendia,

856 2105 459 61 con un Cristo figurado,

863 2147 480 117 el cual llevaba por guia,

1382 2205 76 79 que
