1860 2629
423.0 850.0 1061.0 122.0 COPLAS NUEVAS GLOSADAS EN DECIMIAS

543.0 950.0 731.0 92.0 PARA CANTAR LOS AFICIONADOS.

710.0 1156.0 437.0 55.0 Casarme yo me casara

668.0 1200.0 474.0 55.0 pero tengo mucho miedo

673.0 1244.0 439.0 61.0 que el ganado femenino

668.0 1294.0 593.0 77.0 hace volver á Marcos, Cornelio.

274.0 1351.0 495.0 79.0 La bandera de S. Marcos,

230.0 1408.0 526.0 59.0 acompaña á muchos hombres

230.0 1443.0 502.0 70.0 sin distincion de los pobres

230.0 1496.0 441.0 59.0 ni á solteros ni casados

228.0 1529.0 526.0 70.0 ni á viudos ni amancebados

228.0 1573.0 480.0 70.0 cada cual tiene en su casa

225.0 1616.0 375.0 62.0 esta tal indigna raza

225.0 1669.0 533.0 63.0 que se estila en estos tiempos

230.0 1717.0 381.0 55.0 y sino fuera por eso

225.0 1752.0 408.0 70.0 casarme yo me casara.

993.0 1349.0 448.0 88.0 Tambien á los caballeros

938.0 1399.0 454.0 79.0 les digo que listos vivan

949.0 1467.0 435.0 55.0 y' no consientan visitas

945.0 1505.0 496.0 52.0 mientras van á los empleos

943.0 1542.0 456.0 63.0 á comer les dan carnero,

943.0 1586.0 441.0 61.0 con algunos lechuguinos

945.0 1629.0 412.0 57.0 no reparan si son tinos

947.0 1684.0 487.0 57.0 y al instante le hacen cabra

947.0 1724.0 458.0 54.0 porque es la peor canalla

947.0 1768.0 369.0 74.0 el ganado femenino.

267.0 1868.0 439.0 75.0 El ser casado es verdad

223.0 1930.0 549.0 65.0 que es un gusto y un placer,

225.0 1969.0 325.0 57.0 pero suele suceder

225.0 2015.0 362.0 57.0 con mucha facilidad

223.0 2057.0 347.0 59.0 el venírsela á pegar

223.0 2098.0 538.0 59.0 mientras el rompe sus huesos

228.0 2140.0 397.0 66.0 para ganar el sustento

232.0 2190.0 478.0 59.0 y cumplir con sus deberes

228.0 2232.0 368.0 55.0 yo buscaria mugeres

225.0 2278.0 474.0 68.0 pero tengo mucho miedo.

989.0 1888.0 423.0 74.0 Ellas no reparan nada

938.0 1945.0 483.0 50.0 ni menos algunos hombres

945.0 1984.0 524.0 66.0 que en habiendo Ste. Thome

943.0 2030.0 436.0 60.0 toman oro y toman plata

947.0 2079.0 388.0 52.0 y se los llevan á casa

945.0 2118.0 436.0 55.0 sin que lo sep su dueño

936.0 2149.0 507.0 70.0 qne ellos en viendo dinero

940.0 2206.0 426.0 50.0 se ponen como los locos

940.0 2252.0 501.0 48.0 que á su marido mui pronto

938.0 2282.0 520.0 114.0 le hacen ser Marcos Cornelio.
