1860 2629
526.0 219.0 423.0 74.0 El que de muger se fia

532.0 260.0 463.0 73.0 mui poco del mundo sabe

539.0 306.0 496.0 81.0 pues aunque es arca cerrada

537.0 354.0 417.0 103.0 todos tenemos la llave.

182.0 501.0 554.0 81.0 No entienden el que es mania

146.0 545.0 463.0 72.0 ni el que quiere criticar

153.0 593.0 505.0 77.0 que es un hecho sin porfia

153.0 639.0 456.0 73.0 que al fin la suelo pagar

157.0 687.0 433.0 86.0 el qne de muger se fia.

910.0 475.0 469.0 74.0 Nadie una mano se lave

875.0 527.0 458.0 71.0 ni beba de una agua sola

877.0 576.0 384.0 57.0 ni sea en amor suave

879.0 617.0 450.0 57.0 que el uno corre la bola

875.0 657.0 495.0 87.0 mui poco del mundo sabe.

203.0 790.0 430.0 95.0 Nunca adelantará nada

166.0 858.0 465.0 66.0 el hombre con su locura

160.0 896.0 480.0 89.0 la muger será obsequiada

184.0 946.0 381.0 74.0 y estará poco segurá

168.0 992.0 474.0 90.0 aunque sea arca cerrada.

912.0 771.0 500.0 89.0 No es facil guardar el ave

879.0 830.0 434.0 79.0 con esa jaula ton baja

888.0 882.0 412.0 66.0 y asi ninguno se alabe

870.0 911.0 498.0 88.0 que de esa grande cerraja

881.0 968.0 435.0 77.0 todos tenemos la llave.

802.0 1362.0 86.0 114.0 FIN

346.0 2081.0 1178.0 122.0 TORTOSA: Imprenta, de la Viuda é hijos. de J. A. Ferreres.
