1860 2629
243 245 423 72 con bayoneta calada,

247 302 538 63 á pasos dobles marchaban.

247 352 472 62 antesde ponerse el sol,

241 398 526 66 les pedí un poco de agua,

247 444 437 75 y les dije en alta voz:

252 495 572 63 —Por Dios, quitarme la vida,

252 547 559 68 que en Córdoba no entre yo,

250 600 568 66 que está mi familia honrada,

250 639 508 64 y de mis padres el honor.

252 685 491 70 —No te puedo remediar

250 747 462 54 el comandante me dijo,

247 784 503 70 ya no tienes más recurso.

252 847 386 53 es preciso caminar;

247 882 448 64 á Córdoba te llevamos

250 933 447 66 por órden del general.

298 988 392 59 Multiplicó mi dolor

252 1031 460 64 al entrar por la ciudad,

247 1086 557 55 á padres, madres y familias

250 1134 478 62 causó gran admiracion;

252 1178 434 75 todos gritaban detrás:

256 1226 498 64 —¡ya cogieron al traidor!

250 1281 440 68 otros lloran sin cesar.

247 1321 461 67 Me llevan á la prision,

254 1378 456 63 me cargan de cadenas;

261 1419 482 66 del cielo baje el perdon.

300 1476 476 59 Quedar todos con Dios;

261 1516 565 72 perdon les pido á las gentes,

256 1575 546 70 que una mujer fué la causa

261 1616 480 64 de pelear con la muerte.

261 1673 449 55 Me toman declaracion,

258 1711 542 78 trece muertos, dos heridos.

258 1759 457 68 ladron un año he sido,

263 1811 355 70 mi causa finalizó,

258 1862 426 63 tiene pena de la vida

261 1910 462 63 todo el Tribunal firmó,

263 1969 467 55 ya me ponen en capilla

261 2006 478 64 con un Cristo Redentor;

265 2048 511 74 ¡ay, padres y hermanitos!

313 2098 551 108 Aquí se amansa el valiente,

927 173 481 138 aqu se pierde el valor,

932 297 530 64 la honradez y el pundonor

932 346 524 65 y se afrentan los parientes

934 398 458 57 aquí tengo el contesor,

934 435 480 73 ya Portela se arrepiente,

934 495 509 57 ya el patíbulo me espera.

932 549 495 53 manlana sera mi muerte,

934 591 566 57 de los males que he causada

938 641 520 60 perdonen todas las gentes.

984 694 492 57 Calles, ventanas y casas,

938 727 511 72 Córdoba y sus habitantes.

932 777 515 73 perdónenme en adelante,

936 836 559 57 socorred mis dos hermanas;

936 885 516 61 ancianos, padres y niños,

940 928 514 68 las peñas y las montañas,

940 979 512 59 las fuentes y mis amigos,

932 1025 555 70 llorad vuestra dulce calma,

943 1073 454 72 y no olvidareis confio.

938 1126 564 65 que una mujer fué la causa.

995 1176 485 59 Ya salgo con un piquete

943 1224 487 64 y una caja destemplada,

943 1275 519 63 la Caridad me acompaña,

945 1327 522 57 me miran todas las gentes;

943 1373 513 57 adios, adios, compañeros,

945 1419 572 62 adios, adios, para siempre...

949 1467 584 64 Veinticinco años de mundo...

945 1518 498 61 mirad todos á mi suerte:

947 1553 634 74 un Santo Cristo en mis manoz..

947 1614 478 59 le pido que no me deje.

1002 1662 476 62 Ya subo por la escalera,

949 1717 540 57 va el verdugo me acomete

947 1746 654 72 creo en Dios Padre y Dios Hijo,

951 1807 566 61 aquí fué el dolor más fuerte;

951 1857 505 68 ya me sientan en el palo,

949 1899 507 77 mirando estoy á la gente.

951 1962 426 53 me retiran la cabeza,

951 1995 569 77 en un torno el cuello meten,

958 2052 478 55 y al decir su único Hijo

954 2105 563 68 á pelear voy con la muerte.

892 2199 101 110 FIN.

364 2462 1079 96 MADRID.—Despacho: Sucesores de Hernando, Arenal, 11.
