1753 2480
965.0 72.0 122.0 99.0 — 6 —

297.0 155.0 445.0 50.0 Vamos á don Federico,

293.0 181.0 573.0 72.0 que preguntó a los monteros

286.0 227.0 550.0 69.0 si es verdad que la mataron,

285.0 272.0 532.0 76.0 que les guardará el secreto,

289.0 326.0 451.0 57.0 y que también les dará

285.0 369.0 473.0 56.0 gran cantidad de dinero.

279.0 411.0 421.0 58.0 Al fin dijeron que no

277.0 454.0 429.0 64.0 y contaron el suceso,

275.0 496.0 542.0 70.0 como se quedó en el monte

274.0 544.0 492.0 69.0 sin agraviarla en un pelo.

271.0 584.0 469.0 67.0 Don Federico responde:

304.0 625.0 493.0 77.0 —En el alma lo agradezco;

270.0 672.0 482.0 67.0 todos juntos hemos de ir

265.0 715.0 481.0 70.0 á buscarla en el desierto,

263.0 763.0 474.0 66.0 que no pase de mañana;

264.0 797.0 527.0 75.0 y á mi hermano le diremos

262.0 847.0 529.0 66.0 que á una grande montería

270.0 896.0 500.0 67.0 voy con otros caballeros.

262.0 934.0 511.0 72.0 Salen del palacio y llegan

260.0 982.0 469.0 63.0 al fragoso Pirineo,

253.0 1027.0 533.0 68.0 en sus encumbrados riscos,

259.0 1074.0 522.0 57.0 peñas y montes subiendo;

257.0 1116.0 514.0 67.0 mas quiso su mala suerte

253.0 1162.0 517.0 61.0 que con la caverna dieran

248.0 1204.0 490.0 58.0 donde doña Inés estaba

245.0 1241.0 482.0 70.0 para perdicion de ellos,

245.0 1292.0 528.0 66.0 que el leon de que los vió,

245.0 1335.0 548.0 66.0 muy enojado y sangriento,

237.0 1372.0 412.0 70.0 á los tres despedazó

239.0 1424.0 565.0 68.0 en menos que dura un credo

235.0 1459.0 469.0 70.0 salvándose solo el otro,

239.0 1510.0 505.0 66.0 aunque vivo, casi muerto.

237.0 1552.0 445.0 66.0 Mas doña Inés lo libró

232.0 1596.0 534.0 71.0 del fiero animal sangriento

233.0 1645.0 492.0 62.0 porque era don Federico

227.0 1686.0 554.0 66.0 que lo conoció al momento:

230.0 1733.0 562.0 67.0 do cupo en su sangre noble

231.0 1775.0 455.0 60.0 aquel refran verdadero,

227.0 1814.0 486.0 70.0 porque ella la mala obra

227.0 1857.0 529.0 71.0 la pagó con buen extremo:

227.0 1897.0 430.0 68.0 Da la vuelta á palacio

219.0 1950.0 523.0 60.0 con mentiras y embelecos,

223.0 1986.0 446.0 68.0 diciendo que un jabalí

217.0 2033.0 479.0 72.0 le mató los compañeros,

221.0 2079.0 535.0 115.0 y que él, con cinco heridas,

1034.0 168.0 557.0 74.0 se subió encima de un cerro,

1033.0 212.0 449.0 66.0 y que de alli se escapó

1032.0 250.0 554.0 88.0 de aquel monstruo soberbio.

1033.0 297.0 386.0 65.0 En el dia señalado

1028.0 343.0 559.0 85.0 de la Encarnacion del Verbo,

1028.0 391.0 459.0 67.0 se apareció á doña Inés

1026.0 425.0 507.0 83.0 la Virgen de los Remedios

1025.0 473.0 466.0 71.0 toda adornada de flores,

1023.0 524.0 508.0 67.0 con el rostro muy risueño,

1022.0 564.0 544.0 79.0 diciéndola:—Dios te guarde,

1017.0 608.0 452.0 69.0 hija. Ya llegó el tiempo

1017.0 655.0 431.0 66.0 de que dejes este sitio

1018.0 697.0 441.0 73.0 y te vayas á tu pueblo,

1012.0 738.0 382.0 66.0 curarás á tu esposo

1011.0 783.0 575.0 76.0 que dias ha que está enfermo,

1012.0 824.0 445.0 64.0 y tambien á tu cuñado

1010.0 872.0 494.0 66.0 que las heridas vertiendo

1006.0 911.0 482.0 76.0 todavía le echan sangre,

1010.0 961.0 451.0 68.0 y perdónale los yerros.

1002.0 998.0 471.0 70.0 El leon que te ha traido

1000.0 1051.0 436.0 58.0 el cotidiano alimento,

1000.0 1093.0 488.0 66.0 ha sido por mi mandato,

998.0 1138.0 560.0 68.0 que así pago cuando quiero,

996.0 1186.0 503.0 66.0 reservando á mis devotos

996.0 1222.0 555.0 80.0 de este y semejantes riesgos.

995.0 1270.0 496.0 65.0 Con esto la dió la Virgen

992.0 1312.0 492.0 70.0 un pomito muy pequeño.

989.0 1355.0 502.0 68.0 lleno de bálsamo heróico,

988.0 1405.0 445.0 63.0 como bajado del cielo;

988.0 1443.0 448.0 65.0 quedándose doña Inés

989.0 1493.0 460.0 65.0 convertida en pasajero,

988.0 1537.0 486.0 68.0 camino que va á Lisboa,

983.0 1578.0 526.0 71.0 con su báculo y sombrero,

982.0 1624.0 445.0 66.0 y peregrinando llega

979.0 1665.0 525.0 72.0 á la córte en breve tiempo,

981.0 1712.0 449.0 63.0 á donde en ella curó

977.0 1756.0 605.0 72.0 muy grande copia de enfermos,

977.0 1800.0 538.0 64.0 sin que el bálsamo precioso

971.0 1841.0 486.0 66.0 se menoscabara un pelo.

975.0 1880.0 496.0 70.0 Toda la ciudad se admira

967.0 1926.0 453.0 66.0 de la peregrina, viendo

965.0 1969.0 494.0 68.0 los enfermos que curaba

965.0 2015.0 488.0 68.0 tan consumidos y secos,

963.0 2068.0 471.0 56.0 y luego los veian sanos

959.0 2112.0 576.0 113.0 dentro de muy breve tiempo.
