1860 2629
195.0 122.0 434.0 72.0 que extremecidas vacilan.

232.0 179.0 379.0 53.0 Pero él dice temerario.

197.0 214.0 417.0 55.0 «No: no me causan pavor

203.0 234.0 485.0 72.0 vuestros semblantes esquivas;

201.0 289.0 395.0 54.0 yo soy vuestro matador.

239.0 322.0 454.0 59.0 «Si aprestais venganza fiora

203.0 361.0 483.0 53.0 en vuestro alcazar mertuorio,

203.0 396.0 450.0 53.0 ¡dáos prisa! Aqui os, espera

203.0 429.0 452.0 50.0 otra vez don Juan Tenorio.»

239.0 453.0 482.0 64.0 Don Juan ha quedado absorto

206.0 497.0 421.0 61.0 y en este momento entran

206.0 538.0 416.0 53.0 sus antiguos compañeros,

206.0 571.0 388.0 62.0 Avellancda y Centellas.

234.0 582.0 461.0 79.0 Sospechan que tiene miedo,

208.0 637.0 456.0 64.0 y él por probar to contrario,

210.0 681.0 373.0 55.0 les convida, y además

208.0 718.0 403.0 59.0 á la estátua de Guazalo.

250.0 733.0 500.0 73.0 Y mientras los tres se ausentan

214.0 790.0 378.0 51.0 con la algazara mayor,

217.0 814.0 419.0 64.0 Tenorio dice á la ostátua:

217.0 863.0 493.0 70.0 —a¡Lo dicho, Comendador!»

956.0 109.0 399.0 75.0 mas la verdad le repite,

954.0 166.0 436.0 53.0 de Iués la mágia sombra.

954.0 238.0 414.0 55.0 á sus amigos que, presto

984.0 184.0 481.0 70.0 Entónces don Juan despierta

951.0 256.0 496.0 72.0 creen que el les ha hechizado

958.0 311.0 502.0 57.0 con un vino que ha compuesto,

995.0 343.0 432.0 55.0 Disputan subiendo el tuno:

960.0 381.0 421.0 57.0 mas m tes teme D. Juan,

962.0 418.0 397.0 55.0 y desafiando á Centellas

960.0 457.0 382.0 66.0 dice:—Vamos; Capitan.

245.0 970.0 452.0 83.0 Don Juan y sus dos amigos

219.0 1040.0 458.0 57.0 cenando están en la quinta,

221.0 1082.0 386.0 50.0 y tienen para el difunto

217.0 1112.0 441.0 60.0 dispuestos cubierlo y silla.

258.0 1150.0 386.0 52.0 Y cuando van á brindar

219.0 1185.0 406.0 55.0 por la gloria de Gonzalo

217.0 1222.0 388.0 50.0 en la puerta de la calle

219.0 1255.0 410.0 59.0 suena fuerte aldabenazo.

261.0 1272.0 482.0 75.0 Ya suena ntro en la escalera.

223.0 1327.0 415.0 55.0 otro en la sala contigua...

225.0 1347.0 476.0 68.0 todos se espantan... A Ciutti

221.0 1397.0 452.0 62.0 le tiemblan las pantorrillas.

263.0 1419.0 473.0 66.0 —«¿Señores, a qué llamar?.

225.0 1461.0 384.0 61.0 dice Tenorio arrogante,

225.0 1491.0 492.0 68.0 —los muertos se han de filtrar

223.0 1544.0 380.0 55.0 por la pared jadelantel

261.0 1579.0 443.0 53.0 La estátua de don Gonzalo

228.0 1616.0 430.0 53.0 atraviesa el grueso muro,

230.0 1649.0 377.0 57.0 y á la sala del canvite

225.0 1673.0 422.0 68.0 se vé presentar de subito

261.0 1719.0 394.0 55.0 Centellas y Avellaneda

232.0 1759.0 399.0 50.0 se quedan desvanecidos:

232.0 1794.0 419.0 57.0 la estátua dice á Tenario:

234.0 1831.0 432.0 55.0 —mañana no estarás viyo.

267.0 1866.0 415.0 53.0 Para que salves tu alma,

234.0 1899.0 448.0 53.0 Dios en su santa clemencia

236.0 1938.0 378.0 55.0 te concede un sulo dia

234.0 1971.0 452.0 62.0 para implorar penitencia..

276.0 2008.0 406.0 53.0 Vase la Estátua, Tenorío

526.0 928.0 44.0 64.0 VI

1002.0 600.0 524.0 81.0 Vuelve don Juan ya muy pálido

965.0 661.0 469.0 59.0 á la mansion de los muertos,

969.0 701.0 390.0 59.0 y la estátua de Gonzalo

969.0 720.0 487.0 75.0 no ha vuelto aun á su puesto.

1002.0 773.0 421.0 50.0 Esta le ofreció un convite

973.0 806.0 321.0 52.0 y Tenorio lo acepto:

969.0 828.0 415.0 74.0 la Estátua al fin aparece:

995.0 860.0 516.0 77.0 —¿Qué quieres? Aquí estoy yo..

1004.0 915.0 439.0 57.0 Fantasmas y fuegos fátuos,

969.0 953.0 397.0 54.0 osamentas y esqueletos:

973.0 992.0 393.0 50.0 en derredor de Tenorio,

973.0 1025.0 411.0 55.0 van colocándose tétricos.

1008.0 1062.0 417.0 53.0 El Comendador le ofrece,

973.0 1091.0 386.0 65.0 fuego y ceniza no más;

980.0 1132.0 342.0 59.0 y le llice majestuoso:

980.0 1154.0 487.0 68.0 —«Te doy lo que tú serás».—

1011.0 1196.0 434.0 59.0 Despues le ofreco la mano

978.0 1235.0 373.0 61.0 en señal de despedida:

978.0 1259.0 484.0 70.0 don Juan se la dá, y entónces

980.0 1312.0 399.0 57.0 teme por su eterua vida.

1017.0 1332.0 432.0 65.0 Viendo su muerte cercana,

984.0 1378.0 395.0 54.0 dice:—Señor, cren en tí,

980.0 1419.0 421.0 55.0 si mi maldad fué incaula,

989.0 1452.0 447.0 59.0 Señor, ten piedad de mí, »

1024.0 1472.0 502.0 76.0 —¡Ya es tarde!dice Gonzalo:

987.0 1524.0 375.0 55.0 mas doña lués aparece

989.0 1544.0 487.0 77.0 y á don Juan que perdon pide

984.0 1599.0 437.0 57.0 su mano, tierna, le ofrece.

1026.0 1616.0 511.0 68.0 Vuelven los muertos y estátuas

989.0 1667.0 480.0 54.0 á sus puestos y á sus tumbas,

989.0 1704.0 469.0 61.0 pues Dius perdonó á D. Juan

989.0 1743.0 366.0 55.0 al pié te la sepultura.

1030.0 1774.0 393.0 55.0 Y mientras la pura Inés

991.0 1805.0 417.0 63.0 y don Juan ya perdonado

989.0 1846.0 346.0 60.0 se disponen á cruzar

993.0 1875.0 452.0 61.0 sus almas el ancho ospacio,

993.0 1923.0 443.0 55.0 don Juan ante la cvidencia

993.0 1960.0 415.0 51.0 dice ver, claro y notorio,

993.0 1980.0 500.0 61.0 que es el Dios de la clemencia

995.0 2030.0 476.0 62.0 el Dios DE DoN JUAN TENORIO.

1263.0 532.0 74.0 59.0 VII.

263.0 2214.0 1397.0 176.0 Baralona engant de sosú ciana, Bou de la pima duua, nún 2o

1342.0 2072.0 237.0 85.0 He propiedod,

236.0 2044.0 417.0 105.0 eree que todo fue broma
