1753 2480
57.0 57.0 372.0 54.0 hare un año se citaron

62.0 95.0 398.0 62.0 Tenprio y D. Luis Mejia;

62.0 136.0 471.0 58.0 y en tal noche cumple el año.

97.0 171.0 397.0 56.0 El uhjeba es ver quién es

55.0 210.0 465.0 54.0 el que en el tiempo marcado

55.0 248.0 463.0 51.0 ha cunuist sn mas hembras

59.0 281.0 488.0 64.0 y hu venrido a mas cantrarios.

93.0 322.0 357.0 50.0 El padre de doña lués

57.0 349.0 412.0 54.0 lo sabe y va a la taberna:

62.0 388.0 481.0 56.0 tambien la supo el buen padre

51.0 423.0 447.0 58.0 d D. Juan y alli se sienta.

57.0 460.0 354.0 50.0 Los dos llevan antifaz

51.0 496.0 374.0 53.0 para que no se les vea.

93.0 522.0 413.0 62.0 Van llegando compañeros

53.0 566.0 370.0 49.0 de D. Juan y de Mejia,

55.0 595.0 484.0 66.0 para ver quien vence á quien,

57.0 642.0 422.0 50.0 si es que acuden á la cita.

90.0 671.0 412.0 52.0 Entran ya dos embozados

51.0 710.0 383.0 52.0 con antifaz en el rostro:

51.0 750.0 343.0 45.0 es el uno Luis Mejia;

49.0 779.0 387.0 60.0 el otro D. Juan Tenorio.

84.0 818.0 399.0 58.0 Se reconocen, se sientan

55.0 851.0 360.0 54.0 y sus hazañas relatan:

53.0 894.0 294.0 46.0 amures y desafios

49.0 915.0 422.0 68.0 y juego y vino y patrañas.

82.0 961.0 459.0 64.0 Oice li. Juan:—¿Fui á Italia

53.0 996.0 317.0 49.0 y fije alli mi cartel:

45.0 1025.0 428.0 55.0 aqui esta D. Juan Tenorio

51.0 1072.0 484.0 50.0 para quien quiera algo de él.»

88.0 1101.0 391.0 54.0 Y como alla las mujeres

51.0 1134.0 360.0 60.0 son bellas en general,

49.0 1171.0 378.0 52.0 en sus lances amorosos

49.0 1209.0 374.0 55.0 no hubo medio ni final.

82.0 1246.0 370.0 49.0 Revolvió toda la Italia

51.0 1275.0 447.0 62.0 y en Roma hubo de escapar

49.0 1322.0 401.0 50.0 montado en un mal rocin

47.0 1355.0 395.0 48.0 pues le querian ahorcar.

82.0 1392.0 323.0 46.0 En Napoles no faltó

53.0 1426.0 393.0 53.0 y allí lució á su manera,

45.0 1459.0 436.0 55.0 desafiando á los mancebos,

43.0 1498.0 475.0 54.0 conquistando á las mancebas,

82.0 1535.0 412.0 62.0 Y asi subió á los palacios

51.0 1566.0 327.0 52.0 y á las cabañas bajó

49.0 1599.0 372.0 68.0 y por doquiera que fué

45.0 1632.0 294.0 58.0 la razon atropello,

43.0 1667.0 333.0 56.0 escarnecio la virtud

45.0 1709.0 302.0 47.0 y la justicia burló:

43.0 1744.0 345.0 54.0 no reconoció sagrado

43.0 1777.0 401.0 56.0 ni hubo ocasion ni lugar

41.0 1816.0 399.0 56.0 que respetase, malvado,

39.0 1855.0 407.0 54.0 ni al cterigo ni al seglar.

78.0 1891.0 354.0 51.0 Mejia cuenta tambien

41.0 1913.0 444.0 71.0 los escándalos que ha dado

43.0 1967.0 362.0 45.0 en galanteos, en riñas

39.0 1992.0 417.0 64.0 y en otros indignos artos.

76.0 2027.0 473.0 64.0 Dire que perdió su hacienda,

41.0 2064.0 415.0 58.0 pero hara que la repanga

39.0 2108.0 372.0 45.0 su hodla camprametjda

39.0 2141.0 417.0 53.0 con duña Ana de Pantoja.

70.0 2174.0 463.0 62.0 Las victimas por fin suman:

39.0 2209.0 382.0 85.0 todos muestran inlerés:

806.0 45.0 455.0 85.0 suma D. Juan treinta y dos:

808.0 109.0 436.0 56.0 D. Luis, sulu veinte y tres,

804.0 181.0 475.0 54.0 de hacer dos conquistas más:

843.0 142.0 430.0 54.0 Hace D. Juan una apuesta

802.0 219.0 436.0 55.0 la de una dama, y novicia

806.0 260.0 372.0 54.0 que esté para profesar.

843.0 289.0 401.0 52.0 El Comendalar entonces

808.0 324.0 397.0 48.0 se encara frente D. Juan

804.0 357.0 392.0 62.0 y. respectou a doña lués,

800.0 392.0 305.0 60.0 jura nn la logrará.

839.0 419.0 453.0 66.0 D. Diego increpa muy duro

802.0 458.0 459.0 66.0 á Juan, le llama emal hijo,»

808.0 502.0 386.0 49.0 y se aleja perdonándole

808.0 541.0 421.0 45.0 de Dios en el santu juicio.

837.0 570.0 426.0 54.0 Prende una ronda á Mejia

806.0 607.0 486.0 58.0 y otra prende á Juan Tenorio:

804.0 644.0 392.0 50.0 para ganarse la apuesta

802.0 669.0 523.0 97.0 ambos lo han hecho á propósito.

835.0 820.0 413.0 72.0 Con doña Ana de Pantoja

804.0 874.0 403.0 58.0 habla D. Luis en la reja,

806.0 913.0 407.0 60.0 y, dentro de breves dias,

808.0 956.0 372.0 48.0 promete casar con ella.

841.0 989.0 403.0 48.0 Retirase al fin doña Ana:

808.0 1014.0 386.0 56.0 D. Luis á Tenorio mira;

806.0 1051.0 419.0 58.0 pues ambos han escapado

806.0 1091.0 382.0 53.0 de la carcel le la villa.

857.0 1107.0 616.0 104.0 —¿Quien va?—Quiero el paso franco—

802.0 1157.0 396.0 60.0 dicen y sacan la espada,

802.0 1194.0 442.0 58.0 más los criados de Tenorio

804.0 1240.0 428.0 49.0 á D. Luis luego maniatan.

839.0 1273.0 368.0 49.0 Viene Brigida la beata

804.0 1308.0 380.0 49.0 y con Tenorio combina

802.0 1345.0 409.0 54.0 el modo con que D. Juan

800.0 1382.0 347.0 48.0 se llevará la novicia.

841.0 1415.0 401.0 54.0 De Iués exagera Brigida

806.0 1446.0 355.0 56.0 la virtud y la belleza,

800.0 1485.0 413.0 58.0 y D. Juan se lo agradece

800.0 1525.0 419.0 51.0 con un bolso lle moneras.

837.0 1554.0 384.0 60.0 Tenorio llama á la reja

797.0 1587.0 422.0 60.0 de la criada de doña Ana,

804.0 1630.0 436.0 54.0 y ésta le entrega una llave

802.0 1671.0 456.0 50.0 pur cierto muy bien pagada.

831.0 1692.0 506.0 68.0 D. Juan ya esta en sus glorias,

802.0 1729.0 407.0 60.0 y estará pese á su padre,

797.0 1767.0 461.0 64.0 ná las naeve en el convento

800.0 1812.0 432.0 70.0 y á las diez en esta calle.»

1112.0 762.0 62.0 66.0 III.

835.0 1955.0 399.0 66.0 La Abadesa á doña Inés

795.0 2006.0 346.0 52.0 aconseja santamente,

797.0 2046.0 412.0 47.0 per ella, mansa paloma,

795.0 2083.0 480.0 51.0 piensa en D. Juan solamente.

833.0 2114.0 430.0 53.0 La carta ya le dió Brigida,

800.0 2147.0 419.0 54.0 ella tiene el alma cándida

800.0 2184.0 396.0 58.0 y la vieja asaz hipócrita

1112.0 1893.0 58.0 60.0 IV.

802.0 2217.0 388.0 85.0 la incita á lecr la carta.
