1886 2617
172 176 526 81 algun hombre, para que

172 244 500 61 le asista con reverencia

176 287 505 75 para el Santo Sacrificio,

176 338 588 74 y al punto que Cristo llega,

172 388 430 67 el Sacerdote le dijo:

174 429 583 79 Hermano, conmigo venga,

176 481 537 72 me ayudará à decir Misa,

181 523 646 78 que los hombres de esta tierra,

178 584 459 68 siendo dia de trabajo,

194 636 521 61 pocos vienen à la Iglesia.

178 684 498 68 Celebrado el Sacrificio,

181 732 497 66 salieronse de la Iglesia,

189 776 518 78 y le dijo: Hermano mio;

185 830 572 77 quiero que conmigo venga

185 881 474 69 à comer oy à mi casa;

183 933 596 70 à lo qual dió por respuesta:

185 987 541 61 el Redentor de las almas,

187 1038 507 58 mucho estimo la fineza,

192 1081 502 66 que yo por esse interés,

189 1127 463 65 no hize tal diligencia.

194 1179 718 66 Venga hermano, que es mi gusto,

187 1229 646 66 de que usted coma à mi mesa,

189 1282 474 70 en fin llegaron à casa,

196 1330 578 72 y luego à comer se apresta,

192 1378 441 63 el Sacerdote à Cristo

194 1424 567 67 le sentó à su mano diestra.

196 1472 513 76 Dijo entonces la criada;

196 1528 552 64 no saldremos de quimeras

196 1578 511 64 con estos zarapastrozos,

205 1622 484 79 y el Amo dijo: Teresa:

196 1679 546 59 no te muestras tan altiva,

207 1725 600 63 presta un poco de paciencia.

200 1773 457 71 Digo la verdad señor,

200 1818 607 77 que el Pobre en una cazuela

205 1868 561 75 pueda comer à un rincon;

200 1923 509 70 con esto se salió à fuera

209 1975 441 70 para traer la comida,

209 2021 548 72 y el Sacerdote con tiernas

205 2073 513 64 razones le dijo à Cristo:

205 2124 637 69 Digame Hermano en su tierra

209 2169 524 68 están fertiles los campos,

207 2211 650 72 ò si acaso hay buena muestra?

205 2268 493 146 A esta razon respondió

934 163 517 72 el que todo lo govierna?

938 220 651 67 Muy buenos están los campos,

938 272 452 74 à moderada cosecha,

936 314 596 76 en este año en que estamos,

938 364 579 76 la esperanza no la pierdan,

940 409 601 77 que Dios ha de embiar agua

938 466 550 77 en Abril, y es cosa cierta

940 514 594 77 tambien en el mes de Mayo

945 569 489 65 algunos dias se espera.

945 591 687 93 Respondió, Hermano, y Señor,

945 665 504 74 eso para Dios se queda,

949 713 622 74 que los hombres no podemos

956 767 554 66 penetrar tan alta empresa.

947 811 602 76 Esto es tan cierto; y seguro

949 872 491 72 como la ingrata Teresa

949 913 485 72 vuestra criada se halla

949 961 668 70 dentro de aquel cuarto muerta.

958 1014 574 78 Y siete horribles Demonios

956 1066 532 68 de gatos en la apariencia

953 1118 454 64 la comen el corazon,

943 1160 552 72 las entrañas, y la lengua.

949 1216 596 68 El santo Ministro entonces,

956 1267 408 67 atemorizado queda

953 1315 435 63 casi sin vital aliento

964 1365 515 72 pero recobrando fuerzas

958 1415 458 67 quiso desatar la duda

960 1465 552 65 tan lastimosa, y tan fiera.

967 1513 561 74 Y al tiempo de levantarse,

962 1557 592 82 un gran resplandor le cerca

962 1613 459 74 celestial, y le detuvo

964 1666 457 65 antes de salir á fuera.

967 1698 696 92 Qué es esto: Señor, que es esto?

962 1766 517 65 Soberana Omnipotencia

960 1816 474 66 Padre de Misericordia

964 1864 629 74 prorumpió con voces tiernas,

962 1919 550 61 todo confuso, y turbado,

962 1960 563 61 el rostro bolvió à la mesa,

967 2012 604 64 vido que el Pobre no estaba

969 2063 517 74 alli con gran reverencia

969 2113 425 74 un Divino Crucifijo

971 2169 539 55 vido estar sobre la mesa;

967 2211 471 65 al instante de rodillas

964 2261 577 148 se postro, y la tierra besa,

1578 2289 80 90 di-
