1436 2080
57 660 1323 83 NUEVO Y FAMOSO ROMANCE ENQUE SE REFIERE

109 721 1202 67 las atrocidades de Sebastiana del Castillo; y como mató á su padre,

157 771 1107 69 á su madre y á dos hermanos suyos, porque la tuvieron

220 821 997 73 encerrada mas de un año, guardándola de su amante,

383 877 669 67 y el castigo que en ella se ejecutó

528 925 363 69 en Ciudad-Rodrigo.

58 1003 549 85 Para el mayor sentimiento,

52 1071 568 67 no se ha visto, ni se ha oido,

53 1123 474 71 en este presente tiempo,

53 1180 458 55 á mis oyentes convido:

62 1222 499 69 para admiracion del orbe,

98 1284 417 55 para que sumergidos

53 1319 573 72 les cause espanto y asombro,

62 1374 460 68 pido que me den oidos.

62 1423 531 64 Tambien le pido á la Reina

55 1473 446 66 de los cielos el ausilio,

58 1523 379 71 para poder explicar

55 1572 434 67 el valor mas atrevido,

53 1629 486 61 la atrocidad mas enorme,

57 1674 631 66 que en muger jamás se ha visto,

60 1733 489 57 y el poco temor de Dios,

52 1776 461 64 y de sus justos juicios:

55 1837 442 45 mas con su divina luz

55 1875 503 59 doy á este caso principio.

53 1922 510 67 En la gran Sierra morena,

55 1972 404 87 amparo de foragidos,

737 1046 431 51 en un pequeño lugar,

745 1074 493 70 que se llama Javalquinto,

745 1126 444 66 vivia Alonso Gutierrez

742 1176 484 66 con una hija y dos hijos,

738 1227 524 64 en compañía de su esposa,

744 1277 542 64 que eran dos amantes finos,

745 1327 446 70 y por la paz y sosiego,

747 1378 551 69 y por gusto que han tenido,

738 1428 439 66 á los dos hijos casaron

742 1476 510 70 con gran fiesta y regocijo.

742 1528 522 66 Quedó sola con sus padres

740 1577 446 61 Sebastiana del Castillo,

738 1625 481 68 la muger mas desalmada

740 1679 496 61 que de madres ha nacido.

742 1728 447 59 De esta tal se enamoró

740 1780 456 64 un mancebo granadino,

747 1826 501 70 que estaba en aquel lugar

738 1875 536 62 desde la edad de muy niño.

740 1929 458 62 Dió en pasearle la calle

738 1977 453 99 con fiestas y regocijos;

1274 2022 64 56 al-
