1401 2095
69 20 484 55 alcanzo el sí de la dama,

64 50 556 86 de sus padres no ha podido,

66 109 440 67 antes con mucho rigor

64 153 461 77 la castigan de contínuo.

64 202 393 77 Enfurecida se enoja,

64 251 522 84 y hecha como un basilisco;

62 305 500 79 cuanto mas la castigaban,

62 357 484 72 rompiéndose los vestidos,

61 406 468 65 tirándose de las trenzas,

57 459 585 75 mas se enciende en su delirio;

57 506 540 71 mas de un año en una sala

57 558 470 72 encerrada la han tenido,

59 607 536 66 en donde sus dos hermanos

57 651 451 77 la dieron algun castigo.

64 705 451 77 Tuvo forma Sebastiana

52 754 466 80 de escribir un papelillo,

57 815 580 71 que en breves renglones dice:

54 851 419 79 Dulcísimo dueño mio,

48 907 622 82 sabrás que he estado encerrada,

55 960 493 59 pasando dos mil martirios

45 1007 555 78 de mi padre y mis hermanos

48 1061 437 73 con dolores excesivos:

45 1117 585 71 supuesto que eres mi amante,

47 1162 546 75 y que eres hombre de brios,

47 1216 522 72 para esta noche á las doce

45 1263 503 74 te espero bien prevenido:

41 1314 514 63 y mira no me hagas falta,

50 1358 542 82 porque te espero, bien mio.

41 1412 490 73 No digo mas, y con esto

36 1454 460 80 ha cerrado el papelillo,

41 1508 619 82 y á un muchacho se lo entrega,

40 1560 435 72 el cual era su sobrino,

47 1616 422 70 para que se lo llevase

33 1660 510 66 á Juan Gonzalez del Pino.

41 1702 537 82 Tomó el papel el mancebo,

34 1751 425 82 lo recibió agradecido,

43 1808 425 72 por la vista lo repasa,

12 1855 491 82 y así que lo hubo leido,

33 1902 405 79 lágrimas del corazon

33 1955 422 105 derramaba hilo á hilo.

756 27 557 72 Se fué al instante á su casa,

751 73 503 75 donde sus armas previno,

751 123 515 76 dos pistolas y una espada,

756 172 508 79 y un cuchillo de dos filos.

751 226 491 76 Oyó las diez, y las once,

744 270 527 80 dan las doce, y ha salido;

744 322 506 79 se fué á casa de su dama,

747 380 545 72 y ella que ya está en aviso,

744 424 482 73 abrió la puerta, y entró

740 471 475 75 sin ser de nadie sentido.

742 522 487 75 Ella encendió una bugia,

752 570 561 79 y de esta suerte le ha dicho:

745 623 526 70 Yo he de matar á mi padre

740 672 524 75 y á mi madre, vive Cristo,

742 729 585 75 que he de vengar mis injurias,

740 776 482 70 pues lo tienen merecido;

735 829 557 71 aunque sepa que al infierno

740 878 486 75 vaya á pagar mis delitos,

735 925 585 75 y me has de ayudar tambien;

737 975 501 72 y advierte lo que te digo,

740 1026 552 70 que si ayudarme no quieres,

737 1078 581 72 contigo he de hacer lo mismo.

731 1126 493 75 El mozo la vió arrestada,

737 1178 403 66 y con ánimo la dijo:

726 1222 521 80 Habrá mas que ejecutarlo?

728 1270 440 76 Ea, vamos al proviso.

726 1319 587 79 Fué donde estaban sus padres

728 1375 456 70 con un ánimo atrevido,

728 1421 470 75 le dió cuatro puñaladas,

733 1476 554 69 que el corazon le ha partido

724 1527 575 79 al padre; y luego á la madre

723 1571 461 80 hizo con ella lo mismo,

731 1634 507 66 porque con dos puñaladas

723 1674 452 75 la dejó allí sin sentido:

721 1721 494 78 habló solo estas palabras,

740 1777 386 70 y palpitando la dijo:

723 1820 381 75 Hija de mi corazon,

721 1876 519 67 en qué te hemos ofendido?

719 1920 458 77 La dice: Señora madre,

716 1974 496 84 esto es vengar mi castigo,

1268 2035 49 58 y
