1745 2475
363.0 1237.0 1018.0 161.0 CELOS Y VENGANZA

226.0 1377.0 1296.0 128.0 Declaraciones de la mala madre y de la buena hija

657.0 1495.0 440.0 84.0 Segunda parte

253.0 1643.0 409.0 68.0 Acudió la autoridad

214.0 1699.0 520.0 66.0 y en seguida preguntaron

212.0 1746.0 412.0 54.0 el autor y el asesino

212.0 1788.0 511.0 57.0 las niñas ya contestaron :

212.0 1833.0 497.0 54.0 La Maria la mas grande

212.0 1864.0 532.0 70.0 nadie ha sido más que yo.

214.0 1914.0 557.0 68.0 mi madre me quitò el novio

220.0 1969.0 413.0 68.0 y por eso me vengó.

261.0 2103.0 553.0 81.0 Tiempo ha que se amavan

220.0 2155.0 425.0 64.0 la pequeña contestò,

220 2206 536 56 besos y abrazos se daban

222.0 2250.0 450.0 101.0 un dia en el comedor.

893.0 1635.0 420.0 66.0 12 años tiene hechos

893.0 1689.0 439.0 57.0 la pequeña hermanita

899.0 1732.0 427.0 68.0 y guardaba el escrito

893.0 1779.0 392.0 54.0 siendo tan jovenita

936.0 1916.0 472.0 74.0 Señor Juéz díjo la niña

901.0 1967.0 406.0 68.0 de celos yo padecia

899.0 2017.0 526.0 55.0 es mi madre una tunanta

901.0 2064.0 507.0 60.0 que á mi novio se comia.

903.0 2105.0 445.0 54.0 Por los celos vigilaba

905.0 2142.0 483.0 64.0 lo abrazaba de corazòn

905.0 2190.0 373.0 58.0 siendo mi paracer

909.0 2235.0 468.0 93.0 me vengo con la razón
