1860 2629
392.0 411.0 472.0 64.0 Encerraron à las niñas

346.0 453.0 498.0 59.0 á la grande y pequeñita

348.0 499.0 498.0 57.0 hasta declarar la madre

350.0 541.0 485.0 61.0 una madre tan maldita.

355.0 587.0 381.0 59.0 A los 5 dias justos

353.0 622.0 416.0 65.0 la madre ya declarò

357.0 666.0 555.0 74.0 que perdiò el conocimiento

355.0 720.0 439.0 77.0 con el joven amador.

397.0 793.0 618.0 85.0 Siendo un joven tan reguapo

357.0 854.0 480.0 66.0 le entreguè mi corazòn,

361.0 904.0 395.0 68.0 perdonar à mi hija

364.0 937.0 449.0 70.0 que le sobra la razòn.

364.0 990.0 498.0 72.0 Los dos acordes estaban

364.0 1029.0 495.0 64.0 de casa pronto marchar

366.0 1080.0 465.0 63.0 abandonar á mis hijas

366.0 1128.0 467.0 59.0 Dios lo quiso castigar.

412.0 1200.0 478.0 88.0 El padre de estas niñas

368.0 1257.0 463.0 70.0 que penita que tendrá

368.0 1312.0 406.0 57.0 al recibir la noticia

372.0 1358.0 395.0 55.0 de dolor se morirá.

377.0 1399.0 454.0 57.0 Trabajando por el mar

372.0 1439.0 485.0 63.0 maquinista de un vapor

375.0 1474.0 563.0 74.0 es un hombre muy honrado

375.0 1535.0 511.0 70.0 y es un buen trabajador.

421.0 1592.0 441.0 99.0 A veces está el pobre

375.0 1680.0 403.0 57.0 5 meses por el mar,

377.0 1713.0 427.0 63.0 cuando irá a su casa

381.0 1759.0 496.0 98.0 que disgusto que tendrá.

1030.0 394.0 415.0 63.0 Su hija encarcelada

1033.0 429.0 480.0 77.0 la madre sin honra está

1033.0 488.0 519.0 64.0 el que habia de ser yerno

1035.0 536.0 452.0 55.0 en el cementerio està.

1037.0 600.0 474.0 85.0 Dice la madre al Juez

1037.0 657.0 445.0 72.0 que le den la libertad

1039.0 705.0 419.0 68.0 a la hija de su alma

1041.0 738.0 476.0 79.0 todo es la pura verdad.

1030.0 795.0 511.0 61.0 Y los padres de su novio

1041.0 841.0 465.0 66.0 no la quieren perdonar

1044.0 889.0 412.0 64.0 no tienen otro hijito

1044.0 935.0 436.0 72.0 su pena ha de pagar.

1090.0 1003.0 493.0 83.0 Dice la madre con alma

1050.0 1069.0 388.0 76.0 yo la pena pagarè,

1050.0 1119.0 461.0 59.0 mi hija no tiene culpa

1052.0 1165.0 404.0 59.0 mi pecado purgarè.

1050.0 1204.0 480.0 66.0 Sacar mi hija á la calle

1057.0 1253.0 476.0 61.0 yo en su puesto entrarè

1057.0 1283.0 541.0 75.0 Dios me perdone el pecado

1055.0 1340.0 443.0 86.0 siempre me repentirè.

1098.0 1419.0 505.0 79.0 Si los padres del difunto

1061.0 1481.0 404.0 65.0 perdonan á la Maria

1059.0 1522.0 509.0 70.0 irá muy pronto á la calle

1061.0 1575.0 406.0 54.0 será grande alegria.

1061.0 1603.0 518.0 77.0 Matò à su novio por celos

1061.0 1658.0 450.0 66.0 de tanto que le amaba,

1063.0 1697.0 428.0 75.0 ya se puede perdonar

1063.0 1748.0 496.0 83.0 siendo una niña honrada.

658.0 2050.0 789.0 101.0 Es propiedad de Antonio Llacer

664.0 2449.0 818.0 90.0 Imp. Calle Universidad, 47,—Barcelona
