<?xml version="1.0" encoding="UTF-8"?>
<alto xmlns:xsi="http://www.w3.org/2001/XMLSchema-instance"
      xmlns="http://www.loc.gov/standards/alto/ns-v4#"
      xsi:schemaLocation="http://www.loc.gov/standards/alto/ns-v4# http://www.loc.gov/standards/alto/v4/alto-4-2.xsd">
  <Description>
    <MeasurementUnit>pixel</MeasurementUnit>
    <sourceImageInformation>
      <fileName>Varios_460_1.jpg</fileName>
      
    </sourceImageInformation>
  </Description>
  
  <Tags>
    <OtherTag ID="BT225" LABEL="GraphicZone:ornamentation" DESCRIPTION="block type GraphicZone:ornamentation"/><OtherTag ID="BT226" LABEL="MainZone" DESCRIPTION="block type MainZone"/><OtherTag ID="BT228" LABEL="MarginTextZone:colophon" DESCRIPTION="block type MarginTextZone:colophon"/><OtherTag ID="BT227" LABEL="MainZone:columns" DESCRIPTION="block type MainZone:columns"/><OtherTag ID="BT229" LABEL="MarginTextZone:note" DESCRIPTION="block type MarginTextZone:note"/><OtherTag ID="BT230" LABEL="MusicZone" DESCRIPTION="block type MusicZone"/><OtherTag ID="BT231" LABEL="NumberingZone:page" DESCRIPTION="block type NumberingZone:page"/><OtherTag ID="BT232" LABEL="QuireMarksZone:catchwords" DESCRIPTION="block type QuireMarksZone:catchwords"/><OtherTag ID="BT233" LABEL="QuireMarksZone:signature" DESCRIPTION="block type QuireMarksZone:signature"/><OtherTag ID="BT234" LABEL="RunningTitleZone" DESCRIPTION="block type RunningTitleZone"/><OtherTag ID="BT221" LABEL="CustomZone:impresorNum" DESCRIPTION="block type CustomZone:impresorNum"/><OtherTag ID="BT222" LABEL="CustomZone:numero_pliego" DESCRIPTION="block type CustomZone:numero_pliego"/><OtherTag ID="BT223" LABEL="CustomZone:title" DESCRIPTION="block type CustomZone:title"/><OtherTag ID="BT224" LABEL="GraphicZone:illustration" DESCRIPTION="block type GraphicZone:illustration"/>
    <OtherTag ID="LT83" LABEL="DefaultLine" DESCRIPTION="line type DefaultLine"/><OtherTag ID="LT81" LABEL="CustomLine:propriedad" DESCRIPTION="line type CustomLine:propriedad"/><OtherTag ID="LT82" LABEL="CustomLine:trailer" DESCRIPTION="line type CustomLine:trailer"/><OtherTag ID="LT84" LABEL="HeadingLine" DESCRIPTION="line type HeadingLine"/>
  </Tags>
  
  <Layout>
    <Page WIDTH="1842"
          HEIGHT="2600"
          PHYSICAL_IMG_NR="308"
          ID="eSc_dummypage_">
      <PrintSpace HPOS="0"
                  VPOS="0"
                  WIDTH="1842"
                  HEIGHT="2600">
        
        <TextBlock HPOS="1450"
                   VPOS="209"
                   WIDTH="222"
                   HEIGHT="72"
                   ID="block_6"
                   TAGREFS="BT221">
          <Shape><Polygon POINTS="1672 209 1672 281 1450 281 1450 209"/></Shape>
          
          
          <TextLine ID="line_27"
                    TAGREFS="LT83"
                    BASELINE="1466 251 1662 254" 
                    HPOS="1464"
                    VPOS="210"
                    WIDTH="198"
                    HEIGHT="68">
            <Shape><Polygon POINTS="1466 251 1464 265 1498 274 1499 274 1537 270 1551 268 1554 271 1561 277 1561 278 1563 278 1564 278 1566 278 1661 275 1662 254 1661 213 1466 210 1466 251"/></Shape>
	    <String CONTENT="Núm.14"
                    HPOS="1464"
                    VPOS="210"
                    WIDTH="198"
                    HEIGHT="68"></String>
          </TextLine>

          
        </TextBlock>
        
        <TextBlock HPOS="135"
                   VPOS="1135"
                   WIDTH="1553"
                   HEIGHT="471"
                   ID="block_2"
                   TAGREFS="BT223">
          <Shape><Polygon POINTS="1688 1135 1688 1606 135 1606 135 1135"/></Shape>
          
          
          <TextLine ID="line_5"
                    TAGREFS="LT84"
                    BASELINE="271 1289 1579 1328" 
                    HPOS="270"
                    VPOS="1139"
                    WIDTH="589"
                    HEIGHT="191">
            <Shape><Polygon POINTS="270 1304 364 1307 365 1308 374 1317 374 1318 375 1318 377 1318 378 1318 442 1313 468 1310 473 1313 488 1323 489 1323 491 1323 492 1323 615 1320 694 1317 703 1323 707 1327 709 1327 710 1327 712 1327 731 1324 762 1318 777 1326 783 1328 784 1328 785 1330 856 1330 858 1301 859 1146 823 1146 822 1146 820 1146 788 1164 767 1151 765 1151 764 1151 762 1151 761 1151 742 1158 635 1152 634 1152 567 1159 486 1157 447 1142 440 1139 439 1139 437 1139 273 1139 271 1289"/></Shape>
	    <String CONTENT="RELACIÓ XISTOSA"
                    HPOS="270"
                    VPOS="1139"
                    WIDTH="589"
                    HEIGHT="191"></String>
          </TextLine>

          
          
          <TextLine ID="line_2"
                    TAGREFS="LT84"
                    BASELINE="190 1402 1648 1435" 
                    HPOS="189"
                    VPOS="1349"
                    WIDTH="1459"
                    HEIGHT="120">
            <Shape><Polygon POINTS="190 1402 189 1422 557 1432 577 1445 579 1445 580 1445 582 1445 583 1445 611 1438 637 1447 638 1447 803 1450 804 1450 806 1450 824 1441 888 1450 889 1450 928 1443 940 1441 944 1443 956 1451 957 1451 959 1451 960 1451 1083 1447 1138 1445 1144 1448 1162 1458 1164 1458 1204 1460 1586 1469 1587 1469 1646 1461 1648 1435 1648 1392 1535 1389 1534 1388 1460 1373 1459 1373 1417 1382 1365 1373 1363 1373 1362 1373 1360 1373 1346 1382 1308 1376 1307 1376 1282 1382 1271 1383 1242 1380 1131 1366 1071 1365 1070 1365 1069 1365 1031 1375 1017 1378 839 1375 829 1369 813 1360 811 1360 810 1360 654 1363 650 1363 632 1354 631 1354 629 1354 585 1360 548 1353 547 1353 546 1353 527 1360 515 1365 501 1359 481 1352 479 1352 361 1349 359 1349 358 1349 339 1354 319 1362 283 1353 260 1349 258 1349 190 1350 190 1402"/></Shape>
	    <String CONTENT="ó xasco que va doná una guapa valenciana á set galans"
                    HPOS="189"
                    VPOS="1349"
                    WIDTH="1459"
                    HEIGHT="120"></String>
          </TextLine>

          
          
          <TextLine ID="line_3"
                    TAGREFS="LT84"
                    BASELINE="453 1513 1345 1534 1390 1531" 
                    HPOS="452"
                    VPOS="1469"
                    WIDTH="939"
                    HEIGHT="109">
            <Shape><Polygon POINTS="1387 1499 1369 1499 1368 1497 1329 1486 1327 1486 1326 1486 1278 1496 1274 1496 1272 1496 1262 1487 1261 1487 1259 1487 1258 1487 1256 1487 1233 1495 1225 1486 1223 1486 1222 1486 1181 1484 1180 1484 1076 1490 1056 1492 1045 1490 986 1479 985 1479 878 1486 858 1487 787 1487 784 1484 772 1474 771 1474 770 1474 670 1473 668 1473 667 1473 666 1473 657 1479 650 1473 650 1471 648 1471 647 1471 645 1471 580 1477 476 1469 475 1469 473 1469 453 1476 453 1513 452 1562 605 1562 605 1561 606 1561 608 1561 644 1536 764 1538 783 1557 783 1558 784 1558 785 1558 806 1561 810 1561 811 1561 813 1561 814 1561 842 1544 869 1561 871 1561 872 1561 874 1561 875 1561 905 1545 920 1558 920 1560 921 1560 923 1560 924 1560 1006 1545 1034 1558 1035 1558 1113 1560 1113 1561 1129 1574 1129 1575 1131 1575 1132 1575 1297 1578 1298 1578 1300 1578 1301 1578 1324 1561 1337 1552 1391 1555"/></Shape>
	    <String CONTENT="pretendents que volían conquistarla"
                    HPOS="452"
                    VPOS="1469"
                    WIDTH="939"
                    HEIGHT="109"></String>
          </TextLine>

          
        </TextBlock>
        
        <TextBlock HPOS="152"
                   VPOS="1672"
                   WIDTH="587"
                   HEIGHT="691"
                   ID="block_0"
                   TAGREFS="BT227">
          <Shape><Polygon POINTS="739 1672 739 2363 152 2363 152 1672"/></Shape>
          
          
          <TextLine ID="line_8"
                    TAGREFS="LT83"
                    BASELINE="232 1716 681 1717" 
                    HPOS="231"
                    VPOS="1674"
                    WIDTH="450"
                    HEIGHT="62">
            <Shape><Polygon POINTS="232 1716 231 1726 288 1736 290 1736 291 1736 313 1729 679 1734 681 1717 680 1685 463 1685 439 1678 426 1675 424 1675 423 1675 421 1675 416 1678 403 1685 299 1685 288 1675 287 1675 286 1675 232 1674 232 1716"/></Shape>
	    <String CONTENT="Vaig á contarvos un cas"
                    HPOS="231"
                    VPOS="1674"
                    WIDTH="450"
                    HEIGHT="62"></String>
          </TextLine>

          
          
          <TextLine ID="line_9"
                    TAGREFS="LT83"
                    BASELINE="184 1753 576 1759" 
                    HPOS="183"
                    VPOS="1717"
                    WIDTH="393"
                    HEIGHT="53">
            <Shape><Polygon POINTS="248 1717 247 1717 184 1723 184 1753 183 1765 573 1770 576 1759 574 1727 485 1729 470 1726 447 1720 446 1720 444 1720 411 1726 398 1727 392 1726 377 1718 375 1718 314 1718 313 1718 312 1718 290 1724 283 1726 277 1724 249 1717 248 1717"/></Shape>
	    <String CONTENT="mol graciós y divertit,"
                    HPOS="183"
                    VPOS="1717"
                    WIDTH="393"
                    HEIGHT="53"></String>
          </TextLine>

          
          
          <TextLine ID="line_10"
                    TAGREFS="LT83"
                    BASELINE="189 1795 609 1796" 
                    HPOS="187"
                    VPOS="1763"
                    WIDTH="422"
                    HEIGHT="52">
            <Shape><Polygon POINTS="189 1795 187 1807 210 1815 212 1815 213 1815 608 1812 609 1796 608 1766 189 1763 189 1795"/></Shape>
	    <String CONTENT="sens afegirhi una coma"
                    HPOS="187"
                    VPOS="1763"
                    WIDTH="422"
                    HEIGHT="52"></String>
          </TextLine>

          
          
          <TextLine ID="line_12"
                    TAGREFS="LT83"
                    BASELINE="184 1834 632 1840 653 1838" 
                    HPOS="183"
                    VPOS="1807"
                    WIDTH="472"
                    HEIGHT="49">
            <Shape><Polygon POINTS="651 1811 184 1807 184 1834 183 1846 306 1856 307 1856 655 1852"/></Shape>
	    <String CONTENT="del modo que ha succehit."
                    HPOS="183"
                    VPOS="1807"
                    WIDTH="472"
                    HEIGHT="49"></String>
          </TextLine>

          
          
          <TextLine ID="line_13"
                    TAGREFS="LT83"
                    BASELINE="223 1874 599 1879" 
                    HPOS="222"
                    VPOS="1840"
                    WIDTH="377"
                    HEIGHT="49">
            <Shape><Polygon POINTS="222 1887 596 1889 599 1879 598 1853 537 1844 535 1844 475 1848 439 1850 433 1847 427 1843 426 1843 424 1843 423 1843 421 1843 414 1846 405 1850 349 1844 336 1843 335 1843 326 1843 261 1848 225 1840 223 1874 222 1887"/></Shape>
	    <String CONTENT="Era una valencianeta"
                    HPOS="222"
                    VPOS="1840"
                    WIDTH="377"
                    HEIGHT="49"></String>
          </TextLine>

          
          
          <TextLine ID="line_14"
                    TAGREFS="LT83"
                    BASELINE="182 1911 561 1916" 
                    HPOS="180"
                    VPOS="1879"
                    WIDTH="381"
                    HEIGHT="53">
            <Shape><Polygon POINTS="182 1911 180 1932 560 1932 561 1916 561 1890 182 1879 182 1911"/></Shape>
	    <String CONTENT="casada ab un jornalé;"
                    HPOS="180"
                    VPOS="1879"
                    WIDTH="381"
                    HEIGHT="53"></String>
          </TextLine>

          
          
          <TextLine ID="line_16"
                    TAGREFS="LT83"
                    BASELINE="182 1954 657 1958" 
                    HPOS="180"
                    VPOS="1924"
                    WIDTH="477"
                    HEIGHT="50">
            <Shape><Polygon POINTS="182 1954 180 1973 654 1974 657 1958 657 1926 182 1924 182 1954"/></Shape>
	    <String CONTENT="que hi havia prop d&#39;un any"
                    HPOS="180"
                    VPOS="1924"
                    WIDTH="477"
                    HEIGHT="50"></String>
          </TextLine>

          
          
          <TextLine ID="line_17"
                    TAGREFS="LT83"
                    BASELINE="186 1997 556 1994" 
                    HPOS="184"
                    VPOS="1961"
                    WIDTH="372"
                    HEIGHT="62">
            <Shape><Polygon POINTS="556 1969 512 1970 507 1968 488 1961 486 1961 485 1961 483 1961 482 1961 482 1963 475 1968 475 1970 408 1970 403 1968 378 1963 377 1963 375 1963 333 1970 323 1971 320 1970 312 1963 310 1963 309 1963 216 1963 215 1963 213 1963 184 1970 186 1997 186 2022 216 2023 218 2023 219 2023 221 2023 221 2022 222 2022 229 2015 307 2019 369 2023 371 2023 372 2023 384 2017 392 2013 400 2017 410 2022 411 2022 413 2022 556 2014"/></Shape>
	    <String CONTENT="qu&#39;estaba sense fé ré."
                    HPOS="184"
                    VPOS="1961"
                    WIDTH="372"
                    HEIGHT="62"></String>
          </TextLine>

          
          
          <TextLine ID="line_18"
                    TAGREFS="LT83"
                    BASELINE="221 2033 599 2039" 
                    HPOS="219"
                    VPOS="2002"
                    WIDTH="380"
                    HEIGHT="54">
            <Shape><Polygon POINTS="221 2033 219 2046 596 2056 599 2039 598 2016 504 2004 502 2004 501 2004 475 2013 436 2013 414 2013 395 2003 394 2003 392 2003 391 2003 372 2012 264 2012 264 2010 255 2003 255 2002 254 2002 252 2002 251 2002 249 2002 221 2009 221 2033"/></Shape>
	    <String CONTENT="Com era ben axerida"
                    HPOS="219"
                    VPOS="2002"
                    WIDTH="380"
                    HEIGHT="54"></String>
          </TextLine>

          
          
          <TextLine ID="line_19"
                    TAGREFS="LT83"
                    BASELINE="184 2078 520 2074" 
                    HPOS="183"
                    VPOS="2045"
                    WIDTH="338"
                    HEIGHT="52">
            <Shape><Polygon POINTS="520 2047 183 2045 184 2078 184 2097 299 2090 509 2094 518 2094 520 2094 521 2094"/></Shape>
	    <String CONTENT="y tenia bufó el cos,"
                    HPOS="183"
                    VPOS="2045"
                    WIDTH="338"
                    HEIGHT="52"></String>
          </TextLine>

          
          
          <TextLine ID="line_21"
                    TAGREFS="LT83"
                    BASELINE="180 2116 618 2116" 
                    HPOS="180"
                    VPOS="2087"
                    WIDTH="438"
                    HEIGHT="47">
            <Shape><Polygon POINTS="618 2088 180 2087 180 2116 180 2133 618 2134"/></Shape>
	    <String CONTENT="mes de quatre papanatas"
                    HPOS="180"
                    VPOS="2087"
                    WIDTH="438"
                    HEIGHT="47"></String>
          </TextLine>

          
          
          <TextLine ID="line_22"
                    TAGREFS="LT83"
                    BASELINE="179 2153 612 2156" 
                    HPOS="177"
                    VPOS="2130"
                    WIDTH="435"
                    HEIGHT="49">
            <Shape><Polygon POINTS="612 2133 179 2130 179 2153 177 2168 457 2179 459 2179 612 2174"/></Shape>
	    <String CONTENT="al seu voltant feyan l&#39;os."
                    HPOS="177"
                    VPOS="2130"
                    WIDTH="435"
                    HEIGHT="49"></String>
          </TextLine>

          
          
          <TextLine ID="line_23"
                    TAGREFS="LT83"
                    BASELINE="218 2195 728 2202" 
                    HPOS="216"
                    VPOS="2160"
                    WIDTH="512"
                    HEIGHT="57">
            <Shape><Polygon POINTS="218 2195 216 2212 725 2217 728 2202 726 2166 661 2175 635 2166 631 2165 629 2165 628 2165 618 2166 577 2173 559 2166 553 2165 551 2165 550 2165 540 2166 514 2172 351 2172 340 2168 319 2160 317 2160 316 2160 218 2168 218 2195"/></Shape>
	    <String CONTENT="Ab ulls negres con las moras"
                    HPOS="216"
                    VPOS="2160"
                    WIDTH="512"
                    HEIGHT="57"></String>
          </TextLine>

          
          
          <TextLine ID="line_24"
                    TAGREFS="LT83"
                    BASELINE="179 2236 677 2243" 
                    HPOS="177"
                    VPOS="2201"
                    WIDTH="500"
                    HEIGHT="61">
            <Shape><Polygon POINTS="179 2236 177 2257 674 2262 677 2243 677 2212 381 2212 352 2204 349 2204 348 2204 346 2204 339 2204 278 2210 179 2201 179 2236"/></Shape>
	    <String CONTENT="y un gros monyo ben trenat,"
                    HPOS="177"
                    VPOS="2201"
                    WIDTH="500"
                    HEIGHT="61"></String>
          </TextLine>

          
          
          <TextLine ID="line_25"
                    TAGREFS="LT83"
                    BASELINE="177 2276 573 2282" 
                    HPOS="176"
                    VPOS="2243"
                    WIDTH="397"
                    HEIGHT="52">
            <Shape><Polygon POINTS="177 2276 176 2289 570 2295 573 2282 572 2256 527 2247 525 2247 524 2247 496 2254 495 2254 494 2254 475 2246 473 2246 472 2246 414 2253 410 2253 407 2253 377 2244 375 2244 374 2244 336 2251 335 2251 332 2251 252 2243 251 2243 249 2243 248 2243 248 2244 241 2250 205 2243 203 2243 202 2243 177 2249 177 2276"/></Shape>
	    <String CONTENT="el qui la mirava massa"
                    HPOS="176"
                    VPOS="2243"
                    WIDTH="397"
                    HEIGHT="52"></String>
          </TextLine>

          
          
          <TextLine ID="line_26"
                    TAGREFS="LT83"
                    BASELINE="176 2318 585 2318" 
                    HPOS="176"
                    VPOS="2289"
                    WIDTH="409"
                    HEIGHT="91">
            <Shape><Polygon POINTS="176 2318 176 2360 293 2354 310 2366 325 2377 326 2377 327 2377 329 2377 330 2377 332 2377 342 2367 351 2360 377 2360 390 2370 401 2380 403 2380 404 2380 405 2380 585 2377 585 2318 585 2289 176 2289 176 2318"/></Shape>
	    <String CONTENT="sen quedava enamorat."
                    HPOS="176"
                    VPOS="2289"
                    WIDTH="409"
                    HEIGHT="91"></String>
          </TextLine>

          
        </TextBlock>
        
        <TextBlock HPOS="895"
                   VPOS="1694"
                   WIDTH="545"
                   HEIGHT="675"
                   ID="block_1"
                   TAGREFS="BT227">
          <Shape><Polygon POINTS="1440 1694 1440 2369 895 2369 895 1694"/></Shape>
          
          
          <TextLine ID="line_35"
                    TAGREFS="LT83"
                    BASELINE="972 1727 1337 1737 1384 1736" 
                    HPOS="970"
                    VPOS="1694"
                    WIDTH="414"
                    HEIGHT="66">
            <Shape><Polygon POINTS="1383 1700 1334 1700 1324 1695 1320 1694 1319 1694 1304 1694 1297 1694 1290 1700 1281 1694 1275 1694 1261 1694 1246 1694 1232 1694 1230 1694 1194 1698 1190 1694 1188 1694 1174 1694 1160 1694 1145 1694 1139 1694 1131 1694 1116 1694 1102 1694 1087 1694 1073 1694 1070 1694 1069 1695 1061 1694 1058 1694 1044 1694 1030 1694 1015 1694 1008 1694 1001 1694 986 1694 972 1694 972 1727 970 1749 1047 1744 1105 1752 1145 1756 1147 1756 1194 1752 1228 1749 1256 1752 1326 1760 1327 1760 1384 1757"/></Shape>
	    <String CONTENT="Axís es que set tanocas"
                    HPOS="970"
                    VPOS="1694"
                    WIDTH="414"
                    HEIGHT="66"></String>
          </TextLine>

          
          
          <TextLine ID="line_36"
                    TAGREFS="LT83"
                    BASELINE="930 1766 1303 1775" 
                    HPOS="928"
                    VPOS="1731"
                    WIDTH="375"
                    HEIGHT="65">
            <Shape><Polygon POINTS="930 1766 928 1783 1258 1796 1259 1796 1301 1789 1303 1775 1303 1747 1233 1739 1232 1739 1148 1740 1066 1742 1057 1736 1056 1734 1054 1734 1053 1734 1051 1734 1038 1736 995 1740 930 1731 930 1766"/></Shape>
	    <String CONTENT="la volian conquistá,"
                    HPOS="928"
                    VPOS="1731"
                    WIDTH="375"
                    HEIGHT="65"></String>
          </TextLine>

          
          
          <TextLine ID="line_40"
                    TAGREFS="LT83"
                    BASELINE="937 1811 1393 1816" 
                    HPOS="936"
                    VPOS="1775"
                    WIDTH="457"
                    HEIGHT="60">
            <Shape><Polygon POINTS="1393 1788 1372 1786 1308 1779 1307 1779 1268 1783 1230 1788 1100 1779 1054 1776 1053 1776 1032 1778 960 1782 939 1775 937 1811 936 1828 1392 1835"/></Shape>
	    <String CONTENT="y á tots ab garbo y salero"
                    HPOS="936"
                    VPOS="1775"
                    WIDTH="457"
                    HEIGHT="60"></String>
          </TextLine>

          
          
          <TextLine ID="line_41"
                    TAGREFS="LT83"
                    BASELINE="927 1846 1256 1856 1351 1855" 
                    HPOS="926"
                    VPOS="1822"
                    WIDTH="425"
                    HEIGHT="54">
            <Shape><Polygon POINTS="1351 1825 927 1822 927 1846 926 1870 979 1864 1082 1873 1096 1874 1097 1874 1105 1874 1148 1867 1228 1874 1242 1876 1243 1876 1269 1876 1351 1872"/></Shape>
	    <String CONTENT="un bon mico&#39;ls va pegá,"
                    HPOS="926"
                    VPOS="1822"
                    WIDTH="425"
                    HEIGHT="54"></String>
          </TextLine>

          
          
          <TextLine ID="line_42"
                    TAGREFS="LT83"
                    BASELINE="973 1890 1369 1895" 
                    HPOS="972"
                    VPOS="1857"
                    WIDTH="397"
                    HEIGHT="56">
            <Shape><Polygon POINTS="1369 1869 973 1857 973 1890 972 1913 1369 1913"/></Shape>
	    <String CONTENT="Cansat estaba l&#39;Anton"
                    HPOS="972"
                    VPOS="1857"
                    WIDTH="397"
                    HEIGHT="56"></String>
          </TextLine>

          
          
          <TextLine ID="line_43"
                    TAGREFS="LT83"
                    BASELINE="926 1929 1352 1937" 
                    HPOS="924"
                    VPOS="1905"
                    WIDTH="428"
                    HEIGHT="50">
            <Shape><Polygon POINTS="926 1929 924 1947 1349 1955 1352 1937 1352 1912 926 1905 926 1929"/></Shape>
	    <String CONTENT="de no podé trobá feyna,"
                    HPOS="924"
                    VPOS="1905"
                    WIDTH="428"
                    HEIGHT="50"></String>
          </TextLine>

          
          
          <TextLine ID="line_45"
                    TAGREFS="LT83"
                    BASELINE="919 1976 1316 1977" 
                    HPOS="918"
                    VPOS="1937"
                    WIDTH="397"
                    HEIGHT="54">
            <Shape><Polygon POINTS="918 1976 918 1991 1315 1991 1315 1976 1315 1945 918 1937 918 1976"/></Shape>
	    <String CONTENT="y un día á la Tereseta"
                    HPOS="918"
                    VPOS="1937"
                    WIDTH="397"
                    HEIGHT="54"></String>
          </TextLine>

          
          
          <TextLine ID="line_46"
                    TAGREFS="LT83"
                    BASELINE="926 2012 1316 2017" 
                    HPOS="924"
                    VPOS="1980"
                    WIDTH="392"
                    HEIGHT="48">
            <Shape><Polygon POINTS="926 2012 924 2028 1314 2028 1316 2017 1316 1990 926 1980 926 2012"/></Shape>
	    <String CONTENT="li parlá d&#39;esta manera:"
                    HPOS="924"
                    VPOS="1980"
                    WIDTH="392"
                    HEIGHT="48"></String>
          </TextLine>

          
          
          <TextLine ID="line_47"
                    TAGREFS="LT83"
                    BASELINE="963 2051 1362 2059 1428 2057" 
                    HPOS="1427"
                    VPOS="2020"
                    WIDTH="87"
                    HEIGHT="59">
            <Shape><Polygon POINTS="1429 2079 1512 2078 1514 2054 1509 2020 1490 2029 1440 2029 1440 2045 1438 2029 1427 2029"/></Shape>
	    <String CONTENT="Mira, noya, estant en vaga"
                    HPOS="1427"
                    VPOS="2020"
                    WIDTH="87"
                    HEIGHT="59"></String>
          </TextLine>

          
          
          <TextLine ID="line_48"
                    TAGREFS="LT83"
                    BASELINE="926 2091 1376 2100" 
                    HPOS="924"
                    VPOS="2056"
                    WIDTH="452"
                    HEIGHT="58">
            <Shape><Polygon POINTS="926 2091 924 2104 1373 2114 1376 2100 1376 2071 926 2056 926 2091"/></Shape>
	    <String CONTENT="visch tan trist y exasperat"
                    HPOS="924"
                    VPOS="2056"
                    WIDTH="452"
                    HEIGHT="58"></String>
          </TextLine>

          
          
          <TextLine ID="line_49"
                    TAGREFS="LT83"
                    BASELINE="923 2130 1434 2139" 
                    HPOS="921"
                    VPOS="2101"
                    WIDTH="513"
                    HEIGHT="67">
            <Shape><Polygon POINTS="1434 2112 923 2101 923 2130 921 2147 998 2147 1021 2150 1066 2158 1067 2158 1113 2152 1126 2150 1135 2152 1178 2163 1180 2163 1181 2163 1228 2158 1385 2168 1386 2168 1434 2160"/></Shape>
	    <String CONTENT="que casi estich per penjarme"
                    HPOS="921"
                    VPOS="2101"
                    WIDTH="513"
                    HEIGHT="67"></String>
          </TextLine>

          
          
          <TextLine ID="line_50"
                    TAGREFS="LT83"
                    BASELINE="921 2171 1288 2178" 
                    HPOS="920"
                    VPOS="2142"
                    WIDTH="368"
                    HEIGHT="55">
            <Shape><Polygon POINTS="921 2171 920 2192 1285 2197 1288 2178 1287 2152 921 2142 921 2171"/></Shape>
	    <String CONTENT="el dia menos pensat."
                    HPOS="920"
                    VPOS="2142"
                    WIDTH="368"
                    HEIGHT="55"></String>
          </TextLine>

          
          
          <TextLine ID="line_51"
                    TAGREFS="LT83"
                    BASELINE="962 2212 1369 2216" 
                    HPOS="960"
                    VPOS="2178"
                    WIDTH="409"
                    HEIGHT="59">
            <Shape><Polygon POINTS="1369 2191 1358 2191 1355 2188 1343 2181 1342 2181 1340 2181 1293 2181 1291 2181 1290 2181 1288 2181 1281 2186 1277 2189 1259 2185 1238 2181 1236 2181 1197 2184 1148 2188 1077 2181 1050 2178 1048 2178 1047 2178 1041 2179 1015 2186 1006 2178 1005 2178 1004 2178 962 2178 962 2212 960 2227 1275 2237 1277 2237 1369 2233"/></Shape>
	    <String CONTENT="No t&#39;apuris, li diu ella,"
                    HPOS="960"
                    VPOS="2178"
                    WIDTH="409"
                    HEIGHT="59"></String>
          </TextLine>

          
          
          <TextLine ID="line_52"
                    TAGREFS="LT83"
                    BASELINE="920 2251 1411 2262" 
                    HPOS="918"
                    VPOS="2215"
                    WIDTH="493"
                    HEIGHT="61">
            <Shape><Polygon POINTS="920 2251 918 2266 1408 2276 1411 2262 1411 2231 920 2215 920 2251"/></Shape>
	    <String CONTENT="que si tú&#39;m donas llicencia,"
                    HPOS="918"
                    VPOS="2215"
                    WIDTH="493"
                    HEIGHT="61"></String>
          </TextLine>

          
          
          <TextLine ID="line_54"
                    TAGREFS="LT83"
                    BASELINE="918 2292 1387 2297" 
                    HPOS="917"
                    VPOS="2262"
                    WIDTH="470"
                    HEIGHT="57">
            <Shape><Polygon POINTS="1387 2271 918 2262 918 2292 917 2306 952 2316 953 2316 954 2316 1135 2312 1188 2311 1203 2314 1229 2318 1230 2319 1386 2319"/></Shape>
	    <String CONTENT="tinch de fé una carambola"
                    HPOS="917"
                    VPOS="2262"
                    WIDTH="470"
                    HEIGHT="57"></String>
          </TextLine>

          
          
          <TextLine ID="line_55"
                    TAGREFS="LT83"
                    BASELINE="918 2332 1446 2339" 
                    HPOS="917"
                    VPOS="2305"
                    WIDTH="529"
                    HEIGHT="63">
            <Shape><Polygon POINTS="1446 2309 918 2305 918 2332 917 2358 1031 2368 1032 2368 1066 2367 1067 2367 1069 2367 1069 2366 1076 2358 1084 2351 1174 2358 1190 2360 1191 2360 1193 2360 1196 2358 1217 2351 1258 2358 1265 2360 1267 2360 1268 2360 1271 2358 1291 2353 1306 2358 1310 2361 1311 2361 1385 2364 1386 2364 1446 2360"/></Shape>
	    <String CONTENT="que sen parli en tot Valencia."
                    HPOS="917"
                    VPOS="2305"
                    WIDTH="529"
                    HEIGHT="63"></String>
          </TextLine>

          
        </TextBlock>
        
        <TextBlock HPOS="183"
                   VPOS="188"
                   WIDTH="524"
                   HEIGHT="884"
                   ID="eSc_textblock_323df977"
                   TAGREFS="BT224">
          <Shape><Polygon POINTS="183 188 183 1072 683 1072 707 237"/></Shape>
          
        </TextBlock>
        
        <TextBlock HPOS="683"
                   VPOS="238"
                   WIDTH="496"
                   HEIGHT="864"
                   ID="eSc_textblock_378f00fa"
                   TAGREFS="BT224">
          <Shape><Polygon POINTS="727 238 683 1089 1156 1102 1179 525 1177 238"/></Shape>
          
        </TextBlock>
        
        <TextBlock HPOS="1200"
                   VPOS="259"
                   WIDTH="485"
                   HEIGHT="863"
                   ID="eSc_textblock_0454f2c8"
                   TAGREFS="BT224">
          <Shape><Polygon POINTS="1200 259 1200 1122 1685 1122 1685 300"/></Shape>
          
        </TextBlock>
        

        
      </PrintSpace>
    </Page>
  </Layout>
</alto>
