<?xml version="1.0" encoding="UTF-8"?>
<alto xmlns:xsi="http://www.w3.org/2001/XMLSchema-instance"
      xmlns="http://www.loc.gov/standards/alto/ns-v4#"
      xsi:schemaLocation="http://www.loc.gov/standards/alto/ns-v4# http://www.loc.gov/standards/alto/v4/alto-4-2.xsd">
  <Description>
    <MeasurementUnit>pixel</MeasurementUnit>
    <sourceImageInformation>
      <fileName>Varios_460_4.jpg</fileName>
      
    </sourceImageInformation>
  </Description>
  
  <Tags>
    <OtherTag ID="BT225" LABEL="GraphicZone:ornamentation" DESCRIPTION="block type GraphicZone:ornamentation"/><OtherTag ID="BT226" LABEL="MainZone" DESCRIPTION="block type MainZone"/><OtherTag ID="BT228" LABEL="MarginTextZone:colophon" DESCRIPTION="block type MarginTextZone:colophon"/><OtherTag ID="BT227" LABEL="MainZone:columns" DESCRIPTION="block type MainZone:columns"/><OtherTag ID="BT229" LABEL="MarginTextZone:note" DESCRIPTION="block type MarginTextZone:note"/><OtherTag ID="BT230" LABEL="MusicZone" DESCRIPTION="block type MusicZone"/><OtherTag ID="BT231" LABEL="NumberingZone:page" DESCRIPTION="block type NumberingZone:page"/><OtherTag ID="BT232" LABEL="QuireMarksZone:catchwords" DESCRIPTION="block type QuireMarksZone:catchwords"/><OtherTag ID="BT233" LABEL="QuireMarksZone:signature" DESCRIPTION="block type QuireMarksZone:signature"/><OtherTag ID="BT234" LABEL="RunningTitleZone" DESCRIPTION="block type RunningTitleZone"/><OtherTag ID="BT221" LABEL="CustomZone:impresorNum" DESCRIPTION="block type CustomZone:impresorNum"/><OtherTag ID="BT222" LABEL="CustomZone:numero_pliego" DESCRIPTION="block type CustomZone:numero_pliego"/><OtherTag ID="BT223" LABEL="CustomZone:title" DESCRIPTION="block type CustomZone:title"/><OtherTag ID="BT224" LABEL="GraphicZone:illustration" DESCRIPTION="block type GraphicZone:illustration"/>
    <OtherTag ID="LT83" LABEL="DefaultLine" DESCRIPTION="line type DefaultLine"/><OtherTag ID="LT81" LABEL="CustomLine:propriedad" DESCRIPTION="line type CustomLine:propriedad"/><OtherTag ID="LT82" LABEL="CustomLine:trailer" DESCRIPTION="line type CustomLine:trailer"/><OtherTag ID="LT84" LABEL="HeadingLine" DESCRIPTION="line type HeadingLine"/>
  </Tags>
  
  <Layout>
    <Page WIDTH="1842"
          HEIGHT="2600"
          PHYSICAL_IMG_NR="311"
          ID="eSc_dummypage_">
      <PrintSpace HPOS="0"
                  VPOS="0"
                  WIDTH="1842"
                  HEIGHT="2600">
        
        <TextBlock HPOS="164"
                   VPOS="208"
                   WIDTH="637"
                   HEIGHT="1722"
                   ID="block_1"
                   TAGREFS="BT227">
          <Shape><Polygon POINTS="801 208 801 1930 164 1930 164 208"/></Shape>
          
          
          <TextLine ID="line_0"
                    TAGREFS="LT83"
                    BASELINE="244 236 689 244" 
                    HPOS="242"
                    VPOS="209"
                    WIDTH="447"
                    HEIGHT="55">
            <Shape><Polygon POINTS="387 209 689 218 689 264 242 252 244 236 244 209"/></Shape>
	    <String CONTENT="Entra el sastre remenant"
                    HPOS="242"
                    VPOS="209"
                    WIDTH="447"
                    HEIGHT="55"></String>
          </TextLine>

          
        </TextBlock>
        
        <TextBlock HPOS="917"
                   VPOS="214"
                   WIDTH="626"
                   HEIGHT="1715"
                   ID="block_0"
                   TAGREFS="BT227">
          <Shape><Polygon POINTS="1543 214 1543 1929 917 1929 917 214"/></Shape>
          
          
          <TextLine ID="line_50"
                    TAGREFS="LT83"
                    BASELINE="950 241 1472 252" 
                    HPOS="949"
                    VPOS="215"
                    WIDTH="523"
                    HEIGHT="52">
            <Shape><Polygon POINTS="1427 215 1412 215 1398 215 1384 215 1369 215 1355 215 1340 215 1326 215 1311 215 1297 215 1282 215 1268 215 1254 215 1239 215 1225 215 1210 215 1196 215 1181 215 1167 215 1152 215 1138 215 1123 215 1109 215 1095 215 1080 215 1066 215 1051 215 1037 215 1022 215 1008 215 993 215 979 215 965 215 950 215 950 241 949 261 1469 267 1472 252 1470 221 1427 215 1427 215"/></Shape>
	    <String CONTENT="l&#39;un cremantse y l&#39;altre negre,"
                    HPOS="949"
                    VPOS="215"
                    WIDTH="523"
                    HEIGHT="52"></String>
          </TextLine>

          
          
          <TextLine ID="line_51"
                    TAGREFS="LT83"
                    BASELINE="956 284 1420 290" 
                    HPOS="954"
                    VPOS="255"
                    WIDTH="466"
                    HEIGHT="48">
            <Shape><Polygon POINTS="956 284 954 303 1418 303 1420 290 1418 262 956 255 956 284"/></Shape>
	    <String CONTENT="no sen burla poch la gent."
                    HPOS="954"
                    VPOS="255"
                    WIDTH="466"
                    HEIGHT="48"></String>
          </TextLine>

          
          
          <TextLine ID="line_53"
                    TAGREFS="LT83"
                    BASELINE="949 364 1402 368" 
                    HPOS="947"
                    VPOS="327"
                    WIDTH="455"
                    HEIGHT="65">
            <Shape><Polygon POINTS="949 364 947 385 1249 382 1274 391 1275 391 1277 391 1278 392 1401 392 1402 368 1402 342 1310 333 1308 333 1278 338 1255 340 1252 336 1249 333 1248 333 1248 332 1246 332 1245 332 1243 332 1242 332 1232 336 1223 339 1165 333 1141 332 1139 332 1138 332 1134 333 1113 338 1095 332 1087 329 1086 329 1084 329 1083 329 1082 329 1082 330 1080 330 1074 338 1057 330 1056 330 1054 330 1051 330 1009 338 949 327 949 364"/></Shape>
	    <String CONTENT="El botigué y l&#39;argenté"
                    HPOS="947"
                    VPOS="327"
                    WIDTH="455"
                    HEIGHT="65"></String>
          </TextLine>

          
          
          <TextLine ID="line_52"
                    TAGREFS="LT83"
                    BASELINE="989 323 1373 329" 
                    HPOS="988"
                    VPOS="294"
                    WIDTH="385"
                    HEIGHT="52">
            <Shape><Polygon POINTS="989 323 988 340 1371 346 1373 329 1372 297 989 294 989 323"/></Shape>
	    <String CONTENT="l&#39;un ab l&#39;altre ensopegant"
                    HPOS="988"
                    VPOS="294"
                    WIDTH="385"
                    HEIGHT="52"></String>
          </TextLine>

          
          
          <TextLine ID="line_54"
                    TAGREFS="LT83"
                    BASELINE="949 403 1306 407" 
                    HPOS="947"
                    VPOS="369"
                    WIDTH="359"
                    HEIGHT="54">
            <Shape><Polygon POINTS="949 403 947 421 1303 423 1306 407 1304 381 1217 372 1216 372 1214 372 1190 379 1186 379 1181 378 1151 371 1149 371 1148 371 1147 371 1128 378 1126 378 1118 378 999 369 998 369 949 375 949 403"/></Shape>
	    <String CONTENT="alborotan á la gossa"
                    HPOS="947"
                    VPOS="369"
                    WIDTH="359"
                    HEIGHT="54"></String>
          </TextLine>

          
          
          <TextLine ID="line_55"
                    TAGREFS="LT83"
                    BASELINE="949 442 1330 446" 
                    HPOS="947"
                    VPOS="418"
                    WIDTH="383"
                    HEIGHT="44">
            <Shape><Polygon POINTS="949 442 947 456 952 460 952 462 953 462 954 462 956 462 1329 457 1330 446 1330 423 949 418 949 442"/></Shape>
	    <String CONTENT="que no fa sino lladrá."
                    HPOS="947"
                    VPOS="418"
                    WIDTH="383"
                    HEIGHT="44"></String>
          </TextLine>

          
          
          <TextLine ID="line_57"
                    TAGREFS="LT83"
                    BASELINE="947 524 1347 530" 
                    HPOS="946"
                    VPOS="492"
                    WIDTH="401"
                    HEIGHT="52">
            <Shape><Polygon POINTS="947 524 946 537 1345 544 1347 530 1347 502 1308 494 1307 494 1306 494 1278 501 1275 501 1217 501 1217 499 1210 494 1210 492 1209 492 1207 492 1206 492 947 495 947 524"/></Shape>
	    <String CONTENT="Ells que fugen, y la gossa"
                    HPOS="946"
                    VPOS="492"
                    WIDTH="401"
                    HEIGHT="52"></String>
          </TextLine>

          
          
          <TextLine ID="line_56"
                    TAGREFS="LT83"
                    BASELINE="989 486 1444 491" 
                    HPOS="988"
                    VPOS="446"
                    WIDTH="456"
                    HEIGHT="69">
            <Shape><Polygon POINTS="989 486 988 499 1073 509 1074 509 1119 504 1141 502 1210 507 1265 511 1267 511 1268 511 1274 509 1293 504 1319 511 1332 514 1333 514 1334 515 1443 515 1444 491 1443 457 1395 446 1324 446 1323 446 1321 446 1303 455 1301 455 989 450 989 486"/></Shape>
	    <String CONTENT="se&#39;ls agarra á la levita,"
                    HPOS="988"
                    VPOS="446"
                    WIDTH="456"
                    HEIGHT="69"></String>
          </TextLine>

          
          
          <TextLine ID="line_58"
                    TAGREFS="LT83"
                    BASELINE="947 566 1415 569" 
                    HPOS="946"
                    VPOS="527"
                    WIDTH="469"
                    HEIGHT="58">
            <Shape><Polygon POINTS="947 566 946 583 1412 585 1415 569 1414 527 1349 527 1347 527 1346 527 1345 527 1313 540 1294 533 1293 533 1291 533 1290 533 1265 540 1256 533 1256 531 1255 531 1254 531 1252 531 1251 531 1226 540 1206 533 1204 533 1203 533 1171 538 1158 530 1157 530 1155 530 1154 530 1152 530 1149 530 1122 538 1093 531 1092 531 1090 531 1089 531 1087 531 1086 531 1067 538 947 534 947 566"/></Shape>
	    <String CONTENT="y I&#39;Anton als va al darrera"
                    HPOS="946"
                    VPOS="527"
                    WIDTH="469"
                    HEIGHT="58"></String>
          </TextLine>

          
          
          <TextLine ID="line_59"
                    TAGREFS="LT83"
                    BASELINE="946 605 1443 609" 
                    HPOS="944"
                    VPOS="579"
                    WIDTH="499"
                    HEIGHT="50">
            <Shape><Polygon POINTS="946 605 944 619 950 625 950 626 952 626 953 626 954 626 1069 619 1079 619 1108 621 1277 629 1278 629 1329 626 1407 622 1438 629 1443 609 1443 583 946 579 946 605"/></Shape>
	    <String CONTENT="ab un bastó que no&#39;s brinca."
                    HPOS="944"
                    VPOS="579"
                    WIDTH="499"
                    HEIGHT="50"></String>
          </TextLine>

          
          
          <TextLine ID="line_61"
                    TAGREFS="LT83"
                    BASELINE="946 686 1389 691" 
                    HPOS="944"
                    VPOS="652"
                    WIDTH="445"
                    HEIGHT="58">
            <Shape><Polygon POINTS="946 686 944 696 962 706 963 706 965 706 1021 697 1025 697 1067 699 1199 706 1200 706 1219 704 1268 700 1274 707 1275 709 1277 709 1277 710 1278 710 1280 710 1281 710 1301 707 1345 702 1386 710 1389 691 1389 665 1281 665 1275 661 1261 654 1259 654 1258 654 1203 660 1168 663 1144 658 1125 654 1123 654 1108 657 1087 660 946 652 946 686"/></Shape>
	    <String CONTENT="Y quab torna á pujá dalt"
                    HPOS="944"
                    VPOS="652"
                    WIDTH="445"
                    HEIGHT="58"></String>
          </TextLine>

          
          
          <TextLine ID="line_60"
                    TAGREFS="LT83"
                    BASELINE="989 645 1424 650" 
                    HPOS="988"
                    VPOS="612"
                    WIDTH="436"
                    HEIGHT="64">
            <Shape><Polygon POINTS="988 658 1044 670 1045 670 1108 664 1132 661 1197 661 1207 667 1216 671 1217 671 1219 671 1220 671 1233 668 1255 663 1297 670 1320 674 1321 676 1423 676 1424 650 1424 625 1404 616 1402 616 1401 616 1281 621 1222 622 1217 618 1214 616 1214 615 1213 615 1212 615 1210 615 1186 618 1145 622 1138 616 1136 615 1136 613 1135 613 1134 613 1132 613 1115 615 1074 621 1040 613 1038 613 1037 613 1035 613 1034 613 1025 621 991 612 989 645 988 658"/></Shape>
	    <String CONTENT="treu al sastre de la gerra"
                    HPOS="988"
                    VPOS="612"
                    WIDTH="436"
                    HEIGHT="64"></String>
          </TextLine>

          
          
          <TextLine ID="line_62"
                    TAGREFS="LT83"
                    BASELINE="949 728 1356 728" 
                    HPOS="949"
                    VPOS="696"
                    WIDTH="407"
                    HEIGHT="52">
            <Shape><Polygon POINTS="949 728 949 745 1212 748 1213 748 1214 748 1216 748 1225 741 1228 741 1241 741 1339 748 1340 748 1342 748 1356 739 1356 728 1356 702 1346 696 1345 696 1343 696 1342 696 1340 696 1324 704 1264 704 1256 697 1256 696 1255 696 1254 696 1252 696 1251 696 1229 704 1193 704 1177 704 1177 703 1170 697 1170 696 1168 696 1167 696 1165 696 949 702 949 728"/></Shape>
	    <String CONTENT="y com está brut de mel"
                    HPOS="949"
                    VPOS="696"
                    WIDTH="407"
                    HEIGHT="52"></String>
          </TextLine>

          
          
          <TextLine ID="line_63"
                    TAGREFS="LT83"
                    BASELINE="946 765 1399 768" 
                    HPOS="944"
                    VPOS="735"
                    WIDTH="455"
                    HEIGHT="58">
            <Shape><Polygon POINTS="946 765 944 787 1139 782 1161 787 1188 791 1190 791 1191 791 1207 785 1212 784 1214 785 1226 791 1228 791 1229 791 1230 791 1252 785 1256 784 1256 785 1264 791 1265 791 1267 791 1268 793 1329 793 1329 791 1330 791 1332 791 1340 784 1365 791 1366 791 1368 791 1369 791 1398 782 1399 768 1398 742 946 735 946 765"/></Shape>
	    <String CONTENT="li emploma tota l&#39;esquena."
                    HPOS="944"
                    VPOS="735"
                    WIDTH="455"
                    HEIGHT="58"></String>
          </TextLine>

          
          
          <TextLine ID="line_65"
                    TAGREFS="LT83"
                    BASELINE="944 846 1278 850" 
                    HPOS="943"
                    VPOS="811"
                    WIDTH="335"
                    HEIGHT="49">
            <Shape><Polygon POINTS="944 846 943 856 1275 860 1278 850 1278 823 1251 816 1249 816 1248 816 1246 816 1245 816 1236 823 1223 823 1197 823 1186 814 1184 814 1183 814 1181 814 1148 821 1135 813 1134 813 1132 813 1131 813 1129 813 1108 821 1106 821 1102 821 1018 813 1017 813 1015 813 1014 813 1004 820 991 811 989 811 988 811 986 811 944 819 944 846"/></Shape>
	    <String CONTENT="Y fent surtí de la caixa"
                    HPOS="943"
                    VPOS="811"
                    WIDTH="335"
                    HEIGHT="49"></String>
          </TextLine>

          
          
          <TextLine ID="line_64"
                    TAGREFS="LT83"
                    BASELINE="988 806 1398 810" 
                    HPOS="986"
                    VPOS="774"
                    WIDTH="412"
                    HEIGHT="62">
            <Shape><Polygon POINTS="988 806 986 819 1038 829 1040 829 1089 823 1109 821 1122 824 1154 833 1155 833 1157 833 1158 833 1160 833 1168 826 1170 824 1252 823 1261 830 1265 833 1265 834 1267 834 1268 834 1269 834 1290 832 1317 826 1329 833 1332 834 1333 834 1334 834 1336 836 1397 836 1398 810 1397 787 1334 778 1333 778 1301 782 1285 785 1277 782 1262 777 1261 777 1259 777 1258 777 1249 781 1243 784 1235 781 1222 777 1220 777 1219 777 1170 780 1099 782 1089 777 1087 775 1086 775 1084 775 1083 775 1082 775 1077 777 1057 782 1050 777 1050 775 1048 775 1047 775 1045 775 1044 775 1025 781 988 774 988 806"/></Shape>
	    <String CONTENT="al atrevit barberot,"
                    HPOS="986"
                    VPOS="774"
                    WIDTH="412"
                    HEIGHT="62"></String>
          </TextLine>

          
          
          <TextLine ID="line_66"
                    TAGREFS="LT83"
                    BASELINE="946 886 1410 892" 
                    HPOS="944"
                    VPOS="855"
                    WIDTH="466"
                    HEIGHT="59">
            <Shape><Polygon POINTS="946 886 944 902 1002 910 1004 910 1005 910 1015 905 1024 901 1031 905 1037 910 1038 910 1040 910 1041 910 1043 910 1058 905 1071 902 1077 907 1082 911 1083 911 1084 911 1086 911 1087 911 1097 907 1105 904 1108 907 1112 911 1113 911 1115 911 1116 911 1175 908 1291 904 1407 914 1410 892 1410 866 946 855 946 886"/></Shape>
	    <String CONTENT="lo puja á caball del sastre,"
                    HPOS="944"
                    VPOS="855"
                    WIDTH="466"
                    HEIGHT="59"></String>
          </TextLine>

          
          
          <TextLine ID="line_67"
                    TAGREFS="LT83"
                    BASELINE="944 925 1301 928" 
                    HPOS="943"
                    VPOS="899"
                    WIDTH="358"
                    HEIGHT="50">
            <Shape><Polygon POINTS="944 925 943 941 947 946 947 947 949 947 950 947 952 947 1053 941 1128 949 1129 949 1300 941 1301 928 1300 904 944 899 944 925"/></Shape>
	    <String CONTENT="sino tastará&#39;l garrot."
                    HPOS="943"
                    VPOS="899"
                    WIDTH="358"
                    HEIGHT="50"></String>
          </TextLine>

          
          
          <TextLine ID="line_69"
                    TAGREFS="LT83"
                    BASELINE="980 967 1410 972" 
                    HPOS="979"
                    VPOS="933"
                    WIDTH="431"
                    HEIGHT="59">
            <Shape><Polygon POINTS="980 967 979 985 1373 985 1405 992 1410 972 1408 946 1346 946 1345 943 1339 938 1339 937 1337 937 1336 937 1334 937 1267 941 1226 943 1222 940 1219 937 1219 936 1217 936 1216 936 1214 936 1183 938 1132 943 1106 936 1099 934 1097 934 1096 934 1087 936 1053 941 980 933 980 967"/></Shape>
	    <String CONTENT="Cap al carré&#39;ls treu axís,"
                    HPOS="979"
                    VPOS="933"
                    WIDTH="431"
                    HEIGHT="59"></String>
          </TextLine>

          
          
          <TextLine ID="line_70"
                    TAGREFS="LT83"
                    BASELINE="943 1011 1365 1008" 
                    HPOS="941"
                    VPOS="977"
                    WIDTH="424"
                    HEIGHT="54">
            <Shape><Polygon POINTS="943 1011 946 1031 960 1022 1038 1028 1061 1029 1063 1029 1076 1027 1099 1022 1158 1025 1232 1028 1233 1028 1235 1028 1236 1028 1236 1027 1242 1022 1242 1021 1245 1022 1256 1028 1258 1028 1259 1028 1293 1021 1295 1021 1298 1021 1352 1028 1353 1028 1355 1028 1356 1028 1365 1019 1365 1008 1360 977 941 977 943 1011"/></Shape>
	    <String CONTENT="y&#39;ls tiran tronxos de col"
                    HPOS="941"
                    VPOS="977"
                    WIDTH="424"
                    HEIGHT="54"></String>
          </TextLine>

          
          
          <TextLine ID="line_71"
                    TAGREFS="LT83"
                    BASELINE="944 1047 1423 1050" 
                    HPOS="943"
                    VPOS="1012"
                    WIDTH="480"
                    HEIGHT="59">
            <Shape><Polygon POINTS="944 1047 943 1063 1113 1063 1115 1064 1122 1070 1123 1070 1125 1070 1126 1070 1214 1064 1229 1064 1232 1064 1249 1071 1251 1071 1252 1071 1254 1071 1278 1066 1282 1064 1284 1066 1294 1071 1295 1071 1297 1071 1298 1071 1421 1066 1423 1050 1423 1014 1369 1014 1368 1014 1366 1014 1365 1014 1365 1015 1355 1024 1332 1015 1327 1014 1326 1014 1324 1014 1323 1014 1320 1015 1304 1024 1258 1016 1249 1015 1248 1015 1246 1015 1243 1016 1229 1024 1054 1024 1048 1019 1031 1012 1030 1012 1028 1012 1027 1012 1025 1012 1025 1014 1017 1021 1015 1021 966 1012 965 1012 963 1012 944 1021 944 1047"/></Shape>
	    <String CONTENT="els xicots quan se&#39;n adonan"
                    HPOS="943"
                    VPOS="1012"
                    WIDTH="480"
                    HEIGHT="59"></String>
          </TextLine>

          
          
          <TextLine ID="line_72"
                    TAGREFS="LT83"
                    BASELINE="943 1090 1342 1090" 
                    HPOS="943"
                    VPOS="1058"
                    WIDTH="399"
                    HEIGHT="52">
            <Shape><Polygon POINTS="943 1090 943 1105 1277 1110 1278 1110 1280 1110 1281 1110 1298 1103 1340 1110 1342 1090 1340 1058 943 1064 943 1090"/></Shape>
	    <String CONTENT="y tomátechs y pebrots."
                    HPOS="943"
                    VPOS="1058"
                    WIDTH="399"
                    HEIGHT="52"></String>
          </TextLine>

          
          
          <TextLine ID="line_73"
                    TAGREFS="LT83"
                    BASELINE="980 1131 1376 1129" 
                    HPOS="979"
                    VPOS="1096"
                    WIDTH="397"
                    HEIGHT="53">
            <Shape><Polygon POINTS="980 1131 980 1142 1373 1149 1376 1129 1373 1106 1313 1106 1304 1097 1304 1096 1303 1096 1301 1096 1300 1096 1298 1096 1268 1105 1196 1097 1194 1097 1167 1103 1148 1096 1147 1096 1145 1096 1095 1105 1051 1096 1050 1096 1048 1096 1047 1096 1037 1105 992 1096 991 1096 989 1096 988 1096 979 1102 980 1131"/></Shape>
	    <String CONTENT="Queda sols l&#39;estudiant."
                    HPOS="979"
                    VPOS="1096"
                    WIDTH="397"
                    HEIGHT="53"></String>
          </TextLine>

          
          
          <TextLine ID="line_74"
                    TAGREFS="LT83"
                    BASELINE="941 1170 1358 1172" 
                    HPOS="940"
                    VPOS="1133"
                    WIDTH="418"
                    HEIGHT="60">
            <Shape><Polygon POINTS="941 1170 940 1185 1307 1185 1355 1193 1358 1172 1356 1146 1293 1138 1291 1138 1201 1142 1151 1145 1142 1141 1128 1135 1126 1135 1125 1135 1123 1135 1122 1135 1116 1141 1112 1144 1092 1141 1050 1133 1048 1133 941 1136 941 1170"/></Shape>
	    <String CONTENT="y&#39;l fa exí ab una sotana,"
                    HPOS="940"
                    VPOS="1133"
                    WIDTH="418"
                    HEIGHT="60"></String>
          </TextLine>

          
          
          <TextLine ID="line_94"
                    TAGREFS="LT83"
                    BASELINE="936 1853 1469 1851" 
                    HPOS="934"
                    VPOS="1818"
                    WIDTH="535"
                    HEIGHT="61">
            <Shape><Polygon POINTS="936 1853 936 1869 956 1877 957 1877 959 1877 998 1869 1001 1869 1002 1869 1022 1877 1024 1877 1025 1879 1079 1879 1079 1877 1080 1877 1082 1877 1093 1869 1103 1877 1105 1877 1106 1877 1108 1877 1145 1869 1147 1869 1148 1869 1175 1877 1177 1877 1178 1877 1180 1877 1204 1870 1291 1877 1293 1877 1340 1869 1342 1869 1424 1877 1425 1877 1467 1867 1469 1851 1466 1818 1402 1818 1401 1818 1399 1818 1397 1820 1379 1827 1303 1821 1278 1820 1277 1820 1248 1822 1201 1827 1188 1824 1171 1818 1170 1818 1168 1818 1167 1818 1165 1818 1158 1824 1152 1827 1125 1825 1058 1820 1057 1820 1002 1827 975 1820 973 1820 972 1820 970 1820 934 1828 936 1853"/></Shape>
	    <String CONTENT="que unas pasquas, y&#39;ls amants"
                    HPOS="934"
                    VPOS="1818"
                    WIDTH="535"
                    HEIGHT="61"></String>
          </TextLine>

          
          
          <TextLine ID="line_95"
                    TAGREFS="LT83"
                    BASELINE="936 1893 1350 1892" 
                    HPOS="934"
                    VPOS="1861"
                    WIDTH="416"
                    HEIGHT="74">
            <Shape><Polygon POINTS="936 1893 936 1911 1067 1911 1084 1919 1100 1928 1102 1928 1103 1928 1105 1928 1106 1928 1116 1921 1132 1912 1188 1912 1223 1928 1238 1934 1239 1934 1241 1935 1350 1935 1350 1892 1349 1870 1330 1861 1329 1861 1327 1861 1326 1861 1303 1869 934 1863 936 1893"/></Shape>
	    <String CONTENT="sense amor ni dinerons."
                    HPOS="934"
                    VPOS="1861"
                    WIDTH="416"
                    HEIGHT="74"></String>
          </TextLine>

          
        </TextBlock>
        
        <TextBlock HPOS="819"
                   VPOS="2051"
                   WIDTH="177"
                   HEIGHT="109"
                   ID="block_2"
                   TAGREFS="BT226">
          <Shape><Polygon POINTS="996 2051 996 2160 819 2160 819 2051"/></Shape>
          
          
          <TextLine ID="line_96"
                    TAGREFS="LT82"
                    BASELINE="848 2119 985 2119" 
                    HPOS="848"
                    VPOS="2054"
                    WIDTH="137"
                    HEIGHT="91">
            <Shape><Polygon POINTS="848 2136 905 2133 920 2136 969 2145 970 2145 972 2145 973 2145 985 2136 985 2119 985 2067 848 2054 848 2119"/></Shape>
	    <String CONTENT="FÍ"
                    HPOS="848"
                    VPOS="2054"
                    WIDTH="137"
                    HEIGHT="91"></String>
          </TextLine>

          
        </TextBlock>
        
        <TextBlock HPOS="596"
                   VPOS="2345"
                   WIDTH="613"
                   HEIGHT="86"
                   ID="block_3"
                   TAGREFS="BT228">
          <Shape><Polygon POINTS="1209 2345 1209 2431 596 2431 596 2345"/></Shape>
          
          
          <TextLine ID="line_91"
                    TAGREFS="LT83"
                    BASELINE="618 2394 1203 2399" 
                    HPOS="616"
                    VPOS="2351"
                    WIDTH="587"
                    HEIGHT="85">
            <Shape><Polygon POINTS="618 2394 616 2429 667 2420 797 2432 813 2433 814 2433 816 2433 820 2432 852 2423 1006 2422 1044 2435 1047 2435 1048 2435 1050 2435 1057 2435 1132 2423 1144 2433 1144 2435 1145 2435 1147 2435 1148 2436 1201 2436 1203 2399 1201 2358 618 2351 618 2394"/></Shape>
	    <String CONTENT="Imps. Hospital, 19 «El Abanico»"
                    HPOS="616"
                    VPOS="2351"
                    WIDTH="587"
                    HEIGHT="85"></String>
          </TextLine>

          
        </TextBlock>
        

        
      </PrintSpace>
    </Page>
  </Layout>
</alto>
