1753 2480
401.0 128.0 138.0 91.0 CORO.

138.0 190.0 463.0 74.0 Es la onza para el libre

88.0 248.0 437.0 62.0 y la muerte despreciar

95.0 305.0 494.0 50.0 á la ley de sus contrarios,

142.0 423.0 583.0 77.0 2.ª Soy señor contrabandista

93.0 481.0 430.0 56.0 nadie tiene que dudar

90.0 520.0 395.0 64.0 paso ratos de penar

99.0 568.0 479.0 52.0 los mas dias sobresaltos;

95.0 609.0 500.0 60.0 cuando llego á la frontera

99.0 659.0 467.0 56.0 la paso sin mas zozobra

97.0 702.0 423.0 62.0 y á mi potrito le digo

97.0 727.0 483.0 79.0 huye que viene la ronda.

138.0 779.0 540.0 89.0 Es la onza para el libre etc.

140.0 845.0 620.0 103.0 3.ª Desde la costa á los montes

97.0 917.0 469.0 68.0 de Córdoba la mas bella

95.0 977.0 459.0 58.0 paso como una centella

97.0 1023.0 471.0 47.0 con mi potro el andador;

97.0 1058.0 527.0 64.0 si se acerca algun cristiano

97.0 1111.0 481.0 56.0 á perturbarme el camino

97.0 1155.0 442.0 54.0 yo al punto lo espavilo

95.0 1188.0 512.0 68.0 aunque sea el mas feroz...

134.0 1229.0 541.0 81.0 Es la onza para el libre etc.

134.0 1299.0 579.0 93.0 4.ª Son las estrellas mi guia

97.0 1364.0 430.0 68.0 y la luna es mi timon

95.0 1411.0 527.0 66.0 los montes son mis delicias

97.0 1461.0 535.0 58.0 un barranco es mi colchon:

95.0 1504.0 438.0 66.0 en el reposo tranquilo

95.0 1556.0 498.0 49.0 como el rey en su palacio

95.0 1593.0 529.0 64.0 sin temor de que me pillen

97.0 1638.0 519.0 62.0 la justicia ni el resguardo.

134.0 1682.0 539.0 76.0 Es la onza para el libre etc.

136.0 1750.0 659.0 97.0 5.ª Los montes son mis palacios;

97.0 1814.0 502.0 89.0 por compañas las botellas

870.0 140.0 479.0 87.0 para amigas las estrellas

862.0 210.0 452.0 60.0 para riqueza Gibraltar,

864.0 243.0 521.0 67.0 porque me rio de hombres

866.0 293.0 428.0 58.0 como de leyes me rio

866.0 341.0 477.0 62.0 yo á nadie he obedecido

866.0 388.0 508.0 64.0 porque todo es mi lugar..

913.0 427.0 546.0 81.0 Es la onza para el libre etc.

911.0 487.0 569.0 102.0 6.ª El moro me dá el tesoro

868.0 560.0 550.0 64.0 de las piedras mas preciosas

866.0 607.0 537.0 56.0 el inglés me dá otras cosas

868.0 661.0 545.0 58.0 tan buenas como el francés;

870.0 696.0 459.0 66.0 Portugal me dá despues

862.0 737.0 463.0 62.0 la proteccion en entrar

868.0 785.0 415.0 62.0 y si quiero descargar

864 837 494 49 todo lo vendo muy bien...

913.0 880.0 544.0 74.0 Es la onza para el libre etc.

913.0 940.0 558.0 99.0 1.ª Cuando diviso las costas

864.0 1006.0 496.0 76.0 de mi patria la mas bella

864.0 1064.0 479.0 49.0 corro como una centella

868.0 1097.0 481.0 70.0 y al momento descargar;

866.0 1151.0 479.0 53.0 vengan fardos marineros

859.0 1178.0 573.0 80.0 no temer que no hay cuidado

866.0 1237.0 529.0 56.0 soy solo y el que se arrima

868.0 1283.0 496.0 52.0 lo parto de un trabucazo.

907.0 1320.0 548.0 85.0 Es la onza para el libre etc.

909.0 1386.0 538.0 97.0 8.ª Portugal me dá tabaco

864.0 1457.0 397.0 70.0 y pedrerias el moro

862.0 1502.0 504.0 68.0 el inglés me dá un tesoro

862.0 1545.0 531.0 64.0 pero en trapos de algodon:

866.0 1591.0 461.0 64.0 el español me dá penas

868.0 1634.0 452.0 62.0 pero mezeladas con oro

872.0 1674.0 537.0 64.0 mas que el inglés y el moro

868.0 1721.0 517.0 72.0 viva siempre el ESPAÑOL.

907.0 1764.0 542.0 118.0 Es la onza para el libre etc.

810.0 2000.0 103.0 159.0 FIN.

90.0 341.0 406.0 66.0 soberanos proclamar.
