1753 2480
158 239 497 29 Ya que ningu ans aconsola

158 257 469 58 y en cap puesto ya repós

157 301 556 58 val mes que 'ns vestim de gós

159 341 450 61 y aixis se darán la bola.

154 384 581 67 Los senyós ya son tan gansos...

157 432 394 54 ya pots aná pidulán;

152 478 426 60 se te treuan del deván

152 520 599 60 dien «No estem per rumansus.»

152 563 480 58 Anemsem á duná un tom

152 608 476 62 que aixis agafarem gana;

157 654 508 62 ya vey que aquesta semana

154 699 473 57 may sabré quin dia som.

157 739 435 60 ¿Y 'l tom ahon lo daré

154 792 468 48 si no tinch res per mira,

155 832 521 59 ya 'm sembla que per voltá

157 877 472 62 ya nom queda cap carré.

154 923 434 56 Pero ba, fora quimera,

154 965 513 68 no vull pensá mes vegadas,

154 1023 438 39 á las penas punyaladas

154 1056 501 57 salga 'l sol por Antaquera.

155 1104 506 56 Pero aques lo que vey yo:

154 1144 495 61 Si no me enganya la vista

154 1187 559 55 me sembla que ve 'l Batista...

155 1233 438 56 si que hu es, batua no.

478 1263 267 72 (Surt lo Batista.)

194 1310 431 73 Batista, quetal quetal?

159 1359 520 72 ¿quina gorra mes bunica?

155 1406 434 62 ¿que tocas á la musica

154 1452 426 62 ó te an fet munisipal?

92 1482 565 94 Batista. Lleterola res de aixó,

155 1544 427 61 pero si tan te interesa

159 1587 487 63 ya veurás cuan adepressa

157 1631 408 62 te donu la esplicasió.

154 1667 599 75 Com que sempre estaba en vaga

155 1722 416 60 tenia 'l sércul mol al

165 1764 468 60 y es clá: tot bon lliberal

157 1809 493 53 diu que no cobra ni paga.

161 1851 424 62 Yo enmallevaba dinés

157 1899 519 51 perque 'm feyan confiansa,

166 1938 543 68 y al cap de vall, un se cansa

166 1984 538 63 y 'm van di «no ni há mes.»

162 2025 493 69 ¿Y ara quin ball ballarem

158 2081 478 57 si la buxaca no sona...!

159 2121 499 57 No vay trubá una persona

159 2161 565 66 que 'm digués «Tista bebem.»

161 2212 424 53 Pero fa ya cuatre dias

158 2251 562 60 que vay trobá an Pau Maleras

162 2300 514 73 y las mevas grans quimeras

903 202 438 66 las va fe turná alegrías.

906 250 484 61 Me va convidá á la fonda,

909 293 448 59 y despues de ben menjá

905 337 419 62 ell me va proporsioná

906 385 524 60 que yo 'm fiqués á la ronda.

908 431 479 60 De pet va quedá arreglat:

910 475 443 59 y anán aguardá portals,

909 523 436 47 cada dia tinch nou rals

915 564 350 53 y viva la llibertad.

910 607 417 57 Aixis omplu la casola,

912 648 548 65 y ensench sempre la candela,

908 695 439 58 ara nom falta una pela,

908 741 439 51 festu tú y tot Lleterola.

843 779 681 60 Lleterola. No que soch massa co bart

904 830 525 58 tinch poca llana al clatell...

906 876 459 56 me fa massa po 'l fusell,

906 918 572 60 ca as de fe tú, deu men guart.

844 958 692 71 Batista. Si per cas me vols prometre

906 1008 505 58 que 'm farás quedá ben be

908 1054 410 57 un empleo at buscaré

908 1095 534 60 pero eu: ¿Ya saps de lletra?

844 1140 579 57 Lleterola. No conech sinó la O

909 1182 536 64 perque diuen que es rodona,

908 1233 482 56 altra men xiquet perdona

910 1271 481 55 ya vey que soch un bacó.

847 1315 554 68 Batista. ¿Pero quin ofisi tens

909 1364 469 55 que may te vey traballá?

916 1410 458 55 Tú no mes deus procurá

912 1450 412 61 á fe treballá las deus?

847 1488 673 73 Lleterola. De aulisis ya ne ay tingut

913 1543 499 53 de mes de cuatre dotsenas,

910 1585 503 57 pero veus las mevas penas,

912 1632 493 55 de cap may ne ay sapigut.

910 1672 410 52 Cuan yo era chabalet

913 1715 421 62 á estudi 'm feyan aná,

913 1758 516 59 y de cops, men van duná...

910 1806 508 60 com may no sabia un mot.

916 1847 506 68 ¿Saps com hu vay arreglá?

913 1893 499 63 La mare 'm daba als dinés

913 1942 557 58 perque al mestre yo 'ls dunés,

920 1985 393 52 y me 'ls anava gastá.

915 2029 459 56 Cuan tot se va descubrí,

913 2070 480 62 ay fill meu quina gallina,

915 2117 467 58 me va duná una tunyina

913 2165 466 58 que no vay pugué pahí.

916 2207 419 62 «Fora de estudi bacó»

915 2254 538 56 la mare 'm va di al momen:

916 2294 543 85 y á que fa, am posa aprenen.
