1860 2629
334 1298 931 73 CONVERSA DE DOS INDIVIDUOS

184 1393 1234 85 de una aristocrasia mol abundán, anomenats

366 1489 855 151 BATISTA Y LLETEROLA.

151 1703 588 62 (Surt Lleterola ab jech al coll y canta.)

73 1748 607 68 Lleterola. «Navarra no tiene rey

143 1795 425 61 ni en tot España ni ya

143 1840 479 57 yo no se pas qui goberna

137 1885 486 63 cuan tutom vol goberná.»

274 1936 101 53 Diu:

165 1968 441 65 Cantu cosas que no se

137 2018 507 61 per la pena aná olvidán;

141 2068 398 57 ya podem aná cantán

137 2107 472 59 com las cosas van tan be.

141 2148 472 61 La fenya va poch á poch,

137 2196 469 62 no menja qui vol menjá;

137 2237 355 58 ara si que ya ni há

137 2284 454 61 per tirá la gorra al foch.

135 2333 456 78 La gana, com escarrapa,

894 1713 565 68 las dens semblan las matracas,

897 1762 568 59 que es trist cuan á las buxacas

895 1809 548 56 no y pots purtá ni una chapa.

900 1849 534 64 A fé de Deu aixó es massa

898 1894 541 64 sempre la vida al encán

891 1941 384 51 si aixó va continuán

892 1981 529 63 no la hallarem poch grassa.

895 2027 482 61 Ferse un rot de massa fart

889 2068 482 64 sembla que está prohibit:

891 2116 437 64 per badallá mol seguit

886 2158 491 67 sembla que may fasis tart.

885 2202 497 61 Dichós qui sopa y esmorsa

883 2250 493 63 que 's troba una mica be

885 2303 450 55 pero 'l que no menja re

888 2348 459 72 vinticuatre y sis catorsa.
