1753 2480
562.0 1082.0 717.0 155.0 RONDEÑAS,

382.0 1219.0 1093.0 116.0 PARA CANTARSE CON GUITARRA.

258.0 1405.0 461.0 72.0 Mil penas estoy pasando

214.0 1457.0 505.0 68.0 porque logré una doncella ;

221.0 1504.0 498.0 68.0 y ahora me están obligando

217.0 1554.0 436.0 60.0 á que me case con ella.

260.0 1587.0 436.0 72.0 Cierto es que la gocé,

223.0 1630.0 519.0 85.0 yo no niego lo que es justo,

219.0 1688.0 434.0 56.0 pero jamás me obligué

217.0 1733.0 401.0 60.0 á pagarla tal tributo,

219.0 1767.0 508.0 68.0 si me sirvió fué su gusto :

223.0 1818.0 455.0 58.0 yo nunca la fuí forzando

219.0 1862.0 461.0 51.0 ni menos palabra dando

219.0 1901.0 425.0 60.0 para casarme con ella ;

225.0 1953.0 450.0 62.0 por tan injusta querella

219.0 1990.0 450.0 62.0 mil penas estoy pasando.

262.0 2031.0 492.0 70.0 Cierto seguro en su estado

223.0 2085.0 386.0 58.0 por doncella la traté,

225.0 2110.0 486.0 82.0 pero por Dios que la hallé

223.0 2178.0 504.0 51.0 con la mancha del pecado,

225.0 2211.0 558.0 103.0 quien fuera el que la ha tocado

919.0 1407.0 435.0 64.0 venid y juzgad por ella

913.0 1454.0 544.0 54.0 aunque me pongo en querella

917.0 1500.0 474.0 60.0 á mi no me han de matar

915.0 1537.0 472.0 56.0 ni cuidado me ha de dar

915.0 1576.0 482.0 77.0 porque logré una doncella.

965.0 1616.0 488.0 74.0 El juez sin justas razones

915.0 1674.0 391.0 59.0 á ella le presta oido,

928.0 1707.0 506.0 76.0 y á mí me niega el partido

924.0 1762.0 483.0 67.0 porque llevo los calzones ;

932.0 1806.0 397.0 62.0 ¡ ay tiranos corazones,

921.0 1839.0 559.0 83.0 los que de mi están hablando !

921.0 1891.0 464.0 68.0 sin saber como ni cuando

924.0 1932.0 450.0 80.0 yo de ella me enamoré,

928.0 1981.0 355.0 69.0 y por eso digo que

921.0 2012.0 470.0 73.0 ahora me están obligando.

963.0 2070.0 481.0 60.0 Si ella no hubiera salido

921.0 2114.0 441.0 60.0 con la señal del pecado

921.0 2151.0 509.0 78.0 no hubieran la queja dado,

926.0 2196.0 446.0 114.0 pero como claro ha sido
