1419 2313
595.0 124.0 164.0 72.0 —7—

152.0 174.0 1110.0 75.0 Así que vió á Berenguela y Matilde se arrojó á sus pies admiran-

87.0 244.0 1177.0 51.0 do en Matilde su angélica belleza, y en Berenguela la espresion de

86.0 286.0 1181.0 49.0 caridad que su rostro manifestaba, y las rogó que se presentasen

86.0 328.0 1180.0 56.0 ante el príncipe y le pidiese su libertad. Así se lo prometieron las

87.0 377.0 1179.0 54.0 princesas en compañía del arzobispo Guillermo que á ellas se ha-

88.0 418.0 1179.0 54.0 bia juntado; y á pesar de todo lo que la dijeron las princesas se di-

88.0 467.0 1179.0 48.0 bujó en su rostro la sed de venganza que empezaba á nacer en su

87.0 508.0 1181.0 57.0 corazon contra la princesa Matilde. Por fin, se retiró otra vez á su

88.0 553.0 1180.0 58.0 aposento la desgraciada Inés, meditando los medios de atentar con-

88.0 601.0 1176.0 55.0 tra la vida de su rival; bien que cuando quiso ponerlos en práctica,

89.0 648.0 1179.0 56.0 se le frustró su plan y tuvo que escaparse disfrazada de guerrero.

91.0 693.0 1180.0 60.0 Las princesas y el venerable Guillermo continuaron entregándose

88.0 742.0 989.0 57.0 al solaz que les proporcionaban tan deliciosos jardines.

92.0 782.0 1180.0 55.0 Llegó la hora de retirarse al palacio, y  al momento Malek-Ad-

89.0 830.0 1184.0 60.0 hel se presentó delante del venerable prelado y las princesas. Le

92.0 877.0 1181.0 57.0 preguntaron estas el objeto de su visita, y él das respondió que era

93.0 922.0 1176.0 55.0 portador de una noticia muy interesante para ambas princesas,

93.0 967.0 901.0 49.0 cual era la de la salud que el gran Ricardo gozaba.

142.0 1004.0 1128.0 61.0 Mostráronse alegres Berenguela y Matilde; pero el arzobispo,

93.0 1057.0 1183.0 54.0 que penetró la intencion en el modo con que el príncipe miraba á

95.0 1102.0 1182.0 57.0 Matilde, se apresuró á hacer una señal que la manifestaba podia re-

93.0 1146.0 1187.0 61.0 tirarse.Verificólo así la princesa; pero mo sin haber dirigido una

95.0 1193.0 1183.0 58.0 mirada casta y  ruborosa en la que estaba pintando su agradeci-

97.0 1237.0 1181.0 60.0 miento hácia el príncipe, el cual sintió la marcha de Matilde; pero

93.0 1288.0 1188.0 56.0 su pesar se convirtió en alegría observar la pura y casta mirada

97.0 1337.0 1183.0 52.0 que le dirigió esta princesa. Despues de una conversacion que tu-

93.0 1377.0 1188.0 53.0 vieron sobre las guerras de que lera presa el pais del príncipe, pidió

93.0 1422.0 1188.0 57.0 este su licencia para retirarse, que le fue concedida. Cuando salió

98.0 1467.0 1188.0 57.0 el príncipe mandó el prelado llamar á Matilde, y se pusieron todos

92.0 1512.0 1186.0 55.0 tres á orar dando gracias á Dios por haber conservado la interesan-

97.0 1566.0 1185.0 46.0 te salud; del monarca inglés. Hechor esto se retiraron cada uno á

97.0 1604.0 1184.0 60.0 sus aposentos. El prelado Guillermo rogaba á Dios continuamente

102.0 1655.0 1178.0 46.0 para que le deparase su libertad é ir á consolar á sus hermanos al

95.0 1694.0 1186.0 57.0 campo cristiano. Berengue la tambien oraba y pedia á Dios la con-

92.0 1737.0 1185.0 58.0 cediese su libertad para ir á juntarse con el objeto de su amór; y,

102.0 1784.0 1179.0 58.0 por último, Matilde solicitaba que Dios la diese fuerzas para luchar

102.0 1832.0 1182.0 51.0 con el amor que por el príncipe empezaba á sentir, pues aunque

104.0 1876.0 1181.0 55.0 el corazon magnánimo de Malek-Adhel era da vista de Matilde un

92.0 1919.0 1190.0 62.0 motivo que llenaba su alma de admiracion, con todo, su concien-

92.0 1964.0 1130.0 98.0 cia no admitia su amor, porque al fin amaba á un sarrraceno.
