1421 2320
604.0 122.0 156.0 50.0 —5—

85.0 175.0 1195.0 53.0 las dos princesas á su campamento. Deseosas ambas de juntarse

86.0 217.0 1197.0 57.0 una con su esposo y la otra con su hermano, determinaron mar-

83.0 260.0 1185.0 59.0 char, y rogaron al arzobispo de Tiro que las acompañase en el via-

83.0 304.0 1194.0 54.0 je. Condescendió este con gozo á  su proposicion, y marcharon po-

82.0 350.0 538.0 57.0 cos dias despues que Ricardo.

131.0 394.0 1144.0 58.0 Pasado algun tiempo de una navegacion feliz dieron vista á las

82.0 438.0 1194.0 59.0 costas de Asia; mas al divisar el puerto de Tolemaida vieron venir

82.0 483.0 1189.0 60.0 hácia ellos un buque en cuya bandera se ostentaba la media luna.

134.0 528.0 1138.0 62.0 En el momento que los sarracenos observaron el pabellonin in-

83.0 572.0 1188.0 62.0 glés, se arrojaron intrepidos sobre él; y despues de un furioso ata-

85.0 619.0 1192.0 61.0 que apresaron el buque á los gritos de ¡Malek-Adhel! ¡Malek-Adhel!

83.0 668.0 1194.0 51.0 Berenguela y Matilde, que estaban aterradas con el estrépido de las

82.0 712.0 1195.0 53.0 armas, hacian oracion á Dios para que las libertara de sus enemi-

85.0 756.0 1192.0 59.0 gos. En vano el arzobispo de Tiro procuraba con sus santas pala-

83.0 800.0 1193.0 57.0 bras calmarlas; sin embargo, no lo podia conseguir. De pronto pe-

85.0 848.0 1189.0 58.0 netran en la cámara un sin número de musulmanes, y con ellos

85.0 894.0 1192.0 50.0 Malek-Adhel, el cual se queda estático al contemplar la hermosura

83.0 940.0 1189.0 56.0 de Matilde. «Nada temais, las dice, bellas princesas; vais á ser con-

85.0 980.0 1194.0 62.0 ducidas con todo el respeto que mereceis á mi palacio.» Y condu-

86.0 1028.0 1190.0 61.0 ciendo á las princesas á su chalupa, da órden á los remeros, y lles-

85.0 1074.0 828.0 57.0 gan felizmente á vista del puerto de Damieta.

112.0 1113.0 1159.0 66.0 No tan pronto hubieron llegado al muelle cuando ya las espe-

86.0 1163.0 1191.0 60.0 raban unas literas para conducirlas al palacio de Malek-Adhel, don-

85.0 1207.0 1194.0 62.0 de habia dispuesto aposentos ricamente adornados para la estan-

86.0 1254.0 868.0 59.0 cia de las dos princesas y del arzobispo de Tiro.

531.0 1345.0 289.0 59.0 CAPITULO II.

92.0 1444.0 1188.0 53.0 Cautiverio de las dos princesas en Damieta.-Paseos de estas con

126.0 1479.0 1153.0 65.0 el arzobispo por los jardines del palacio.—Encuentno de una

130.0 1522.0 1142.0 68.0 renegada.—Consuelos que la prodigan.—Se presenta Malek-

137.0 1569.0 954.0 66.0 Adhel en sus aposentos, y tienen noticias de Ricardo.

145.0 1658.0 1134.0 66.0 Penoso era para las princesas el cautiverio que sufrian en Da-

95.0 1707.0 1184.0 56.0 mieta; pero estaban tan bien cuidadas, eran tan obedecidas, que el

95.0 1754.0 1184.0 49.0 dolor que las causaba la pérdida de la libertad era atemperado con

96.0 1798.0 768.0 61.0 las consideraciones que con ellas se tenian.

136.0 1841.0 1140.0 63.0 Acostumbraban Matilde y Berenguela pasearse por las tardes en

98.0 1894.0 1177.0 57.0 los jardines del palacio. Eran estos unos magníficos bosques cu-

98.0 1934.0 1178.0 62.0 biertos de esas bellas flores que solo se encuentran en el Asia, esos

98.0 1979.0 1179.0 63.0 bellos tulipanes y esas perfumadas magnolias tan puras y tan bri-

98.0 2026.0 1179.0 63.0 llantes. A la hora que el sol decaia en su ocaso, y á la hora en que

99.0 2075.0 1177.0 63.0 las plantas abren sus cálices para despedir las emanaciones de su
