1409 2310
562.0 111.0 176.0 83.0 — 17—

64.0 188.0 1174.0 53.0 lazadas que atan el casco, y reconoce el semblante y la caballera de

64.0 232.0 1171.0 50.0 una mujer; era Inés. Apenas se ha puesto de pie, vuelve á agarrar

62.0 275.0 1174.0 57.0 la lanza y renueva el combate á las voces de: á mí, musulmanes va-

62.0 320.0 1174.0 58.0 lientes, y Montmorency es nuestro; dice, y Joselin se vió cercado

61.0 367.0 1177.0 53.0 de enemigos; en vano iba sembrando la muerte por todas partes; sus

62.0 408.0 1176.0 50.0 contrarios no disminuian; su cuerpo se cubrió de heridas y su cora-

62.0 451.0 1176.0 54.0 za estaba teñida en sangre; por último, despues de haberle mata-

62.0 495.0 1178.0 56.0 do el caballo se arrodilló al lado de este y aun se defendia, cuando

62.0 541.0 1173.0 55.0 un musulman, viendo su resistencia, le clavó la lanza en el pecho,

62.0 586.0 1176.0 54.0 consiguiendo con este suceso la victoria: satisfechos por esta haza-

64.0 630.0 1175.0 57.0 ña, continuaron su marcha. Los soldados de Montmorency, así que

66.0 677.0 1174.0 58.0 vieron á este tendido, corrieron á él presurosos creyendo que esta-

64.0 725.0 1176.0 55.0 ba muerto, pero uno de ellos le desató la armadura, y despues de

65.0 770.0 1175.0 57.0 ponerle la mano sobre el corazon, vió que todavía latía. La prince-

68.0 822.0 1172.0 46.0 sa se llegó tambien adonde estaba el moribundo, y este, despues de

65.0 857.0 1174.0 58.0 haber vuelto en sí, la dijo en voz baja: ante la presencia del Eter-

65.0 906.0 1175.0 57.0 no, adonde voy á comparecer, rogaré eternameme por la conver-

66.0 953.0 1172.0 55.0 sion de Malek-Adhel; ¡ojalá sea cristiano y vos seais dichosa con él!

66.0 1001.0 257.0 51.0 dijo: y espiró.

127.0 1030.0 1113.0 72.0 Despues de haber empleado el resto del dia en dar sepultura al

64.0 1092.0 1175.0 55.0 cadáver, se pusieron en marcha, y al cabo de dos jornadas de cami-

66.0 1131.0 1174.0 58.0 no dieron vista á la ciudad de Tolemaida. Inmenso fue el gozo que

66.0 1178.0 1174.0 54.0 tuvieron los cristianos al ver llegar á su princesa; pero tambien fue

66.0 1226.0 1172.0 53.0 profundo el dolor que causó la muerte del malogrado Montmorency.

129.0 1264.0 1113.0 64.0 Recibida Matilde en la corte de su hermanocon todos los hono-

66.0 1311.0 1174.0 63.0 res correspondientes á su clase, los caballeros mas ilustres se hon-

66.0 1357.0 1176.0 57.0 raban de ser admitidos á su presencia, y todos á porfía la prodiga-

69.0 1405.0 1170.0 55.0 ban su galanteos, pero en medio de tantos homenajes yplaceres,

68.0 1454.0 1174.0 56.0 Matilde indiferente á todo cuañto la rodeaba conservaba una triste-

66.0 1497.0 1061.0 51.0 za que nada podia disipar.

129.0 1537.0 1113.0 62.0 Entretanto, un dia, en una de las fiestas de torneo mas ucidas

65.0 1588.0 1178.0 57.0 que se habian dado desde su venida, se presentó de improviso á la

66.0 1631.0 1174.0 60.0 entrada del palenque un árabe montado en un soberbio caballo:

66.0 1678.0 1176.0 60.0 propone romper lanza contra los dos primeros campeones que quie-

65.0 1720.0 1177.0 56.0 ran dispensarle este honor, y no pide por premio de la victoria sino

68.0 1768.0 1175.0 56.0 el permiso de saludar á la princesa y retirarse despues sin darse á

68.0 1815.0 1174.0 52.0 conocer. Aceptan los jueces, y ruegan á Matilde que elija entre

68.0 1859.0 1174.0 55.0 los cristianos los que han de pelear con el infiel, y un instinto secre-

66.0 1901.0 1177.0 61.0 to le hace nombrar los mas débiles. El árabe toma su parte del cam-

68.0 1949.0 1171.0 56.0 po, vuelve á ellos, rompe la lanza del primero sin haberse movido,

70.0 1994.0 1175.0 59.0 y derriba luego al otro. Entonces entrega las riendas de su caballo

66.0 2040.0 1178.0 58.0 á un escudero, y subiendo las gradas que conducen al balcon de

66.0 2082.0 1178.0 71.0 Matilde, pone una rodilla en tierra se inclina, besa el ribete de su

921.0 2142.0 36.0 48.0 3
