<?xml version="1.0" encoding="UTF-8"?>
<alto xmlns:xsi="http://www.w3.org/2001/XMLSchema-instance"
      xmlns="http://www.loc.gov/standards/alto/ns-v4#"
      xsi:schemaLocation="http://www.loc.gov/standards/alto/ns-v4# http://www.loc.gov/standards/alto/v4/alto-4-2.xsd">
  <Description>
    <MeasurementUnit>pixel</MeasurementUnit>
    <sourceImageInformation>
      <fileName>Varios_432_11.jpg</fileName>
      
    </sourceImageInformation>
  </Description>
  
  <Tags>
    <OtherTag ID="BT221" LABEL="CustomZone:impresorNum" DESCRIPTION="block type CustomZone:impresorNum"/><OtherTag ID="BT222" LABEL="CustomZone:numero_pliego" DESCRIPTION="block type CustomZone:numero_pliego"/><OtherTag ID="BT223" LABEL="CustomZone:title" DESCRIPTION="block type CustomZone:title"/><OtherTag ID="BT224" LABEL="GraphicZone:illustration" DESCRIPTION="block type GraphicZone:illustration"/><OtherTag ID="BT225" LABEL="GraphicZone:ornamentation" DESCRIPTION="block type GraphicZone:ornamentation"/><OtherTag ID="BT226" LABEL="MainZone" DESCRIPTION="block type MainZone"/><OtherTag ID="BT227" LABEL="MainZone:columns" DESCRIPTION="block type MainZone:columns"/><OtherTag ID="BT228" LABEL="MarginTextZone:colophon" DESCRIPTION="block type MarginTextZone:colophon"/><OtherTag ID="BT229" LABEL="MarginTextZone:note" DESCRIPTION="block type MarginTextZone:note"/><OtherTag ID="BT230" LABEL="MusicZone" DESCRIPTION="block type MusicZone"/><OtherTag ID="BT231" LABEL="NumberingZone:page" DESCRIPTION="block type NumberingZone:page"/><OtherTag ID="BT232" LABEL="QuireMarksZone:catchwords" DESCRIPTION="block type QuireMarksZone:catchwords"/><OtherTag ID="BT233" LABEL="QuireMarksZone:signature" DESCRIPTION="block type QuireMarksZone:signature"/><OtherTag ID="BT234" LABEL="RunningTitleZone" DESCRIPTION="block type RunningTitleZone"/>
    <OtherTag ID="LT81" LABEL="CustomLine:propriedad" DESCRIPTION="line type CustomLine:propriedad"/><OtherTag ID="LT82" LABEL="CustomLine:trailer" DESCRIPTION="line type CustomLine:trailer"/><OtherTag ID="LT83" LABEL="DefaultLine" DESCRIPTION="line type DefaultLine"/><OtherTag ID="LT84" LABEL="HeadingLine" DESCRIPTION="line type HeadingLine"/>
  </Tags>
  
  <Layout>
    <Page WIDTH="1415"
          HEIGHT="2311"
          PHYSICAL_IMG_NR="134"
          ID="eSc_dummypage_">
      <PrintSpace HPOS="0"
                  VPOS="0"
                  WIDTH="1415"
                  HEIGHT="2311">
        
        <TextBlock HPOS="516.0"
                   VPOS="75.0"
                   WIDTH="270.0"
                   HEIGHT="127.0"
                   ID="block_1"
                   TAGREFS="BT231">
          <Shape><Polygon POINTS="786 75 786 202 516 202 516 75"/></Shape>
          
          
          <TextLine ID="line_0"
                    TAGREFS="LT83"
                    BASELINE="567 175 738 174" 
                    HPOS="566.0"
                    VPOS="132.0"
                    WIDTH="172.0"
                    HEIGHT="65.0">
            <Shape><Polygon POINTS="567 175 567 190 684 197 685 197 686 197 688 197 689 196 697 190 735 197 738 174 734 139 692 139 688 138 674 132 672 132 671 132 566 136 567 175"/></Shape>
	    <String CONTENT="— 11—"
                    HPOS="566.0"
                    VPOS="132.0"
                    WIDTH="172.0"
                    HEIGHT="65.0"></String>
          </TextLine>

          
        </TextBlock>
        
        <TextBlock HPOS="56.0"
                   VPOS="181.0"
                   WIDTH="1269.0"
                   HEIGHT="1911.0"
                   ID="block_0"
                   TAGREFS="BT226">
          <Shape><Polygon POINTS="63 181 1325 197 1325 2092 63 2080 56 206"/></Shape>
          
          
          <TextLine ID="line_1"
                    TAGREFS="LT83"
                    BASELINE="68 216 1236 220" 
                    HPOS="66.0"
                    VPOS="197.0"
                    WIDTH="1170.0"
                    HEIGHT="50.0">
            <Shape><Polygon POINTS="1235 197 1222 197 1209 197 1196 197 1183 197 1171 197 1158 197 1145 197 1132 197 1119 197 1106 197 1093 197 1081 197 1068 197 1055 197 1042 197 1029 197 1016 197 1004 197 991 197 978 197 965 197 952 197 939 197 927 197 914 197 901 197 888 197 875 197 862 197 850 197 837 197 824 197 811 197 798 197 785 197 772 197 760 197 747 197 734 197 721 197 708 197 695 197 683 197 670 197 657 197 644 197 631 197 618 197 606 197 593 197 580 197 567 197 554 197 541 197 529 197 516 197 503 197 490 197 477 197 464 197 451 197 439 197 426 197 413 197 400 197 387 197 374 197 362 197 349 197 336 197 323 197 310 197 297 197 285 197 272 197 259 197 246 197 233 197 220 197 208 197 195 197 182 197 169 197 156 197 143 197 130 197 118 197 105 197 92 197 79 197 68 216 66 234 199 243 200 243 322 237 344 237 365 238 458 245 459 245 595 241 668 238 769 238 775 242 779 245 780 245 781 245 783 245 805 242 841 238 860 243 873 246 874 246 875 246 894 243 919 240 925 243 928 246 929 246 930 246 932 246 945 243 966 240 993 245 1006 246 1007 247 1235 247 1236 220 1235 197 1235 197"/></Shape>
	    <String CONTENT="desvía creyendo que Satanás, bajo la hgura encantadora de aque-"
                    HPOS="66.0"
                    VPOS="197.0"
                    WIDTH="1170.0"
                    HEIGHT="50.0"></String>
          </TextLine>

          
          
          <TextLine ID="line_2"
                    TAGREFS="LT83"
                    BASELINE="70 264 1239 264" 
                    HPOS="70.0"
                    VPOS="231.0"
                    WIDTH="1169.0"
                    HEIGHT="60.0">
            <Shape><Polygon POINTS="70 264 70 290 110 283 265 283 288 290 290 290 291 290 292 290 317 283 358 290 359 290 395 283 468 290 469 290 471 290 509 283 597 290 598 290 599 291 731 291 731 290 733 290 746 283 1131 290 1137 290 1138 290 1140 290 1163 283 1177 290 1178 290 1180 290 1181 290 1205 283 1237 290 1239 264 1239 238 755 231 753 231 752 231 739 237 730 231 729 231 728 231 654 231 653 231 580 237 549 231 548 231 546 231 520 237 414 231 413 231 353 237 287 231 286 231 236 237 93 231 92 231 91 231 78 234 70 264"/></Shape>
	    <String CONTENT="lla vírgen, venia á tentar su castidad. Retírate, la dice con un ter-"
                    HPOS="70.0"
                    VPOS="231.0"
                    WIDTH="1169.0"
                    HEIGHT="60.0"></String>
          </TextLine>

          
          
          <TextLine ID="line_3"
                    TAGREFS="LT83"
                    BASELINE="70 308 1240 311" 
                    HPOS="69.0"
                    VPOS="274.0"
                    WIDTH="1171.0"
                    HEIGHT="62.0">
            <Shape><Polygon POINTS="70 308 69 326 92 333 93 333 95 333 382 329 457 328 1237 336 1240 311 1239 283 880 283 878 282 850 276 848 276 490 281 469 281 468 281 446 274 445 274 444 274 77 279 70 308"/></Shape>
	    <String CONTENT="ror religioso: ¿qué vienes á buscar aquí? ¡Oh padre! responde la"
                    HPOS="69.0"
                    VPOS="274.0"
                    WIDTH="1171.0"
                    HEIGHT="62.0"></String>
          </TextLine>

          
          
          <TextLine ID="line_4"
                    TAGREFS="LT83"
                    BASELINE="71 356 1241 356" 
                    HPOS="71.0"
                    VPOS="320.0"
                    WIDTH="1170.0"
                    HEIGHT="60.0">
            <Shape><Polygon POINTS="71 356 71 377 1240 380 1241 356 1241 327 1213 320 1212 320 1210 320 1209 320 1191 328 1108 328 1076 328 1076 327 1064 320 1063 320 1061 320 1060 320 1059 320 1045 327 1045 328 743 328 743 327 728 320 726 320 725 320 670 327 666 327 661 327 588 320 586 320 71 326 71 356"/></Shape>
	    <String CONTENT="princesa, no me despidais, he venido aquí con riesgo de mi vida"
                    HPOS="71.0"
                    VPOS="320.0"
                    WIDTH="1170.0"
                    HEIGHT="60.0"></String>
          </TextLine>

          
          
          <TextLine ID="line_5"
                    TAGREFS="LT83"
                    BASELINE="71 400 1241 400" 
                    HPOS="71.0"
                    VPOS="372.0"
                    WIDTH="1170.0"
                    HEIGHT="54.0">
            <Shape><Polygon POINTS="71 400 71 419 1240 426 1241 400 1241 373 71 372 71 400"/></Shape>
	    <String CONTENT="por alcanzar de vos los únicos socorros que pueden salvarme. Es"
                    HPOS="71.0"
                    VPOS="372.0"
                    WIDTH="1170.0"
                    HEIGHT="54.0"></String>
          </TextLine>

          
          
          <TextLine ID="line_6"
                    TAGREFS="LT83"
                    BASELINE="73 446 1244 446" 
                    HPOS="73.0"
                    VPOS="412.0"
                    WIDTH="1171.0"
                    HEIGHT="54.0">
            <Shape><Polygon POINTS="73 446 73 466 1242 466 1244 446 1244 419 1221 412 1219 412 1218 412 1187 418 1187 419 1106 419 1105 418 1092 412 1091 412 1090 412 1063 418 1059 419 821 419 794 415 746 412 744 412 743 412 742 412 737 415 731 418 629 415 525 412 523 412 502 414 468 418 444 414 431 412 430 412 413 413 377 418 147 412 127 412 125 412 124 412 102 418 73 412 73 446"/></Shape>
	    <String CONTENT="tas palabras persuaden al ermitaño : la levantan, se informa de"
                    HPOS="73.0"
                    VPOS="412.0"
                    WIDTH="1171.0"
                    HEIGHT="54.0"></String>
          </TextLine>

          
          
          <TextLine ID="line_7"
                    TAGREFS="LT83"
                    BASELINE="71 493 1244 489" 
                    HPOS="70.0"
                    VPOS="455.0"
                    WIDTH="1174.0"
                    HEIGHT="54.0">
            <Shape><Polygon POINTS="71 493 71 507 1241 509 1244 489 1241 460 469 455 468 455 467 455 449 462 120 457 119 457 70 463 71 493"/></Shape>
	    <String CONTENT="quiénes son los guerreros que la acompañan, enciende una resi-"
                    HPOS="70.0"
                    VPOS="455.0"
                    WIDTH="1174.0"
                    HEIGHT="54.0"></String>
          </TextLine>

          
          
          <TextLine ID="line_8"
                    TAGREFS="LT83"
                    BASELINE="73 537 1245 535" 
                    HPOS="71.0"
                    VPOS="503.0"
                    WIDTH="1174.0"
                    HEIGHT="51.0">
            <Shape><Polygon POINTS="73 537 73 550 1242 554 1245 535 1242 507 71 503 73 537"/></Shape>
	    <String CONTENT="nosa tea, entrando todos en la gruta, y les ofrece una comida fru-"
                    HPOS="71.0"
                    VPOS="503.0"
                    WIDTH="1174.0"
                    HEIGHT="51.0"></String>
          </TextLine>

          
          
          <TextLine ID="line_9"
                    TAGREFS="LT83"
                    BASELINE="74 584 1242 581" 
                    HPOS="73.0"
                    VPOS="544.0"
                    WIDTH="1169.0"
                    HEIGHT="59.0">
            <Shape><Polygon POINTS="74 584 74 603 110 595 214 602 215 602 261 595 323 602 329 602 331 603 331 602 338 602 399 595 426 600 432 602 434 602 444 600 482 595 1241 595 1242 581 1240 552 885 544 884 544 848 550 304 545 303 545 197 552 116 545 115 545 73 553 74 584"/></Shape>
	    <String CONTENT="gal compuesta de los frutos silvestres que producia aquella tierra."
                    HPOS="73.0"
                    VPOS="544.0"
                    WIDTH="1169.0"
                    HEIGHT="59.0"></String>
          </TextLine>

          
          
          <TextLine ID="line_10"
                    TAGREFS="LT83"
                    BASELINE="142 627 1245 627" 
                    HPOS="142.0"
                    VPOS="590.0"
                    WIDTH="1103.0"
                    HEIGHT="55.0">
            <Shape><Polygon POINTS="142 627 142 645 1245 640 1245 627 1245 598 1191 590 1190 590 1088 597 1079 597 1069 597 987 590 986 590 984 590 972 597 969 597 964 597 934 590 933 590 862 595 842 597 142 593 142 627"/></Shape>
	    <String CONTENT="En tanto llega la noche, y mientras que los cristianos hallan"
                    HPOS="142.0"
                    VPOS="590.0"
                    WIDTH="1103.0"
                    HEIGHT="55.0"></String>
          </TextLine>

          
          
          <TextLine ID="line_11"
                    TAGREFS="LT83"
                    BASELINE="75 672 1248 672" 
                    HPOS="75.0"
                    VPOS="635.0"
                    WIDTH="1173.0"
                    HEIGHT="57.0">
            <Shape><Polygon POINTS="75 672 75 685 1246 692 1248 672 1248 643 1214 635 1213 635 250 641 178 635 177 635 75 641 75 672"/></Shape>
	    <String CONTENT="entre la breña un lecho que la fatiga les hace agradable, Matilde"
                    HPOS="75.0"
                    VPOS="635.0"
                    WIDTH="1173.0"
                    HEIGHT="57.0"></String>
          </TextLine>

          
          
          <TextLine ID="line_12"
                    TAGREFS="LT83"
                    BASELINE="78 718 1249 718" 
                    HPOS="78.0"
                    VPOS="681.0"
                    WIDTH="1171.0"
                    HEIGHT="59.0">
            <Shape><Polygon POINTS="78 718 78 736 374 733 396 738 403 739 404 739 405 739 421 738 469 733 534 738 550 739 552 739 553 739 554 739 555 738 566 733 663 733 685 739 688 739 689 739 690 739 698 739 737 733 783 739 790 739 792 739 801 739 861 733 871 739 873 739 874 739 875 740 1063 740 1063 739 1064 739 1092 733 1174 739 1177 739 1178 739 1180 739 1199 733 1246 739 1249 718 1248 689 1110 681 1109 681 1055 688 1052 688 1050 688 1010 681 911 681 910 681 909 681 894 688 893 688 889 688 850 681 780 681 779 681 778 681 776 681 769 688 766 688 748 688 631 681 630 681 552 686 534 688 518 686 463 681 462 681 460 681 444 686 439 688 419 686 353 681 351 681 78 685 78 718"/></Shape>
	    <String CONTENT="pide al ermitaño que tenga á bien escucharla, pues deseaba, para"
                    HPOS="78.0"
                    VPOS="681.0"
                    WIDTH="1171.0"
                    HEIGHT="59.0"></String>
          </TextLine>

          
          
          <TextLine ID="line_13"
                    TAGREFS="LT83"
                    BASELINE="79 765 1248 765" 
                    HPOS="79.0"
                    VPOS="726.0"
                    WIDTH="1169.0"
                    HEIGHT="62.0">
            <Shape><Polygon POINTS="79 765 79 778 138 788 139 788 255 779 260 779 267 779 344 785 345 785 346 785 364 779 365 779 367 779 386 788 387 788 389 788 390 788 416 780 440 788 441 788 442 788 504 781 520 788 521 788 522 788 523 788 546 780 550 779 562 780 603 784 604 784 697 780 738 779 746 780 775 788 776 788 778 788 837 780 855 779 861 780 882 788 883 788 884 788 885 788 900 781 905 779 982 779 987 781 996 788 997 788 998 788 1000 788 1038 781 1055 779 1072 781 1109 788 1110 788 1248 781 1248 765 1248 733 590 726 589 726 522 733 517 733 512 733 412 726 410 726 409 726 396 733 395 734 238 734 237 733 205 726 204 726 202 726 201 726 191 733 191 734 79 734 79 765"/></Shape>
	    <String CONTENT="tranquilizar su espíritu, revelarle ciertos secretos que oprimian"
                    HPOS="79.0"
                    VPOS="726.0"
                    WIDTH="1169.0"
                    HEIGHT="62.0"></String>
          </TextLine>

          
          
          <TextLine ID="line_14"
                    TAGREFS="LT83"
                    BASELINE="79 811 303 807" 
                    HPOS="78.0"
                    VPOS="774.0"
                    WIDTH="225.0"
                    HEIGHT="48.0">
            <Shape><Polygon POINTS="79 811 79 822 301 819 303 807 300 783 220 774 219 774 218 774 196 781 190 783 183 780 161 774 160 774 159 774 78 779 79 811"/></Shape>
	    <String CONTENT="su corazon."
                    HPOS="78.0"
                    VPOS="774.0"
                    WIDTH="225.0"
                    HEIGHT="48.0"></String>
          </TextLine>

          
          
          <TextLine ID="line_16"
                    TAGREFS="LT83"
                    BASELINE="143 856 1249 851" 
                    HPOS="142.0"
                    VPOS="808.0"
                    WIDTH="1107.0"
                    HEIGHT="66.0">
            <Shape><Polygon POINTS="143 856 143 869 436 874 437 874 500 870 549 867 572 870 598 874 599 874 600 874 602 874 606 870 612 867 657 870 690 873 692 873 704 871 731 866 749 871 756 873 757 873 758 874 758 873 760 873 766 871 783 866 794 871 798 873 799 873 801 874 955 874 955 873 982 871 1081 865 1100 871 1101 871 1102 873 1248 873 1249 851 1246 820 1153 820 1151 819 1141 812 1140 812 1138 812 1137 812 1136 812 1135 812 1126 819 1124 820 1034 820 1029 819 975 808 974 808 933 817 921 810 920 810 919 810 865 810 864 810 862 810 861 810 848 817 844 820 833 817 799 810 798 810 797 810 783 817 779 819 772 817 743 810 742 810 740 810 739 810 738 810 728 817 724 820 716 817 697 810 695 810 694 810 693 810 676 816 665 822 589 822 562 816 534 811 532 811 508 816 484 821 459 816 437 811 436 811 324 812 323 812 314 815 290 822 142 815 143 856"/></Shape>
	    <String CONTENT="Estando Matilde haciendo su confesion al cenobita, se presen-"
                    HPOS="142.0"
                    VPOS="808.0"
                    WIDTH="1107.0"
                    HEIGHT="66.0"></String>
          </TextLine>

          
          
          <TextLine ID="line_17"
                    TAGREFS="LT83"
                    BASELINE="82 900 1250 897" 
                    HPOS="80.0"
                    VPOS="858.0"
                    WIDTH="1170.0"
                    HEIGHT="56.0">
            <Shape><Polygon POINTS="82 900 82 914 1249 912 1250 897 1246 865 1114 867 1096 865 1063 858 1061 858 1060 858 1040 865 1031 867 1024 865 1010 858 1009 858 964 858 963 858 910 865 888 867 879 865 860 858 859 858 857 858 856 858 841 865 834 867 812 865 772 861 771 861 706 865 674 867 666 866 652 861 651 861 649 861 622 866 604 869 576 866 522 860 521 860 491 866 478 869 475 866 466 860 464 860 463 860 462 860 460 860 445 866 441 867 436 866 412 860 410 860 409 860 408 860 407 860 396 866 391 870 351 870 346 866 336 860 335 860 333 860 205 860 204 860 202 860 182 866 175 870 127 870 123 867 109 860 107 860 106 860 105 860 80 866 82 900"/></Shape>
	    <String CONTENT="tó una horda feroz de beduinos, los cuales ya habian dado la muer-"
                    HPOS="80.0"
                    VPOS="858.0"
                    WIDTH="1170.0"
                    HEIGHT="56.0"></String>
          </TextLine>

          
          
          <TextLine ID="line_18"
                    TAGREFS="LT83"
                    BASELINE="83 946 1253 943" 
                    HPOS="82.0"
                    VPOS="905.0"
                    WIDTH="1171.0"
                    HEIGHT="56.0">
            <Shape><Polygon POINTS="83 946 83 961 1251 961 1253 943 1250 915 1197 907 1196 907 1195 907 1176 915 910 915 866 905 865 905 864 905 862 905 847 915 767 915 703 905 702 905 701 905 662 916 586 916 562 906 561 906 559 906 558 906 538 915 477 906 476 906 421 915 358 906 139 906 138 906 137 906 136 906 123 915 93 908 92 908 91 908 89 908 82 914 83 946"/></Shape>
	    <String CONTENT="te á muchos caballeros de la comitiva, y se disponian á cojer á la"
                    HPOS="82.0"
                    VPOS="905.0"
                    WIDTH="1171.0"
                    HEIGHT="56.0"></String>
          </TextLine>

          
          
          <TextLine ID="line_19"
                    TAGREFS="LT83"
                    BASELINE="83 992 1253 988" 
                    HPOS="82.0"
                    VPOS="951.0"
                    WIDTH="1171.0"
                    HEIGHT="63.0">
            <Shape><Polygon POINTS="83 992 84 1014 115 1006 369 1012 371 1012 477 1005 514 1011 516 1011 593 1005 835 1011 837 1011 838 1011 871 1004 915 1010 916 1010 1027 1004 1049 1010 1050 1010 1051 1011 1180 1011 1180 1010 1181 1010 1182 1010 1191 1004 1250 1010 1253 988 1250 960 1194 960 1192 959 1181 951 1180 951 1178 951 1177 951 1131 959 1128 960 1005 960 1002 959 980 951 979 951 978 951 977 951 963 959 961 959 952 957 911 953 910 953 874 957 853 960 838 957 808 952 807 952 775 957 756 960 699 957 618 952 617 952 616 952 606 956 598 961 534 961 503 956 473 952 472 952 454 956 428 962 390 962 381 956 378 953 377 953 376 953 374 953 319 955 163 961 82 955 83 992"/></Shape>
	    <String CONTENT="jóven, cuando el ermitaño, poniéndose delante de ella con semblan-"
                    HPOS="82.0"
                    VPOS="951.0"
                    WIDTH="1171.0"
                    HEIGHT="63.0"></String>
          </TextLine>

          
          
          <TextLine ID="line_20"
                    TAGREFS="LT83"
                    BASELINE="83 1037 1253 1033" 
                    HPOS="82.0"
                    VPOS="996.0"
                    WIDTH="1171.0"
                    HEIGHT="56.0">
            <Shape><Polygon POINTS="83 1037 83 1051 1250 1052 1253 1033 1250 1005 1005 1005 959 996 957 996 956 996 925 1004 907 996 906 996 905 996 839 1005 833 1005 803 1005 485 997 484 997 436 1005 428 1006 422 1005 398 998 396 998 395 998 355 1005 346 1006 338 1005 297 998 296 998 295 998 278 1005 274 1006 269 1005 238 998 237 998 82 1005 83 1037"/></Shape>
	    <String CONTENT="te airado y lleno de un espíritu divino, esclama con voz atronado-"
                    HPOS="82.0"
                    VPOS="996.0"
                    WIDTH="1171.0"
                    HEIGHT="56.0"></String>
          </TextLine>

          
          
          <TextLine ID="line_21"
                    TAGREFS="LT83"
                    BASELINE="83 1083 1257 1083" 
                    HPOS="83.0"
                    VPOS="1045.0"
                    WIDTH="1174.0"
                    HEIGHT="59.0">
            <Shape><Polygon POINTS="83 1083 83 1095 147 1102 148 1102 205 1096 210 1096 215 1096 273 1102 274 1102 354 1097 373 1096 394 1097 472 1102 473 1102 475 1102 491 1097 499 1096 508 1097 531 1102 532 1102 573 1099 595 1096 606 1099 621 1102 622 1102 624 1102 675 1099 711 1096 738 1099 767 1102 769 1102 788 1099 807 1096 817 1100 825 1102 826 1102 828 1104 828 1102 829 1102 837 1100 847 1096 1255 1101 1257 1083 1255 1045 1194 1054 1123 1054 1108 1045 1106 1045 1105 1045 1104 1045 1082 1046 964 1052 954 1046 951 1045 950 1045 948 1045 947 1045 888 1047 789 1051 781 1047 778 1045 776 1045 775 1045 679 1045 677 1045 676 1045 675 1045 670 1048 662 1054 544 1054 525 1050 493 1045 491 1045 460 1050 446 1052 442 1050 435 1045 434 1045 432 1045 365 1045 364 1045 363 1045 346 1051 341 1052 333 1051 300 1045 299 1045 297 1045 285 1051 281 1054 227 1054 225 1052 209 1045 208 1045 206 1045 83 1052 83 1083"/></Shape>
	    <String CONTENT="ra: ¡temerarios, deteneos! porque juro por el Dios supremo, que el"
                    HPOS="83.0"
                    VPOS="1045.0"
                    WIDTH="1174.0"
                    HEIGHT="59.0"></String>
          </TextLine>

          
          
          <TextLine ID="line_22"
                    TAGREFS="LT83"
                    BASELINE="86 1129 1253 1129" 
                    HPOS="86.0"
                    VPOS="1091.0"
                    WIDTH="1167.0"
                    HEIGHT="55.0">
            <Shape><Polygon POINTS="86 1129 86 1146 1253 1146 1253 1129 1253 1099 1182 1091 1181 1091 1180 1091 1163 1097 1154 1091 1153 1091 1151 1091 1150 1091 945 1097 928 1091 927 1091 799 1091 798 1091 797 1091 778 1097 695 1091 694 1091 653 1097 644 1091 643 1091 642 1091 566 1091 564 1091 563 1091 562 1091 552 1099 386 1099 372 1091 371 1091 369 1091 368 1091 342 1099 86 1099 86 1129"/></Shape>
	    <String CONTENT="primero de vosotros cuya sacríliga audacia ose tocar á esta virgen,"
                    HPOS="86.0"
                    VPOS="1091.0"
                    WIDTH="1167.0"
                    HEIGHT="55.0"></String>
          </TextLine>

          
          
          <TextLine ID="line_23"
                    TAGREFS="LT83"
                    BASELINE="88 1170 1251 1174" 
                    HPOS="87.0"
                    VPOS="1131.0"
                    WIDTH="1164.0"
                    HEIGHT="63.0">
            <Shape><Polygon POINTS="471 1131 469 1131 423 1137 399 1131 398 1131 396 1131 395 1131 394 1131 382 1138 380 1138 287 1131 286 1131 88 1137 88 1170 87 1185 936 1194 937 1194 1250 1187 1251 1174 1250 1142 1093 1133 1092 1133 1032 1141 1028 1141 1027 1141 1011 1133 1010 1133 1009 1133 1007 1133 1006 1133 996 1141 986 1133 984 1133 983 1133 919 1133 918 1133 871 1141 864 1141 855 1140 784 1132 728 1132 726 1132 725 1132 707 1140 701 1140 611 1133 609 1133 570 1140 564 1140 555 1133 554 1133 553 1133 552 1133 507 1140 499 1140 496 1140 472 1131 471 1131"/></Shape>
	    <String CONTENT="será aniquilado al momento. Los beduinos, admirados y atónitos,"
                    HPOS="87.0"
                    VPOS="1131.0"
                    WIDTH="1164.0"
                    HEIGHT="63.0"></String>
          </TextLine>

          
          
          <TextLine ID="line_24"
                    TAGREFS="LT83"
                    BASELINE="88 1218 1255 1215" 
                    HPOS="87.0"
                    VPOS="1177.0"
                    WIDTH="1168.0"
                    HEIGHT="63.0">
            <Shape><Polygon POINTS="88 1218 88 1238 157 1232 195 1238 206 1240 208 1240 219 1238 252 1232 398 1232 413 1237 423 1240 425 1240 426 1240 531 1238 532 1238 534 1238 538 1236 544 1232 640 1235 763 1238 765 1238 766 1238 776 1233 780 1232 796 1233 835 1238 837 1238 838 1238 848 1233 855 1231 901 1231 906 1233 918 1238 919 1238 920 1238 1000 1232 1007 1232 1014 1232 1100 1238 1101 1238 1102 1238 1126 1231 1127 1231 1128 1231 1140 1237 1141 1237 1142 1237 1254 1229 1255 1215 1253 1188 969 1188 876 1177 875 1177 833 1186 803 1178 802 1178 801 1178 799 1178 763 1188 695 1188 672 1177 671 1177 670 1177 490 1181 489 1181 466 1188 466 1190 423 1190 423 1188 391 1178 390 1178 389 1178 322 1186 296 1179 295 1179 294 1179 292 1179 258 1188 229 1178 228 1178 129 1178 128 1178 127 1178 87 1188 88 1218"/></Shape>
	    <String CONTENT="se detienen, sofocan su ferocidad y quedan suspensos por un mo-"
                    HPOS="87.0"
                    VPOS="1177.0"
                    WIDTH="1168.0"
                    HEIGHT="63.0"></String>
          </TextLine>

          
          
          <TextLine ID="line_25"
                    TAGREFS="LT83"
                    BASELINE="88 1263 1258 1263" 
                    HPOS="88.0"
                    VPOS="1227.0"
                    WIDTH="1170.0"
                    HEIGHT="54.0">
            <Shape><Polygon POINTS="88 1263 88 1281 1258 1276 1258 1263 1257 1232 1109 1235 1095 1232 1072 1227 1070 1227 1069 1227 1049 1232 1041 1233 1032 1232 1004 1227 1002 1227 973 1232 957 1236 654 1236 642 1233 602 1227 600 1227 568 1233 558 1235 548 1233 508 1227 507 1227 464 1233 455 1235 454 1233 445 1227 444 1227 442 1227 335 1227 333 1227 301 1233 297 1235 292 1233 264 1227 263 1227 104 1227 102 1227 101 1227 88 1233 88 1263"/></Shape>
	    <String CONTENT="mento. Sin embargo, no tardaron en tomar una actitud amenaza-"
                    HPOS="88.0"
                    VPOS="1227.0"
                    WIDTH="1170.0"
                    HEIGHT="54.0"></String>
          </TextLine>

          
          
          <TextLine ID="line_26"
                    TAGREFS="LT83"
                    BASELINE="88 1306 1259 1309" 
                    HPOS="87.0"
                    VPOS="1274.0"
                    WIDTH="1172.0"
                    HEIGHT="54.0">
            <Shape><Polygon POINTS="88 1306 87 1318 124 1327 125 1327 127 1327 148 1321 184 1327 186 1327 359 1321 360 1321 363 1321 458 1327 459 1327 594 1322 624 1321 633 1322 672 1328 674 1328 1258 1324 1259 1309 1259 1274 88 1274 88 1306"/></Shape>
	    <String CONTENT="dora, y cuando comenzaban á desterrar la piedad continuando su"
                    HPOS="87.0"
                    VPOS="1274.0"
                    WIDTH="1172.0"
                    HEIGHT="54.0"></String>
          </TextLine>

          
          
          <TextLine ID="line_27"
                    TAGREFS="LT83"
                    BASELINE="89 1354 1262 1354" 
                    HPOS="89.0"
                    VPOS="1317.0"
                    WIDTH="1173.0"
                    HEIGHT="60.0">
            <Shape><Polygon POINTS="89 1354 89 1371 498 1377 499 1377 500 1377 521 1371 566 1377 567 1377 568 1377 570 1377 581 1369 588 1369 656 1377 657 1377 658 1377 675 1369 679 1368 816 1368 819 1369 834 1376 835 1376 837 1376 893 1368 901 1368 910 1368 973 1377 974 1377 975 1377 1001 1369 1141 1375 1142 1375 1144 1375 1145 1375 1154 1368 1155 1368 1262 1368 1262 1354 1262 1324 1233 1318 1232 1318 1231 1318 1230 1318 1206 1324 1205 1324 1201 1324 1069 1317 1068 1317 1067 1317 1065 1317 1056 1323 1054 1326 942 1326 911 1323 835 1317 834 1317 833 1317 823 1322 816 1324 796 1322 769 1318 767 1318 766 1318 753 1322 740 1324 725 1321 704 1317 703 1317 683 1321 670 1323 654 1321 633 1317 423 1317 422 1317 421 1317 419 1317 417 1319 407 1326 133 1326 89 1317 89 1354"/></Shape>
	    <String CONTENT="horroroso intento, se arroja en medio de ellos un guerrero que con"
                    HPOS="89.0"
                    VPOS="1317.0"
                    WIDTH="1173.0"
                    HEIGHT="60.0"></String>
          </TextLine>

          
          
          <TextLine ID="line_28"
                    TAGREFS="LT83"
                    BASELINE="91 1402 1260 1395" 
                    HPOS="89.0"
                    VPOS="1359.0"
                    WIDTH="1171.0"
                    HEIGHT="62.0">
            <Shape><Polygon POINTS="91 1402 91 1414 283 1421 285 1421 337 1414 345 1414 350 1414 382 1421 383 1421 385 1421 386 1421 395 1414 396 1414 462 1414 467 1414 502 1421 503 1421 504 1421 521 1414 522 1414 525 1414 552 1421 553 1421 581 1414 590 1413 617 1414 698 1419 699 1419 753 1414 770 1413 1259 1413 1260 1395 1258 1368 1060 1359 1059 1359 987 1367 972 1368 956 1367 900 1360 898 1360 860 1367 848 1368 835 1367 793 1360 792 1360 762 1367 752 1368 733 1367 689 1362 688 1362 686 1362 685 1362 679 1367 672 1371 557 1371 89 1366 91 1402"/></Shape>
	    <String CONTENT="la cimitarra sangrienta, ojos centelleantes y mirada furibunda, aco-"
                    HPOS="89.0"
                    VPOS="1359.0"
                    WIDTH="1171.0"
                    HEIGHT="62.0"></String>
          </TextLine>

          
          
          <TextLine ID="line_29"
                    TAGREFS="LT83"
                    BASELINE="92 1445 1259 1441" 
                    HPOS="91.0"
                    VPOS="1407.0"
                    WIDTH="1168.0"
                    HEIGHT="52.0">
            <Shape><Polygon POINTS="92 1445 92 1459 1258 1455 1259 1441 1257 1413 885 1407 884 1407 883 1407 862 1414 861 1414 850 1414 730 1408 729 1408 692 1414 594 1408 593 1408 398 1416 127 1409 125 1409 91 1417 92 1445"/></Shape>
	    <String CONTENT="mete á los árabes con un valor increible, haciendo de ellos una es-"
                    HPOS="91.0"
                    VPOS="1407.0"
                    WIDTH="1168.0"
                    HEIGHT="52.0"></String>
          </TextLine>

          
          
          <TextLine ID="line_30"
                    TAGREFS="LT83"
                    BASELINE="88 1489 1254 1491" 
                    HPOS="88.0"
                    VPOS="1450.0"
                    WIDTH="1166.0"
                    HEIGHT="58.0">
            <Shape><Polygon POINTS="88 1489 88 1508 1253 1507 1254 1491 1253 1459 1085 1452 1083 1452 1058 1457 1051 1458 1045 1457 1016 1452 1015 1452 770 1455 624 1457 617 1454 611 1450 609 1450 608 1450 607 1450 594 1454 581 1457 562 1453 544 1450 543 1450 473 1453 367 1457 349 1452 344 1450 342 1450 341 1450 332 1452 305 1457 252 1452 241 1450 240 1450 238 1450 236 1450 220 1457 202 1450 201 1450 200 1450 199 1450 191 1450 132 1457 88 1450 88 1489"/></Shape>
	    <String CONTENT="ppantosa matanza, y se abre paso hasta llegar  á la princesa."
                    HPOS="88.0"
                    VPOS="1450.0"
                    WIDTH="1166.0"
                    HEIGHT="58.0"></String>
          </TextLine>

          
          
          <TextLine ID="line_31"
                    TAGREFS="LT83"
                    BASELINE="147 1535 571 1539" 
                    HPOS="144.0"
                    VPOS="1496.0"
                    WIDTH="426.0"
                    HEIGHT="58.0">
            <Shape><Polygon POINTS="146 1534 144 1548 566 1554 570 1538 568 1500 146 1496 146 1534"/></Shape>
	    <String CONTENT="Este era Malek-Adhel."
                    HPOS="144.0"
                    VPOS="1496.0"
                    WIDTH="426.0"
                    HEIGHT="58.0"></String>
          </TextLine>

          
          
          <TextLine ID="line_32"
                    TAGREFS="LT83"
                    BASELINE="166 1579 183 1580 1263 1580" 
                    HPOS="163.0"
                    VPOS="1536.0"
                    WIDTH="1099.0"
                    HEIGHT="64.0">
            <Shape><Polygon POINTS="568 1538 549 1538 530 1538 510 1538 491 1538 472 1538 453 1538 433 1538 414 1538 395 1538 375 1538 362 1536 165 1536 165 1577 163 1598 1258 1600 1262 1579 1260 1540 568 1536 568 1538"/></Shape>
	    <String CONTENT="Entonces sin decir una palabra, coje á Matilde entre sus bra-"
                    HPOS="163.0"
                    VPOS="1536.0"
                    WIDTH="1099.0"
                    HEIGHT="64.0"></String>
          </TextLine>

          
          
          <TextLine ID="line_33"
                    TAGREFS="LT83"
                    BASELINE="95 1626 1266 1626" 
                    HPOS="95.0"
                    VPOS="1589.0"
                    WIDTH="1171.0"
                    HEIGHT="53.0">
            <Shape><Polygon POINTS="95 1626 95 1642 1264 1642 1266 1626 1264 1597 613 1589 612 1589 584 1592 545 1595 517 1592 502 1589 500 1589 489 1592 466 1595 436 1590 423 1589 422 1589 421 1589 414 1590 394 1595 358 1590 346 1589 345 1589 331 1590 276 1595 249 1589 245 1589 243 1589 242 1589 241 1589 229 1597 155 1597 95 1589 95 1626"/></Shape>
	    <String CONTENT="zos, y con una rapidez sin igual se la lleva desmayada, la pone so-"
                    HPOS="95.0"
                    VPOS="1589.0"
                    WIDTH="1171.0"
                    HEIGHT="53.0"></String>
          </TextLine>

          
          
          <TextLine ID="line_34"
                    TAGREFS="LT83"
                    BASELINE="93 1672 1268 1670" 
                    HPOS="92.0"
                    VPOS="1639.0"
                    WIDTH="1176.0"
                    HEIGHT="50.0">
            <Shape><Polygon POINTS="93 1672 93 1687 1266 1689 1268 1670 1266 1639 92 1639 93 1672"/></Shape>
	    <String CONTENT="bre un soberbio caballo, se coloca detras de ella, la abraza con una"
                    HPOS="92.0"
                    VPOS="1639.0"
                    WIDTH="1176.0"
                    HEIGHT="50.0"></String>
          </TextLine>

          
          
          <TextLine ID="line_35"
                    TAGREFS="LT83"
                    BASELINE="88 1716 1267 1716" 
                    HPOS="88.0"
                    VPOS="1679.0"
                    WIDTH="1179.0"
                    HEIGHT="58.0">
            <Shape><Polygon POINTS="88 1716 88 1731 1266 1737 1267 1716 1267 1685 1050 1679 1049 1679 1047 1679 1025 1685 1023 1685 1022 1685 1010 1679 1009 1679 1007 1679 966 1685 961 1685 952 1679 951 1679 950 1679 948 1679 731 1685 712 1685 707 1685 657 1679 656 1679 608 1685 606 1685 603 1685 572 1679 571 1679 539 1685 536 1685 534 1685 467 1679 466 1679 398 1685 396 1685 383 1679 382 1679 245 1679 243 1679 242 1679 228 1685 228 1687 177 1687 146 1687 127 1679 125 1679 124 1679 88 1685 88 1716"/></Shape>
	    <String CONTENT="mano, y huye seguido de unos cuantos guerreros que le acompa-"
                    HPOS="88.0"
                    VPOS="1679.0"
                    WIDTH="1179.0"
                    HEIGHT="58.0"></String>
          </TextLine>

          
          
          <TextLine ID="line_36"
                    TAGREFS="LT83"
                    BASELINE="89 1760 613 1761" 
                    HPOS="86.0"
                    VPOS="1723.0"
                    WIDTH="525.0"
                    HEIGHT="60.0">
            <Shape><Polygon POINTS="88 1758 86 1777 607 1783 611 1760 609 1723 88 1723 88 1758"/></Shape>
	    <String CONTENT="ñaron al salir del Cairo (1)."
                    HPOS="86.0"
                    VPOS="1723.0"
                    WIDTH="525.0"
                    HEIGHT="60.0"></String>
          </TextLine>

          
          
          <TextLine ID="line_37"
                    TAGREFS="LT83"
                    BASELINE="164 1806 1271 1808" 
                    HPOS="163.0"
                    VPOS="1769.0"
                    WIDTH="1108.0"
                    HEIGHT="52.0">
            <Shape><Polygon POINTS="164 1806 163 1819 1268 1821 1271 1808 1271 1778 1206 1770 1038 1770 1037 1770 1036 1770 1014 1776 1010 1776 961 1775 694 1769 593 1769 591 1769 590 1769 589 1769 582 1774 580 1775 575 1774 558 1769 557 1769 555 1769 554 1769 540 1774 535 1775 529 1774 511 1769 509 1769 508 1769 453 1774 426 1775 164 1773 164 1806"/></Shape>
	    <String CONTENT="Pero estos, rendidos de la infinita fatiga y la consternacion que"
                    HPOS="163.0"
                    VPOS="1769.0"
                    WIDTH="1108.0"
                    HEIGHT="52.0"></String>
          </TextLine>

          
          
          <TextLine ID="line_38"
                    TAGREFS="LT83"
                    BASELINE="91 1850 1273 1853" 
                    HPOS="89.0"
                    VPOS="1815.0"
                    WIDTH="1184.0"
                    HEIGHT="56.0">
            <Shape><Polygon POINTS="91 1850 89 1862 124 1870 125 1871 1272 1871 1273 1853 1273 1823 91 1815 91 1850"/></Shape>
	    <String CONTENT="sentian por los peligros que les amenazaban, se rebelaron contra"
                    HPOS="89.0"
                    VPOS="1815.0"
                    WIDTH="1184.0"
                    HEIGHT="56.0"></String>
          </TextLine>

          
          
          <TextLine ID="line_39"
                    TAGREFS="LT83"
                    BASELINE="101 1900 1272 1897" 
                    HPOS="100.0"
                    VPOS="1859.0"
                    WIDTH="1172.0"
                    HEIGHT="56.0">
            <Shape><Polygon POINTS="101 1900 101 1914 1269 1915 1272 1897 1269 1866 847 1859 846 1859 844 1859 830 1866 733 1866 694 1859 693 1859 656 1866 631 1860 630 1860 629 1860 431 1866 111 1860 110 1860 109 1860 107 1860 100 1864 101 1900"/></Shape>
	    <String CONTENT="Malek-Adhel, y se negaron á participar de sus infortunios. No con-"
                    HPOS="100.0"
                    VPOS="1859.0"
                    WIDTH="1172.0"
                    HEIGHT="56.0"></String>
          </TextLine>

          
          
          <TextLine ID="line_40"
                    TAGREFS="LT83"
                    BASELINE="101 1946 1273 1942" 
                    HPOS="100.0"
                    VPOS="1905.0"
                    WIDTH="1173.0"
                    HEIGHT="59.0">
            <Shape><Polygon POINTS="101 1946 101 1964 1272 1956 1273 1942 1271 1914 1115 1914 1115 1912 1099 1906 1097 1906 1096 1906 1047 1912 1045 1912 1042 1912 1005 1905 1004 1905 864 1912 826 1915 708 1915 703 1912 688 1906 686 1906 513 1906 512 1906 511 1906 491 1911 482 1914 476 1911 466 1907 464 1907 463 1907 400 1911 358 1914 353 1911 347 1907 346 1907 345 1907 273 1907 272 1907 270 1907 258 1911 242 1915 217 1911 195 1907 193 1907 170 1911 141 1915 100 1911 101 1946"/></Shape>
	    <String CONTENT="tentos con esto, pretendian sacrificar en su furor á la princesa de"
                    HPOS="100.0"
                    VPOS="1905.0"
                    WIDTH="1173.0"
                    HEIGHT="59.0"></String>
          </TextLine>

          
          
          <TextLine ID="line_41"
                    TAGREFS="LT83"
                    BASELINE="98 1991 1273 1991" 
                    HPOS="98.0"
                    VPOS="1951.0"
                    WIDTH="1175.0"
                    HEIGHT="55.0">
            <Shape><Polygon POINTS="98 1991 98 2005 1272 2006 1273 1991 1273 1957 446 1951 445 1951 398 1957 327 1951 326 1951 272 1957 263 1951 261 1951 260 1951 114 1951 112 1951 111 1951 98 1957 98 1991"/></Shape>
	    <String CONTENT="Inglaterra, orígen de tantos maleso. Pero apenas el impetuoso"
                    HPOS="98.0"
                    VPOS="1951.0"
                    WIDTH="1175.0"
                    HEIGHT="55.0"></String>
          </TextLine>

          
        </TextBlock>
        
        <TextBlock HPOS="87.0"
                   VPOS="2071.0"
                   WIDTH="1198.0"
                   HEIGHT="112.0"
                   ID="block_2"
                   TAGREFS="BT229">
          <Shape><Polygon POINTS="1285 2071 1285 2183 87 2183 87 2071"/></Shape>
          
          
          <TextLine ID="line_45"
                    TAGREFS="LT83"
                    BASELINE="156 2140 1027 2136" 
                    HPOS="152.0"
                    VPOS="2085.0"
                    WIDTH="873.0"
                    HEIGHT="77.0">
            <Shape><Polygon POINTS="154 2139 154 2160 497 2153 535 2160 543 2162 545 2162 553 2160 603 2151 1021 2160 1025 2135 1021 2087 152 2085 154 2139"/></Shape>
	    <String CONTENT="(1)  Véase el grabado que va al frente de esta historia."
                    HPOS="152.0"
                    VPOS="2085.0"
                    WIDTH="873.0"
                    HEIGHT="77.0"></String>
          </TextLine>

          
        </TextBlock>
        

        
      </PrintSpace>
    </Page>
  </Layout>
</alto>
