1422 2300
675.0 120.0 162.0 64.0 — 22—

158.0 171.0 1173.0 52.0 y Lusiñan. Pronto echó este de ver la presencia del príncipe; le

157.0 214.0 1174.0 59.0 llama á grandes voces provocándole á un combate particular. El

158.0 263.0 1174.0 57.0 héroe oye el desafio de Lusiñan, pero no le responde, porque se ha

156.0 307.0 1175.0 58.0 propuesto evitar toda querella particular, á fin de no abandonar el

157.0 357.0 1175.0 54.0 campo de batalla antes de conseguir la victoria y permanecer fiel

156.0 399.0 1176.0 50.0 á su deber. Lusiñan se encarniza en perseguirle, y siempre deni-

157.0 444.0 1176.0 58.0 grándole con los términos mas injuriosos: el soberbio guerrero de-

158.0 498.0 1178.0 55.0 vora largo tiempo en silencio aquellos ultrajes, pero al fin ya no pue-

153.0 535.0 1182.0 65.0 de contener la cólera, y le dice: ven, Lusiñan, apresurémonos á

153.0 582.0 1182.0 53.0 estinguir en nuestra sangre el ódio que nos consume. Lusiñan le

150.0 628.0 1181.0 53.0 sigue, pero no solo, porque el escudero no ha olvidado sus órdenes;

154.0 670.0 1182.0 57.0 y llegados á cierta distancia del ejército detrás de un peñasco que

153.0 714.0 1182.0 65.0 los oculta de la vista de todos, Malek-Adhel arroja lejos de sí el es-

150.0 766.0 1186.0 58.0 cudo, y dice á su contrario que se despoje tambien del suyo para

148.0 815.0 1129.0 55.0 acelerar así el instante en que el uno cese de aborrecer al otro.

216.0 853.0 1119.0 59.0 Lusiñan le imita dejando el escudo: sacan las espadas y princi-

150.0 904.0 1185.0 54.0 pian el combate. Jamás ha manifestado Lusiñan tanto valor ni ha

149.0 951.0 1187.0 49.0 tenido tanta confianza en vencer por ver herido á su contrario; pe-

148.0 990.0 1189.0 59.0 ro Malek-Adhel, en vez de desmayar redobla su esfuerzo, y asiendo

148.0 1040.0 1189.0 49.0 la espada con ambas manos descarga con ella tan furioso golpe en

150.0 1082.0 1187.0 61.0 la cabeza de su rival, que hundiéndole el casco por la mitad cae en

148.0 1127.0 1189.0 61.0 tierra cubierto el rostro de sangre. Viendo el príncipe que se ha

150.0 1174.0 1185.0 53.0 quedado con la cabeza descubierta, arroja tambien su casco y es-

149.0 1219.0 1184.0 57.0 pera que su adversario se halle en estado de defensa para volver al

147.0 1262.0 1188.0 55.0 combate; pero apenas Lusiñan recobra el sentido, cuando se arroja

148.0 1309.0 1187.0 55.0 al príncipe, le mete la espada por el costado con tal rapidez, que

148.0 1353.0 1187.0 60.0 el héroe no tuvo tiempo de parar el golpe, y al punto de su ancha

148.0 1396.0 1187.0 59.0 herida sale la sangre á borbotones. ¡Ay Matilde! esclama el prínci-

149.0 1447.0 1186.0 53.0 pe al verse á su vez herido: ¡con cuánto gusto derramaria mi san-

149.0 1487.0 1186.0 64.0 gre si fuera por vengarte! Lusiñan va á redoblar los golpes, pero

149.0 1542.0 1184.0 52.0 reuniendo Malek-Adhel sus fuerzas, é indignado de que la lucha sea

150.0 1580.0 1182.0 59.0 desigual, y deseando terminar el combate ó morir, deja la espada,

149.0 1622.0 1186.0 64.0 saca el puñal, se precipita sobre Lusiñan, y de una puñalada le ha-

150.0 1671.0 1185.0 59.0 ce caer exánime en tierra. El escudero que vió en tierra á su amo,

149.0 1717.0 1186.0 56.0 corre á echarse sobre el héroe y le mete la espada por la garganta.

153.0 1759.0 1187.0 59.0 Malek-Adhel, sorprendido, se vuelve para vengarse, pero debilitado

150.0 1805.0 1188.0 61.0 por sus heridas, cierra los ojos, pronuncia todavía con voz moribun-

152.0 1856.0 1186.0 60.0 da el nombre de Matilde y cae tendido al suelo que baña con su

151.0 1895.0 150.0 60.0 sangre.

212.0 1938.0 1128.0 59.0 El escudero de Lusiñan, horrorizado él mismo de aquel espec-

157.0 1989.0 1185.0 57.0 táculo, no puede creer que haya sido víctima suya un guerrero tan

156.0 2029.0 1187.0 62.0 célebre; le estremece la sombra de Malek-Adhel; desea alejarse de

156.0 2080.0 1184.0 73.0 aquel sitio espantoso, pero quiere llevarse el cuerpo de su amo, y
