1418 2313
708.0 116.0 157.0 57.0 — 6 —

187.0 165.0 1170.0 59.0 seno, era cuando las dos princesas bajaban á los parterres á contar-

187.0 213.0 940.0 56.0 se sus mútuas penas y á consolarse tambien juntas.

203.0 257.0 1155.0 59.0 Una de las bellas tardes en que unidas bajaban á las florestas

188.0 307.0 1172.0 55.0 al lado de una deliclosa cascada que caía arrojando su brillante es-

188.0 350.0 1172.0 59.0 puma sobre la tapizada alfombra de hermosas azucenas, y en su fon-

188.0 394.0 1167.0 57.0 do un airoso kiosco que ostentaba en su magnifica cúpula de oro y

188.0 440.0 1170.0 59.0 azul la triunfante media luna, vieron que se dirigia hácia ellas uña

194.0 484.0 1162.0 58.0 esclava. Movidas de un impulso de curiosidad al verla desolada y

192.0 537.0 1166.0 48.0 triste, se acercaron á ella y la dijeron, que cuál era el motivo de su

190.0 576.0 1174.0 60.0 pesar. Ilustres princesas, las dijo, aprovechándonos mi señora y yo

188.0 620.0 1169.0 55.0 de la confusion que reina en el harem, me he adelantado por man-

188.0 666.0 1169.0 56.0 dato de mi ama para manifestaros que esta desea hablar con  vos-

190.0 711.0 1168.0 57.0 otras, escelsas priñcesas, para lo cual no espera mas que vuestro

191.0 759.0 1169.0 53.0 consentimiento. Accedieron á su peticion as princesas, y pronto

194.0 804.0 1162.0 55.0 vieron aparecer ante ellas una mujer, bella como una hurí del pa-

194.0 850.0 1155.0 57.0 raiso; los cabellos flotantes ; ondeando alrededor de su cara y

192.0 902.0 1165.0 48.0 espaldas, formaban una aureola que rivalizaban con la magnífica

192.0 940.0 1160.0 61.0 pedrería qque caia magestuosamente sobre su pecho; sin embargo,

192.0 985.0 1163.0 54.0 á pesar de su hermosura y de tantos adornos, una mezcla de tris-

195.0 1031.0 1163.0 54.0 teza y recogimiento cubrian sus bellas facciones, mas esplendentes

192.0 1076.0 891.0 61.0 aun por esta capa de melancolía que demostraba.

218.0 1117.0 1139.0 58.0 Era esta mujer, Inés, la desgraciada hija de Amaury, tan céle-

195.0 1164.0 1158.0 59.0 bre en el Oriente por su belleza, que hallándose en Jerusalen con

194.0 1213.0 1159.0 52.0 su padre el dia en que fue tomada esta ciudad por Malek-Adhel,

192.0 1256.0 1163.0 63.0 que siendo este el primero que enarboló sobre sus murallas las in-

194.0 1306.0 1162.0 54.0 signias de la media luna, y en medio de la mas horrrible carni-

194.0 1349.0 1161.0 52.0 cería hizo brillar unas virtudes desconocidas en aquel siglo, sal-

196.0 1398.0 1160.0 48.0 vando la vida á unos y libertando á otros infelices del furor de

194.0 1440.0 1161.0 54.0 sus soldados, cuyas heróicas acciones, observadas por la jóven Inés,

195.0 1485.0 1162.0 58.0 fueron el foco que encendió las primeras chispas de su vehemente

194.0 1529.0 1162.0 60.0 pasion hácia el príncipe, y abandonando su fé, la desgraciada, se

192.0 1576.0 1164.0 58.0 hizo esclava de quien habia sido su mas encarnizado enemigo. Es-

192.0 1629.0 1165.0 53.0 te, viendo el amor que le profesaba Inés, la hizo su esposa; pero

194.0 1667.0 1163.0 57.0 como aquel no era producido por una verdadera pasion, no tardó

196.0 1711.0 1157.0 55.0 en abandonarla, dejándola en su harem confundida entre las de-

195.0 1761.0 259.0 53.0 mas mujeres.

258.0 1793.0 1097.0 68.0 Pronto los celos penetraron en su corazon al ver que el prínci-

194.0 1847.0 1162.0 62.0 pe, sin hacer caso de ella ni de sus compañeras  preferia el amor

194.0 1894.0 1159.0 61.0 puro y casto que le inspiraba la princesa Matilde. Llegó, por últi-

195.0 1939.0 1160.0 57.0 mo, el dia en que,  aprovechándose  del tumulto que habia en el

192.0 1986.0 1164.0 57.0 harem, pudo evadirse y penetrar por miedio de una puerta secreta

197.0 2032.0 1156.0 58.0 y cubierta con el espeso ramaje al paraje donde se paseaban las
