1410 2296
678.0 118.0 179.0 63.0 — 14—

168.0 181.0 1184.0 52.0 de ser al dia siguiente sin mas dilacion, para no dar lugar á que

170.0 219.0 1180.0 61.0 vinieseis vos, ilustre Malek-Adhel, al socorro de Mechbut, que

167.0 265.0 1181.0 56.0 estaba entonces mandando en áquella ciudad en nombre de vues-

165.0 309.0 1182.0 62.0 tro augusto hermano. Efectivamente, así lo hicimos, y ya sabeis

164.0 362.0 1186.0 51.0 la parte que me cupo en tan gloriosa jornada. Aprovechando yo el

164.0 406.0 1184.0 54.0 fervor de mis ilustres soberanos, les propuse en una audiencia que

167.0 447.0 1180.0 59.0 pedí al dia siguiente, que no era justo que rodeándome tantos va-

165.0 494.0 1181.0 54.0 lientes caballeros se permitiera que vos, escelsa Matilde, estuvié-

164.0 539.0 1180.0 54.0 seis cautiva, pues que aunque os tratasen bien, con todo, no de-

165.0 588.0 1181.0 54.0 jaba de ser una afrenta el permitir vuestra esclavitud. Conocieron

160.0 631.0 1183.0 53.0 lo justo de mi observacion, y dispusieron que se formase un cuer-

164.0 677.0 1175.0 57.0 po de mil caballeros con el nombre de Caballeros de la Virgen, y

162.0 721.0 1180.0 53.0 que yo los mandase, con el objeto de rescataros; ya sea que Malek-

160.0 767.0 1178.0 53.0 Adhel quiera adoptar la fe de Cristo y reunirse á nuestras armas,

163.0 812.0 1179.0 55.0 en cuyo caso Ricardo le ofrece vuestra mano en premio de esta

162.0 858.0 1180.0 54.0 accion, ó de lo contrario mil espadas se levantarán para llevar á

158.0 903.0 1183.0 54.0 cabo nuestra empresa, aunque tuviéramos que perder todos la

162.0 949.0 1175.0 56.0 vida. Pero yo, ilustre príncipe, conozco vuestra generosidad, y

159.0 994.0 1179.0 53.0 habiendo dejado en un sitio bastante apartado de aquí á mis caba-

155.0 1039.0 1184.0 60.0 lleros cristianos, me he adelantado solo para manifestaros mi reso-

159.0 1086.0 1180.0 62.0 lución, la que espero no desairareis,  ilustre príncipe, disponién-

155.0 1125.0 387.0 61.0 doos para la partida.

214.0 1176.0 1119.0 58.0 Turbado se quedó este al ver el motivo de la venida de Joselin,

158.0 1223.0 1179.0 56.0 pero le acompañaba ensu tristeza Matilde, lo cual, observado por

156.0 1266.0 1114.0 59.0 Montmorency, se volviõ hácia la princesa y la dijo:

156.0 1311.0 1183.0 62.0 —Pues qué, señora, ¿rehusareis, por ventura, el acompañarme

153.0 1358.0 1182.0 56.0 al campo de vuestro hermano donde todos os están esperando? por-

153.0 1405.0 1185.0 51.0 que leo en vuestros ojos el pesar  que manifestais al oirme hablar

153.0 1449.0 1184.0 54.0 de esta manera: ¿Qué razon teneis para obrar de este módo? Mani-

151.0 1492.0 659.0 61.0 festadme, señora, vuestra voluntad.

154.0 1538.0 1183.0 58.0 —Sabedlo, héroe francés, le dijo la vírgen; esta tristeza y pesar

151.0 1585.0 1187.0 59.0 que en mí habeis notado, nace del amor que tengo al príncipe Ma-

151.0 1636.0 1183.0 54.0 lek-Adhel y del juramento que le he hecho de no ser de nadie si-

151.0 1679.0 1184.0 53.0 no de Dios ó suya. Solo á vos os lo confio, porque estoy segura de

150.0 1723.0 1184.0 60.0 que, ademas de guardar secreto sobre lo que os he dicho, sabreis

150.0 1769.0 1184.0 58.0 apreciar en su justo valor el motivo demi pesar. En cuanto á mi

158.0 1816.0 1175.0 55.0 viaje, os sigo; pues aunque hago un gran sacrificio, espero que Dios

151.0 1866.0 1182.0 52.0 acojerá esta débil prueba qué le ofrezco, porqne espero de él que se

154.0 1905.0 1143.0 60.0 dignará tocar con su mano el grande corazon de Malek-Adhel.

148.0 1949.0 1185.0 57.0 El príncipe, conmovido por las tiernas palabras de su adorada

145.0 1996.0 1185.0 55.0 Matilde, y obligado por una imperiosa necesidad, cual era la de no

140.0 2042.0 1190.0 56.0 poder permanecer en el Cairo la princesa sin grave esposicion de

137.0 2088.0 1191.0 75.0 su vida por el encono que la profesaban sus habitantes, se resuel-
