1411 2296
566.0 117.0 182.0 67.0 — 15—

71.0 202.0 1171.0 30.0 ve á separarse de ella, y lleno de turbacion se fue á comunicar las

68.0 219.0 1174.0 57.0 órdenes necesarias para el viaje de la princesa. Despues de unas

67.0 269.0 1178.0 53.0 cuantas horas volvió á su presencia, y les dijo: Ya está preparada

70.0 309.0 1176.0 58.0 la litera en que ha de ir Matilde; y vos, Joselin, me permitireis

70.0 354.0 1175.0 58.0 acompañaros con un amigo de mi confianza hasta el paraje en que

70.0 404.0 1164.0 52.0 hallemos á los cáballeros que os esperan.

68.0 443.0 1178.0 63.0 Dispuesto sigilosamente el viaje partieron temiendo el momento

71.0 492.0 1176.0 52.0 de separarse aquellos dos corazones que abrigaban un amor tan pu-

75.0 538.0 1172.0 56.0 ro y casto. Dieron, por último, vista al sitio donde se hallaban los

71.0 581.0 1177.0 54.0 caballeros cristianos; pero estos alarmados al distinguir en el gru-

72.0 633.0 1178.0 54.0 po que formaban Matilde y sus compañeros de viaje, dos sarrace-

72.0 672.0 1178.0 55.0 nos por sus vestiduras, creyeron que venia el enemigo á sorpren-

71.0 718.0 1180.0 54.0 derlos, y al momento empuñaron las lanzas; pero Joselin les salió

72.0 765.0 433.0 59.0 al encuentro y les dijo:

125.0 807.0 1129.0 60.0 —No temais nada: es verdad que os traigo el apoyo mas terrible

76.0 853.0 1176.0 55.0 del imperio de la media luna, pero viene como amigo, abandonán-

71.0 899.0 1183.0 55.0 dose á nuestro honor con una confianza tan gloriosa para él como

73.0 945.0 1182.0 60.0 para vosotros; viene á entregarnos al tesoro mas precioso que des-

76.0 991.0 1180.0 53.0 pues del Sepulcro de Cristo nos han arrebatado las armas maho-

72.0 1037.0 1183.0 54.0 metanas; nos vuelve á la princesa de Inglaterra... Los gritos de ale-

76.0 1081.0 1181.0 56.0 gría interrumpieron estas palabras: todos los caballeros rodearon

73.0 1132.0 1183.0 50.0 la litera inclinándose respetuosamente, y Joselin continuó diciendo:

79.0 1181.0 1180.0 46.0 despues de haber rendido el primer homenaje á la hermana de nues-

77.0 1218.0 1182.0 61.0 tro gran rey, tributad el segundo á su libertador, á este héroe cuyo

76.0 1266.0 484.0 56.0 valor teme la cristiandad.

145.0 1302.0 1114.0 69.0 Gozosos los caballeros cristianos de poder admirar tan de cerca

73.0 1362.0 1188.0 50.0 al que con justa causa llamaban el rayo do las batallas y el leon de

76.0 1400.0 1184.0 60.0 los combates, se llegaron alegres á recibir al príncipe, y este enter-

73.0 1446.0 1190.0 54.0 necido por esta prueba de amistad, juró en su interior que en ade-

75.0 1489.0 1186.0 60.0 lante su mano no haria tanto mal en las batallas á los compañeros

76.0 1534.0 442.0 59.0 de su querida Matilde.

151.0 1574.0 1108.0 69.0 Notando Joselin la tristeza que hacia rato dominaba al príncipe,

72.0 1626.0 1192.0 61.0 y juzgando que aquella era una buena ocasion para decidirle que

70.0 1674.0 508.0 55.0 se fuese con ellos, le dijo:

170.0 1714.0 1095.0 59.0 —Príncipe, conozco vuestro afecto hácia vuestro hermano, sé

84.0 1770.0 1181.0 48.0 el cariño que él os profesa; pero no obstante, me atrevo á propone-

86.0 1817.0 1180.0 46.0 ros que si quereis veniros ahora con nosotros, os prometo en nom-

82.0 1859.0 1184.0 54.0 bre del ilustre Ricardo, que la mano de Matilde nadie la poseerá si-

88.0 1898.0 1180.0 62.0 no vos, y estas mil espadas que veis á vuestro lado, sostendrán

78.0 1947.0 299.0 54.0 lo que os digo.

139.0 1987.0 1128.0 64.0 Así lo juramos, contestaron todos; y el principe, vencido por el

79.0 2037.0 1190.0 60.0 dolor de separarse de Matilde,  iba ya á acceder, cuando el árabe

79.0 2080.0 1187.0 78.0 Kaled que estaba á su lado se inclinó al oido del príncipe, y le di-
