1415 2296
666.0 133.0 177.0 62.0 — 18—

167.0 187.0 1165.0 52.0 vestido, y al levantarse la dice en voz baja: Malek-Adhel se halla en

163.0 234.0 1170.0 55.0 Cesárea, él es quien me envia á veros, porque no podia vivir en la

163.0 276.0 1093.0 54.0 incertidumbre en que estaba de vuestra suerte; yo soy Kaled.

163.0 318.0 1167.0 62.0 A estas palabras, la jóven enrojece y se turba; quiere hablar,

162.0 369.0 1170.0 57.0 pero le falta la voz: el árabe se habia ausentado antes que ella vol-

167.0 417.0 245.0 52.0 viese en sí.

604.0 549.0 300.0 59.0 CAPITULO V.

163.0 725.0 1167.0 64.0 Torneos en el campamento de los cristianos.—Asisten á ellos Sa-

188.0 780.0 1142.0 55.0 ladino y su hermano.— Triunfa el príncipe en el combate que

170.0 817.0 1159.0 56.0 tuvo con Lusiñan.—Desesperacion de este.—Entrevista de Ma-

182.0 866.0 1146.0 61.0 tilde con Malek-Adhel.—El arzobispo de Tiro procura conver-

177.0 913.0 805.0 52.0 tir á Malek-Adhel.—Proyectos de Lusiñan.

216.0 1065.0 1114.0 42.0 Grandes fiestas se preparaban en el real de los Cruzados en ce-

151.0 1095.0 1181.0 55.0 lebridad de la tregua acordada entre los soberanos de las potencias

151.0 1144.0 1178.0 53.0 beligerantes, ínterin se resolvia la admision de la alianza que Sala-

150.0 1192.0 1180.0 54.0 dino habia propuesto, y cuya decision estaba confiada á un conse-

149.0 1234.0 265.0 58.0 jo de obispos.

149.0 1271.0 1181.0 59.0 Entre otras funciones, debia verificarse un magnífico torneo, en

146.0 1324.0 1183.0 57.0 que los principales caballeros deseaban ser premiados por la mano

151.0 1375.0 214.0 51.0 de Matilde.

173.0 1410.0 1155.0 56.0 Saladino, y en particular su hermano Adhel, deseosos de pre-

145.0 1465.0 1184.0 50.0 senciarlo, enviaron un mensaje á Ricardo, noticiándole que iban á

144.0 1508.0 773.0 58.0 ponerse en marcha para su campamento.

142.0 1548.0 1184.0 63.0 Efectivamente, seguidos de una corte numerosa, se pusieron en

141.0 1595.0 1184.0 58.0 camino para Tolemaida: marchaban delante cien caballeros monta-

141.0 1641.0 1183.0 56.0 dos, cubiertos con vistosos penachos y vestidos de ropas recamadas

142.0 1687.0 1182.0 54.0 de plata y seda; cincuenta guardias de á pie, ceñida su frente con

141.0 1730.0 1182.0 58.0 ricos turbantes, conducian los camellos cargados con las tiendas del

140.0 1781.0 1181.0 49.0 sultan y con los regalos destinados para la futura esposa de Malek-

141.0 1821.0 1175.0 59.0 Adhel. Los dos príncipes iban montados en dos caballos árabes,

140.0 1875.0 1180.0 48.0 cuya soberbia cabeza levantaban con orgullo como si fuesen capa-

137.0 1910.0 1183.0 55.0 ces de apreciar el honor de llevar á tan grandes héroes. A la terce-

137.0 1956.0 1182.0 61.0 ra aurora despues de su partida, llegaron al campo de los cristia-

135.0 2000.0 1184.0 67.0 nos, y al momento Ricardo salió á recibirlos acompañado única-

136.0 2047.0 1182.0 71.0 mente de su valor. Agradecido Saladino con esta muestra de urba-

137.0 2094.0 888.0 73.0 nidad, le tomó afectuosamente la mano, y le dijo:
