<?xml version="1.0" encoding="UTF-8"?>
<alto xmlns:xsi="http://www.w3.org/2001/XMLSchema-instance"
      xmlns="http://www.loc.gov/standards/alto/ns-v4#"
      xsi:schemaLocation="http://www.loc.gov/standards/alto/ns-v4# http://www.loc.gov/standards/alto/v4/alto-4-2.xsd">
  <Description>
    <MeasurementUnit>pixel</MeasurementUnit>
    <sourceImageInformation>
      <fileName>Varios_432_20.jpg</fileName>
      
    </sourceImageInformation>
  </Description>
  
  <Tags>
    <OtherTag ID="BT221" LABEL="CustomZone:impresorNum" DESCRIPTION="block type CustomZone:impresorNum"/><OtherTag ID="BT222" LABEL="CustomZone:numero_pliego" DESCRIPTION="block type CustomZone:numero_pliego"/><OtherTag ID="BT223" LABEL="CustomZone:title" DESCRIPTION="block type CustomZone:title"/><OtherTag ID="BT224" LABEL="GraphicZone:illustration" DESCRIPTION="block type GraphicZone:illustration"/><OtherTag ID="BT225" LABEL="GraphicZone:ornamentation" DESCRIPTION="block type GraphicZone:ornamentation"/><OtherTag ID="BT226" LABEL="MainZone" DESCRIPTION="block type MainZone"/><OtherTag ID="BT227" LABEL="MainZone:columns" DESCRIPTION="block type MainZone:columns"/><OtherTag ID="BT228" LABEL="MarginTextZone:colophon" DESCRIPTION="block type MarginTextZone:colophon"/><OtherTag ID="BT229" LABEL="MarginTextZone:note" DESCRIPTION="block type MarginTextZone:note"/><OtherTag ID="BT230" LABEL="MusicZone" DESCRIPTION="block type MusicZone"/><OtherTag ID="BT231" LABEL="NumberingZone:page" DESCRIPTION="block type NumberingZone:page"/><OtherTag ID="BT232" LABEL="QuireMarksZone:catchwords" DESCRIPTION="block type QuireMarksZone:catchwords"/><OtherTag ID="BT233" LABEL="QuireMarksZone:signature" DESCRIPTION="block type QuireMarksZone:signature"/><OtherTag ID="BT234" LABEL="RunningTitleZone" DESCRIPTION="block type RunningTitleZone"/>
    <OtherTag ID="LT81" LABEL="CustomLine:propriedad" DESCRIPTION="line type CustomLine:propriedad"/><OtherTag ID="LT82" LABEL="CustomLine:trailer" DESCRIPTION="line type CustomLine:trailer"/><OtherTag ID="LT83" LABEL="DefaultLine" DESCRIPTION="line type DefaultLine"/><OtherTag ID="LT84" LABEL="HeadingLine" DESCRIPTION="line type HeadingLine"/>
  </Tags>
  
  <Layout>
    <Page WIDTH="1426"
          HEIGHT="2315"
          PHYSICAL_IMG_NR="143"
          ID="eSc_dummypage_">
      <PrintSpace HPOS="0"
                  VPOS="0"
                  WIDTH="1426"
                  HEIGHT="2315">
        
        <TextBlock HPOS="632.0"
                   VPOS="111.0"
                   WIDTH="224.0"
                   HEIGHT="64.0"
                   ID="block_1"
                   TAGREFS="BT231">
          <Shape><Polygon POINTS="844 111 856 175 632 175 674 114"/></Shape>
          
          
          <TextLine ID="line_0"
                    TAGREFS="LT83"
                    BASELINE="671 165 853 163" 
                    HPOS="670.0"
                    VPOS="111.0"
                    WIDTH="183.0"
                    HEIGHT="71.0">
            <Shape><Polygon POINTS="671 165 671 173 731 173 758 182 759 182 760 182 835 180 836 180 853 169 853 163 850 115 765 111 764 111 763 111 761 111 741 124 729 132 670 132 671 165"/></Shape>
	    <String CONTENT="— 20—"
                    HPOS="670.0"
                    VPOS="111.0"
                    WIDTH="183.0"
                    HEIGHT="71.0"></String>
          </TextLine>

          
        </TextBlock>
        
        <TextBlock HPOS="125.0"
                   VPOS="180.0"
                   WIDTH="1276.0"
                   HEIGHT="1751.0"
                   ID="block_0"
                   TAGREFS="BT226">
          <Shape><Polygon POINTS="185 180 1359 191 1401 1931 125 1931 148 226"/></Shape>
          
          
          <TextLine ID="line_1"
                    TAGREFS="LT83"
                    BASELINE="176 214 589 210 1342 214" 
                    HPOS="176.0"
                    VPOS="210.0"
                    WIDTH="1166.0"
                    HEIGHT="20.0">
            <Shape><Polygon POINTS="1333 210 1320 210 1307 210 1294 210 1281 210 1268 210 1256 210 1243 210 1230 210 1217 210 1204 210 1191 210 1178 210 1166 210 1153 210 1140 210 1127 210 1114 210 1101 210 1088 210 1075 210 1063 210 1050 210 1037 210 1024 210 1011 210 998 210 985 210 972 210 960 210 947 210 934 210 921 210 908 210 895 210 882 210 870 210 857 210 844 210 831 210 818 210 805 210 792 210 779 210 767 210 754 210 741 210 728 210 715 210 702 210 689 210 676 210 664 210 651 210 638 210 625 210 612 210 599 210 589 210 586 210 574 210 561 210 548 210 535 210 522 210 509 210 496 210 483 210 471 210 458 210 445 210 432 210 419 210 406 210 393 210 380 210 368 210 355 210 342 210 329 210 316 210 303 210 290 210 277 210 265 210 252 210 239 210 226 210 213 210 200 210 187 210 176 210 176 214 176 230 1341 228 1342 214 1341 210 1333 210"/></Shape>
	    <String CONTENT="y la rapidez de los golpes que se oian sonar con estruendo, pero por"
                    HPOS="176.0"
                    VPOS="210.0"
                    WIDTH="1166.0"
                    HEIGHT="20.0"></String>
          </TextLine>

          
          
          <TextLine ID="line_2"
                    TAGREFS="LT83"
                    BASELINE="171 258 1344 258" 
                    HPOS="171.0"
                    VPOS="221.0"
                    WIDTH="1173.0"
                    HEIGHT="54.0">
            <Shape><Polygon POINTS="171 258 171 273 1342 275 1344 258 1342 221 171 223 171 258"/></Shape>
	    <String CONTENT="fin, despues de un combate muy recio venció Lusiñan. Ya iba este"
                    HPOS="171.0"
                    VPOS="221.0"
                    WIDTH="1173.0"
                    HEIGHT="54.0"></String>
          </TextLine>

          
          
          <TextLine ID="line_3"
                    TAGREFS="LT83"
                    BASELINE="171 303 1344 306" 
                    HPOS="171.0"
                    VPOS="263.0"
                    WIDTH="1173.0"
                    HEIGHT="58.0">
            <Shape><Polygon POINTS="171 303 171 321 1343 317 1344 306 1342 264 1294 271 1268 264 1267 264 801 264 800 264 799 264 794 267 782 272 774 267 772 264 770 264 769 264 768 264 750 267 725 271 720 267 715 263 714 263 713 263 711 263 679 267 653 272 549 272 541 268 531 264 530 264 528 264 527 264 519 268 517 270 516 268 505 263 504 263 503 263 469 268 453 271 171 271 171 303"/></Shape>
	    <String CONTENT="por segunda vez á ser premiado, cuando el príncipe se puso de un"
                    HPOS="171.0"
                    VPOS="263.0"
                    WIDTH="1173.0"
                    HEIGHT="58.0"></String>
          </TextLine>

          
          
          <TextLine ID="line_4"
                    TAGREFS="LT83"
                    BASELINE="169 348 1343 351" 
                    HPOS="168.0"
                    VPOS="312.0"
                    WIDTH="1175.0"
                    HEIGHT="55.0">
            <Shape><Polygon POINTS="169 348 168 358 194 366 195 366 196 366 743 361 756 367 758 367 759 367 1342 361 1343 351 1341 312 169 313 169 348"/></Shape>
	    <String CONTENT="salto dentro de la barrera. Montan á caballo, se encuentran, y al"
                    HPOS="168.0"
                    VPOS="312.0"
                    WIDTH="1175.0"
                    HEIGHT="55.0"></String>
          </TextLine>

          
          
          <TextLine ID="line_5"
                    TAGREFS="LT83"
                    BASELINE="169 396 1346 396" 
                    HPOS="169.0"
                    VPOS="354.0"
                    WIDTH="1177.0"
                    HEIGHT="60.0">
            <Shape><Polygon POINTS="169 396 169 414 1346 410 1346 396 1344 354 1307 361 862 357 537 354 536 354 509 360 499 362 292 362 285 361 226 354 225 354 169 361 169 396"/></Shape>
	    <String CONTENT="primer choque se rompen las lanzas: echan pie á tierra, sacan las"
                    HPOS="169.0"
                    VPOS="354.0"
                    WIDTH="1177.0"
                    HEIGHT="60.0"></String>
          </TextLine>

          
          
          <TextLine ID="line_6"
                    TAGREFS="LT83"
                    BASELINE="168 442 1344 439" 
                    HPOS="167.0"
                    VPOS="399.0"
                    WIDTH="1177.0"
                    HEIGHT="56.0">
            <Shape><Polygon POINTS="168 442 168 455 1343 452 1344 439 1341 399 167 406 168 442"/></Shape>
	    <String CONTENT="espadas y principian de nuevo el combate. Malek-Adhel, diestro en"
                    HPOS="167.0"
                    VPOS="399.0"
                    WIDTH="1177.0"
                    HEIGHT="56.0"></String>
          </TextLine>

          
          
          <TextLine ID="line_7"
                    TAGREFS="LT83"
                    BASELINE="167 488 1342 486" 
                    HPOS="166.0"
                    VPOS="451.0"
                    WIDTH="1176.0"
                    HEIGHT="50.0">
            <Shape><Polygon POINTS="167 488 167 500 1339 501 1342 486 1338 451 166 452 167 488"/></Shape>
	    <String CONTENT="esta clase de luchas; oprime á su adversario, lo acosa, lo persigue;"
                    HPOS="166.0"
                    VPOS="451.0"
                    WIDTH="1176.0"
                    HEIGHT="50.0"></String>
          </TextLine>

          
          
          <TextLine ID="line_8"
                    TAGREFS="LT83"
                    BASELINE="172 538 252 532 1344 533" 
                    HPOS="172.0"
                    VPOS="495.0"
                    WIDTH="1172.0"
                    HEIGHT="55.0">
            <Shape><Polygon POINTS="172 538 172 550 1343 549 1344 533 1342 495 1254 504 1239 495 1238 495 1236 495 1235 495 1195 496 921 504 873 499 841 495 840 495 812 499 778 504 756 500 733 495 732 495 731 495 720 500 710 505 624 505 612 500 594 495 593 495 592 495 590 495 576 501 570 504 562 501 543 495 541 495 540 495 539 495 526 501 521 504 499 501 459 497 458 497 401 502 382 504 368 502 303 495 302 495 301 495 271 504 268 505 172 505 172 538"/></Shape>
	    <String CONTENT="y, por último, viene á dar con él en tierra, corriendo presuroso á"
                    HPOS="172.0"
                    VPOS="495.0"
                    WIDTH="1172.0"
                    HEIGHT="55.0"></String>
          </TextLine>

          
          
          <TextLine ID="line_9"
                    TAGREFS="LT83"
                    BASELINE="168 580 1343 577" 
                    HPOS="167.0"
                    VPOS="536.0"
                    WIDTH="1176.0"
                    HEIGHT="63.0">
            <Shape><Polygon POINTS="168 580 168 599 257 591 392 598 395 598 396 598 398 598 482 591 555 598 570 598 571 598 1342 591 1343 577 1341 544 1231 544 1213 536 1212 536 1211 536 1209 536 1187 542 691 537 689 537 688 537 687 537 676 544 657 537 656 537 655 537 523 544 268 537 267 537 167 545 168 580"/></Shape>
	    <String CONTENT="ponerse á los pies de la princesa para que le coloque sobre el pecho"
                    HPOS="167.0"
                    VPOS="536.0"
                    WIDTH="1176.0"
                    HEIGHT="63.0"></String>
          </TextLine>

          
          
          <TextLine ID="line_10"
                    TAGREFS="LT83"
                    BASELINE="167 623 1344 619" 
                    HPOS="166.0"
                    VPOS="582.0"
                    WIDTH="1178.0"
                    HEIGHT="61.0">
            <Shape><Polygon POINTS="167 623 167 643 203 636 1343 636 1344 619 1342 582 871 582 870 582 868 582 861 585 853 589 693 586 477 583 476 583 474 583 464 589 460 590 409 589 243 583 241 583 166 590 167 623"/></Shape>
	    <String CONTENT="su retrato. ¡Cuán feliz y envanecida está Matilde con poder otor-"
                    HPOS="166.0"
                    VPOS="582.0"
                    WIDTH="1178.0"
                    HEIGHT="61.0"></String>
          </TextLine>

          
          
          <TextLine ID="line_11"
                    TAGREFS="LT83"
                    BASELINE="167 671 1344 668" 
                    HPOS="166.0"
                    VPOS="628.0"
                    WIDTH="1178.0"
                    HEIGHT="60.0">
            <Shape><Polygon POINTS="167 671 167 688 1343 685 1344 668 1342 631 214 628 213 628 166 635 167 671"/></Shape>
	    <String CONTENT="gar aquel don á su querido Adhel en presencia de tantas naciones"
                    HPOS="166.0"
                    VPOS="628.0"
                    WIDTH="1178.0"
                    HEIGHT="60.0"></String>
          </TextLine>

          
          
          <TextLine ID="line_12"
                    TAGREFS="LT83"
                    BASELINE="172 715 337 713 350 712" 
                    HPOS="171.0"
                    VPOS="675.0"
                    WIDTH="179.0"
                    HEIGHT="55.0">
            <Shape><Polygon POINTS="347 675 320 675 319 675 200 676 199 676 171 685 172 715 172 730 350 724"/></Shape>
	    <String CONTENT="reunidas!"
                    HPOS="171.0"
                    VPOS="675.0"
                    WIDTH="179.0"
                    HEIGHT="55.0"></String>
          </TextLine>

          
          
          <TextLine ID="line_13"
                    TAGREFS="LT83"
                    BASELINE="234 760 1343 757" 
                    HPOS="232.0"
                    VPOS="717.0"
                    WIDTH="1111.0"
                    HEIGHT="62.0">
            <Shape><Polygon POINTS="234 760 234 772 706 779 707 779 781 772 788 772 1342 772 1343 757 1341 721 1072 717 1070 717 1069 717 1054 722 1046 725 1038 722 1023 717 1021 717 1020 717 1019 717 1005 722 998 726 877 726 866 724 818 717 817 717 815 717 792 725 786 726 781 725 765 718 764 718 763 718 706 725 693 726 691 725 682 718 680 718 679 718 624 718 622 718 621 718 607 726 606 726 595 726 530 720 528 720 425 726 356 718 355 718 302 726 275 718 274 718 272 718 232 727 234 760"/></Shape>
	    <String CONTENT="Antes de ocurrir los sucesos referidos, el arzobispo se habia mar-"
                    HPOS="232.0"
                    VPOS="717.0"
                    WIDTH="1111.0"
                    HEIGHT="62.0"></String>
          </TextLine>

          
          
          <TextLine ID="line_14"
                    TAGREFS="LT83"
                    BASELINE="166 807 1341 803" 
                    HPOS="164.0"
                    VPOS="763.0"
                    WIDTH="1177.0"
                    HEIGHT="62.0">
            <Shape><Polygon POINTS="166 807 166 825 213 819 395 824 410 824 411 824 1339 816 1341 803 1338 769 945 763 944 763 943 763 942 763 933 770 930 770 871 770 557 765 555 765 523 771 517 772 164 772 166 807"/></Shape>
	    <String CONTENT="chado al encuentro de Malek-Adhel con el objeto de ver si podia ir"
                    HPOS="164.0"
                    VPOS="763.0"
                    WIDTH="1177.0"
                    HEIGHT="62.0"></String>
          </TextLine>

          
          
          <TextLine ID="line_15"
                    TAGREFS="LT83"
                    BASELINE="167 853 1342 848" 
                    HPOS="166.0"
                    VPOS="811.0"
                    WIDTH="1176.0"
                    HEIGHT="62.0">
            <Shape><Polygon POINTS="167 853 167 873 198 866 405 871 451 871 453 871 454 871 455 871 456 870 463 865 631 869 713 870 714 870 1341 861 1342 848 1338 811 1254 817 1127 812 1079 811 1078 811 1039 814 961 819 849 815 754 812 752 812 751 812 737 816 722 820 682 817 640 814 639 814 608 817 588 820 583 817 574 814 572 814 571 814 570 814 568 814 562 817 558 821 357 821 351 820 330 815 329 815 328 815 326 815 311 820 307 823 166 823 167 853"/></Shape>
	    <String CONTENT="preparando su conversion á la religion católica; pero habiéndose di-"
                    HPOS="166.0"
                    VPOS="811.0"
                    WIDTH="1176.0"
                    HEIGHT="62.0"></String>
          </TextLine>

          
          
          <TextLine ID="line_16"
                    TAGREFS="LT83"
                    BASELINE="167 898 1342 895" 
                    HPOS="166.0"
                    VPOS="856.0"
                    WIDTH="1176.0"
                    HEIGHT="54.0">
            <Shape><Polygon POINTS="167 898 167 910 1341 906 1342 895 1339 861 579 856 577 856 355 862 198 857 196 857 166 864 167 898"/></Shape>
	    <String CONTENT="rigido por distinto camino queaquel, llegó á la ciudad de Jafa, don-"
                    HPOS="166.0"
                    VPOS="856.0"
                    WIDTH="1176.0"
                    HEIGHT="54.0"></String>
          </TextLine>

          
          
          <TextLine ID="line_17"
                    TAGREFS="LT83"
                    BASELINE="167 941 1338 944" 
                    HPOS="166.0"
                    VPOS="901.0"
                    WIDTH="1172.0"
                    HEIGHT="61.0">
            <Shape><Polygon POINTS="167 941 166 951 190 960 191 960 193 960 274 954 324 960 325 960 525 955 577 954 580 955 590 960 592 960 593 960 642 956 666 954 678 956 697 960 698 960 758 956 791 955 795 958 801 962 803 962 804 962 805 962 826 958 839 955 861 958 890 962 891 962 930 959 969 955 981 959 990 962 992 962 993 962 1028 959 1086 955 1243 962 1267 962 1268 962 1272 962 1311 955 1334 962 1338 944 1335 901 167 904 167 941"/></Shape>
	    <String CONTENT="de los infieles, á pesar de la tregua que suspendió toda hostilidad,"
                    HPOS="166.0"
                    VPOS="901.0"
                    WIDTH="1172.0"
                    HEIGHT="61.0"></String>
          </TextLine>

          
          
          <TextLine ID="line_18"
                    TAGREFS="LT83"
                    BASELINE="167 989 1243 989" 
                    HPOS="167.0"
                    VPOS="954.0"
                    WIDTH="1076.0"
                    HEIGHT="50.0">
            <Shape><Polygon POINTS="167 989 167 1004 1243 1000 1243 989 1243 954 167 954 167 989"/></Shape>
	    <String CONTENT="le detuvieron y pusieron en un calabozo cargado de cadenas."
                    HPOS="167.0"
                    VPOS="954.0"
                    WIDTH="1076.0"
                    HEIGHT="50.0"></String>
          </TextLine>

          
          
          <TextLine ID="line_19"
                    TAGREFS="LT83"
                    BASELINE="240 1041 363 1039 1342 1032" 
                    HPOS="176.0"
                    VPOS="991.0"
                    WIDTH="1166.0"
                    HEIGHT="55.0">
            <Shape><Polygon POINTS="176 1043 1339 1046 1342 1032 1339 991 177 996 177 1025"/></Shape>
	    <String CONTENT="Matilde, deseosa de saber el paradero del arobispo, comunicó"
                    HPOS="176.0"
                    VPOS="991.0"
                    WIDTH="1166.0"
                    HEIGHT="55.0"></String>
          </TextLine>

          
          
          <TextLine ID="line_20"
                    TAGREFS="LT83"
                    BASELINE="168 1080 1341 1076" 
                    HPOS="167.0"
                    VPOS="1039.0"
                    WIDTH="1174.0"
                    HEIGHT="52.0">
            <Shape><Polygon POINTS="168 1080 168 1091 1339 1088 1341 1076 1337 1039 167 1040 168 1080"/></Shape>
	    <String CONTENT="la marcha de este, en una entrevista, á Malek-Adhel,  y le con-"
                    HPOS="167.0"
                    VPOS="1039.0"
                    WIDTH="1174.0"
                    HEIGHT="52.0"></String>
          </TextLine>

          
          
          <TextLine ID="line_21"
                    TAGREFS="LT83"
                    BASELINE="166 1126 1341 1122" 
                    HPOS="164.0"
                    VPOS="1081.0"
                    WIDTH="1177.0"
                    HEIGHT="59.0">
            <Shape><Polygon POINTS="166 1126 166 1140 1339 1134 1341 1122 1337 1081 1276 1089 1145 1089 1124 1082 1120 1081 1119 1081 1118 1081 1110 1082 1082 1088 1061 1082 1056 1081 1055 1081 1054 1081 1038 1082 996 1088 984 1082 979 1081 978 1081 976 1081 966 1082 938 1089 791 1084 728 1082 727 1082 725 1082 718 1085 702 1089 689 1085 682 1082 680 1082 679 1082 633 1085 555 1090 537 1086 528 1084 527 1084 526 1084 164 1088 166 1126"/></Shape>
	    <String CONTENT="fió á este sus temores. El príncipe, que era ya sabedor de este suce-"
                    HPOS="164.0"
                    VPOS="1081.0"
                    WIDTH="1177.0"
                    HEIGHT="59.0"></String>
          </TextLine>

          
          
          <TextLine ID="line_22"
                    TAGREFS="LT83"
                    BASELINE="166 1171 1339 1167" 
                    HPOS="164.0"
                    VPOS="1127.0"
                    WIDTH="1175.0"
                    HEIGHT="58.0">
            <Shape><Polygon POINTS="166 1171 166 1185 1338 1179 1339 1167 1335 1127 944 1134 675 1133 203 1130 202 1130 164 1136 166 1171"/></Shape>
	    <String CONTENT="so, deseoso de complacerla, se dirigió á Jafa, y habiendo llegado"
                    HPOS="164.0"
                    VPOS="1127.0"
                    WIDTH="1175.0"
                    HEIGHT="58.0"></String>
          </TextLine>

          
          
          <TextLine ID="line_23"
                    TAGREFS="LT83"
                    BASELINE="166 1215 1341 1212" 
                    HPOS="164.0"
                    VPOS="1172.0"
                    WIDTH="1177.0"
                    HEIGHT="57.0">
            <Shape><Polygon POINTS="166 1215 166 1229 1339 1225 1341 1212 1337 1176 1055 1179 1046 1178 1027 1172 1025 1172 1024 1172 978 1178 965 1179 951 1178 904 1172 903 1172 738 1179 698 1180 692 1179 670 1174 669 1174 667 1174 666 1174 651 1179 648 1181 459 1181 455 1180 326 1174 325 1174 324 1174 299 1180 200 1174 199 1174 164 1181 166 1215"/></Shape>
	    <String CONTENT="allí fue á abrir las puertas del calabozo en que estaba cautivo el ar-"
                    HPOS="164.0"
                    VPOS="1172.0"
                    WIDTH="1177.0"
                    HEIGHT="57.0"></String>
          </TextLine>

          
          
          <TextLine ID="line_24"
                    TAGREFS="LT83"
                    BASELINE="166 1259 1338 1261" 
                    HPOS="164.0"
                    VPOS="1220.0"
                    WIDTH="1174.0"
                    HEIGHT="57.0">
            <Shape><Polygon POINTS="166 1259 164 1275 1335 1277 1338 1261 1335 1220 166 1223 166 1259"/></Shape>
	    <String CONTENT="zobispo. Este, viendo al príncipe; le dijo qué objeto tenia su visita."
                    HPOS="164.0"
                    VPOS="1220.0"
                    WIDTH="1174.0"
                    HEIGHT="57.0"></String>
          </TextLine>

          
          
          <TextLine ID="line_25"
                    TAGREFS="LT83"
                    BASELINE="164 1305 1341 1302" 
                    HPOS="163.0"
                    VPOS="1268.0"
                    WIDTH="1178.0"
                    HEIGHT="51.0">
            <Shape><Polygon POINTS="164 1305 164 1319 1339 1316 1341 1302 1337 1268 163 1268 164 1305"/></Shape>
	    <String CONTENT="El príncipe le contestó que venia para libertarlo. El arzobispo, vien-"
                    HPOS="163.0"
                    VPOS="1268.0"
                    WIDTH="1178.0"
                    HEIGHT="51.0"></String>
          </TextLine>

          
          
          <TextLine ID="line_26"
                    TAGREFS="LT83"
                    BASELINE="164 1351 1342 1349" 
                    HPOS="163.0"
                    VPOS="1313.0"
                    WIDTH="1179.0"
                    HEIGHT="52.0">
            <Shape><Polygon POINTS="164 1351 164 1365 1341 1365 1342 1349 1338 1313 163 1313 164 1351"/></Shape>
	    <String CONTENT="do su generosidad, probó á ver si movia aquel corazon inflexible"
                    HPOS="163.0"
                    VPOS="1313.0"
                    WIDTH="1179.0"
                    HEIGHT="52.0"></String>
          </TextLine>

          
          
          <TextLine ID="line_27"
                    TAGREFS="LT83"
                    BASELINE="166 1396 1341 1394" 
                    HPOS="164.0"
                    VPOS="1356.0"
                    WIDTH="1177.0"
                    HEIGHT="56.0">
            <Shape><Polygon POINTS="166 1396 166 1412 1339 1409 1341 1394 1337 1356 164 1361 166 1396"/></Shape>
	    <String CONTENT="á la religion cristiana; pero viendo que eran inútiles los esfuerzos"
                    HPOS="164.0"
                    VPOS="1356.0"
                    WIDTH="1177.0"
                    HEIGHT="56.0"></String>
          </TextLine>

          
          
          <TextLine ID="line_28"
                    TAGREFS="LT83"
                    BASELINE="164 1444 1342 1439" 
                    HPOS="163.0"
                    VPOS="1401.0"
                    WIDTH="1179.0"
                    HEIGHT="56.0">
            <Shape><Polygon POINTS="164 1444 164 1457 1341 1453 1342 1439 1338 1401 163 1410 164 1444"/></Shape>
	    <String CONTENT="que hizo, no insistió. El príncipe, fiel á la amistad que profesaba"
                    HPOS="163.0"
                    VPOS="1401.0"
                    WIDTH="1179.0"
                    HEIGHT="56.0"></String>
          </TextLine>

          
          
          <TextLine ID="line_29"
                    TAGREFS="LT83"
                    BASELINE="166 1489 1341 1486" 
                    HPOS="164.0"
                    VPOS="1452.0"
                    WIDTH="1177.0"
                    HEIGHT="54.0">
            <Shape><Polygon POINTS="166 1489 166 1506 1339 1498 1341 1486 1338 1453 164 1452 166 1489"/></Shape>
	    <String CONTENT="á su hermano, no quiso descontentar á este, aun á precio de su"
                    HPOS="164.0"
                    VPOS="1452.0"
                    WIDTH="1177.0"
                    HEIGHT="54.0"></String>
          </TextLine>

          
          
          <TextLine ID="line_30"
                    TAGREFS="LT83"
                    BASELINE="164 1534 1339 1531" 
                    HPOS="163.0"
                    VPOS="1491.0"
                    WIDTH="1176.0"
                    HEIGHT="56.0">
            <Shape><Polygon POINTS="164 1534 164 1547 1338 1544 1339 1531 1335 1493 1066 1498 1055 1494 1047 1491 1046 1491 1045 1491 1025 1494 1003 1498 981 1495 956 1491 954 1491 953 1491 945 1495 939 1498 933 1495 924 1491 922 1491 779 1491 778 1491 752 1497 738 1499 711 1497 664 1493 662 1493 639 1498 629 1499 619 1498 588 1493 586 1493 478 1499 462 1499 460 1499 446 1493 445 1493 444 1493 410 1499 409 1499 407 1499 387 1493 386 1493 384 1493 383 1493 356 1499 343 1493 342 1493 221 1493 220 1493 163 1500 164 1534"/></Shape>
	    <String CONTENT="amor, sin embargo que la luz divina empezaba á nacer en su corazon."
                    HPOS="163.0"
                    VPOS="1491.0"
                    WIDTH="1176.0"
                    HEIGHT="56.0"></String>
          </TextLine>

          
          
          <TextLine ID="line_31"
                    TAGREFS="LT83"
                    BASELINE="182 1574 1339 1578" 
                    HPOS="181.0"
                    VPOS="1539.0"
                    WIDTH="1158.0"
                    HEIGHT="59.0">
            <Shape><Polygon POINTS="182 1574 181 1587 232 1596 234 1596 507 1589 568 1597 570 1598 819 1598 819 1597 821 1597 822 1597 832 1590 872 1597 873 1597 924 1590 952 1598 953 1598 954 1598 956 1598 974 1592 1009 1598 1010 1598 1338 1590 1339 1578 1338 1539 182 1539 182 1574"/></Shape>
	    <String CONTENT="Mientras tanto la junta de obispos no habia tenido el resultado"
                    HPOS="181.0"
                    VPOS="1539.0"
                    WIDTH="1158.0"
                    HEIGHT="59.0"></String>
          </TextLine>

          
          
          <TextLine ID="line_34"
                    TAGREFS="LT83"
                    BASELINE="162 1625 1339 1620" 
                    HPOS="160.0"
                    VPOS="1579.0"
                    WIDTH="1179.0"
                    HEIGHT="65.0">
            <Shape><Polygon POINTS="162 1625 162 1638 338 1644 339 1644 558 1637 580 1637 581 1637 601 1643 602 1643 603 1643 671 1637 674 1637 675 1637 702 1643 703 1643 705 1643 848 1635 863 1635 879 1635 1043 1642 1045 1642 1338 1633 1339 1620 1334 1579 1312 1588 858 1588 833 1581 832 1581 831 1581 797 1589 544 1589 495 1583 494 1583 449 1590 410 1584 160 1584 162 1625"/></Shape>
	    <String CONTENT="que se esperaba: así es que concluyó la tregua, y Saladino prepara-"
                    HPOS="160.0"
                    VPOS="1579.0"
                    WIDTH="1179.0"
                    HEIGHT="65.0"></String>
          </TextLine>

          
          
          <TextLine ID="line_35"
                    TAGREFS="LT83"
                    BASELINE="163 1670 1339 1665" 
                    HPOS="162.0"
                    VPOS="1626.0"
                    WIDTH="1177.0"
                    HEIGHT="62.0">
            <Shape><Polygon POINTS="163 1670 163 1688 1338 1680 1339 1665 1335 1626 162 1633 163 1670"/></Shape>
	    <String CONTENT="ba sus fuerzas y fortificaba á Cesárea, donde pronto habia de repre-"
                    HPOS="162.0"
                    VPOS="1626.0"
                    WIDTH="1177.0"
                    HEIGHT="62.0"></String>
          </TextLine>

          
          
          <TextLine ID="line_36"
                    TAGREFS="LT83"
                    BASELINE="162 1716 1341 1713" 
                    HPOS="160.0"
                    VPOS="1673.0"
                    WIDTH="1181.0"
                    HEIGHT="60.0">
            <Shape><Polygon POINTS="162 1716 162 1728 944 1733 945 1733 988 1727 1280 1732 1281 1732 1341 1724 1341 1713 1337 1673 1272 1680 1073 1680 1052 1674 1047 1673 1046 1673 1045 1673 1021 1674 945 1680 930 1675 927 1674 926 1674 925 1674 924 1674 920 1675 895 1682 805 1682 795 1675 791 1674 790 1674 788 1674 765 1675 714 1682 575 1682 567 1677 559 1674 558 1674 557 1674 534 1678 503 1682 160 1680 162 1716"/></Shape>
	    <String CONTENT="sentarse una escena bastante sangrienta. Esta escena era el gran"
                    HPOS="160.0"
                    VPOS="1673.0"
                    WIDTH="1181.0"
                    HEIGHT="60.0"></String>
          </TextLine>

          
          
          <TextLine ID="line_37"
                    TAGREFS="LT83"
                    BASELINE="163 1760 1339 1756" 
                    HPOS="162.0"
                    VPOS="1719.0"
                    WIDTH="1177.0"
                    HEIGHT="54.0">
            <Shape><Polygon POINTS="163 1760 163 1773 1339 1769 1339 1756 1335 1719 162 1724 163 1760"/></Shape>
	    <String CONTENT="sitio que los cristianos iban lá poner á esta importante ciudad, que"
                    HPOS="162.0"
                    VPOS="1719.0"
                    WIDTH="1177.0"
                    HEIGHT="54.0"></String>
          </TextLine>

          
          
          <TextLine ID="line_38"
                    TAGREFS="LT83"
                    BASELINE="162 1806 1338 1803" 
                    HPOS="160.0"
                    VPOS="1763.0"
                    WIDTH="1178.0"
                    HEIGHT="59.0">
            <Shape><Polygon POINTS="162 1806 162 1822 1337 1815 1338 1803 1335 1772 1138 1772 1099 1763 1097 1763 976 1770 738 1764 737 1764 692 1772 593 1764 592 1764 546 1773 514 1767 513 1767 454 1772 299 1765 298 1765 263 1772 253 1765 252 1765 250 1765 249 1765 248 1765 227 1772 185 1765 184 1765 182 1765 160 1773 162 1806"/></Shape>
	    <String CONTENT="era de las mas fuertes en aquella época, y cuya adquisicion era su-"
                    HPOS="160.0"
                    VPOS="1763.0"
                    WIDTH="1178.0"
                    HEIGHT="59.0"></String>
          </TextLine>

          
          
          <TextLine ID="line_39"
                    TAGREFS="LT83"
                    BASELINE="163 1850 1338 1850" 
                    HPOS="163.0"
                    VPOS="1810.0"
                    WIDTH="1175.0"
                    HEIGHT="66.0">
            <Shape><Polygon POINTS="163 1850 163 1864 283 1872 284 1872 418 1866 451 1875 453 1875 454 1876 621 1876 621 1875 622 1875 648 1867 673 1875 674 1875 675 1875 927 1867 1078 1867 1131 1875 1132 1875 1133 1875 1153 1866 1338 1866 1338 1850 1337 1810 163 1812 163 1850"/></Shape>
	    <String CONTENT="mamente interesante para conseguir la deseada conquista de los"
                    HPOS="163.0"
                    VPOS="1810.0"
                    WIDTH="1175.0"
                    HEIGHT="66.0"></String>
          </TextLine>

          
          
          <TextLine ID="line_40"
                    TAGREFS="LT83"
                    BASELINE="163 1898 455 1894" 
                    HPOS="162.0"
                    VPOS="1857.0"
                    WIDTH="293.0"
                    HEIGHT="52.0">
            <Shape><Polygon POINTS="163 1898 163 1909 454 1907 455 1894 453 1867 378 1867 359 1857 357 1857 356 1857 292 1858 290 1858 289 1858 277 1867 276 1867 272 1867 235 1859 234 1859 232 1859 231 1859 221 1867 218 1868 212 1867 187 1859 186 1859 185 1859 184 1859 162 1866 163 1898"/></Shape>
	    <String CONTENT="Santos Lugares."
                    HPOS="162.0"
                    VPOS="1857.0"
                    WIDTH="293.0"
                    HEIGHT="52.0"></String>
          </TextLine>

          
        </TextBlock>
        
        <TextBlock HPOS="510.0"
                   VPOS="1938.0"
                   WIDTH="476.0"
                   HEIGHT="123.0"
                   ID="block_2"
                   TAGREFS="BT225">
          <Shape><Polygon POINTS="986 1938 986 2061 510 2061 510 1938"/></Shape>
          
        </TextBlock>
        

        
      </PrintSpace>
    </Page>
  </Layout>
</alto>
