1414 2311
684.0 120.0 181.0 63.0 — 10 —

237.0 201.0 1108.0 33.0 —No, no me marcharé, esclamó en su interior la casta vírgen;

184.0 218.0 1164.0 64.0 yo me quedaré y que Berenguela viva contenta y feliz al lado del

183.0 274.0 411.0 59.0 esposo que tanto ama.

242.0 305.0 1109.0 66.0 Decidida su idea, la puso en conocimiento de Berenguela, la

181.0 356.0 1170.0 59.0 que no queria consentir tan gran sacrificio; pero al fin, vencida

181.0 403.0 1168.0 60.0 por los ruegos de Matilde, despues de cambiar los vestidos, la reina

181.0 453.0 1166.0 54.0 Berenguela con el hábito blanco de Matilde se dispuso á marchar.

247.0 496.0 1102.0 54.0 Llegó, en efecto, el dia determinado para la partida; y Beren-

177.0 530.0 1171.0 72.0 guela, merced á la inocente estratajema de la princesa Matilde,

181.0 590.0 1170.0 55.0 pudo, por fin, embarcarse sin ser reconocida del encargado de

178.0 631.0 289.0 55.0 su conduccion.

254.0 672.0 1097.0 68.0 ¡ Qué alegría tuvo Malek-Adhel cuando, dirigiéndose al cuarto

175.0 721.0 1174.0 59.0 en que habitaba Berenguela, creyendo que esta estaria en él, se

174.0 778.0 1175.0 51.0 encontró con la princesa Matilde! ¡Con cuánto amor, trasportado

179.0 810.0 787.0 66.0 de gozo, besó la mano que esta le alargaba!

241.0 858.0 1108.0 57.0 Despues de varias demostraciones afectuosas, le manifestó Ma-

172.0 903.0 1177.0 61.0 tilde el voto que habia hecho de ir á ver á un santo cenobita que

174.0 952.0 1175.0 58.0 tenia su residencia en los áridos desiertos de la Arabia, para que

173.0 996.0 1175.0 61.0 este le absolviese de la poca repugnancia con que le miraba á pe-

181.0 1039.0 975.0 65.0 sar de la diferencia de religion que ambos profesaban.

237.0 1087.0 1111.0 58.0 Malek-Adhel trató de disuadirla de su proyecto, ponderándola

172.0 1134.0 1176.0 57.0 las dificultades que se oponian á su empresa por tener que atrave-

172.0 1183.0 1172.0 55.0 sar un pais inmenso y abrasador, rodeado de árabes homicidas.

170.0 1226.0 1178.0 60.0 Matilde le responde que Dios no abandona á sus hijos, y que la

168.0 1269.0 1180.0 63.0 defenderá de todos los peligros. La fe ardiente que brillaba en el

169.0 1317.0 1179.0 61.0 semblante de la vírgen convenció á Adhel que aquel momento no

168.0 1367.0 723.0 55.0 era á propósito para oponerse á su idea.

233.0 1405.0 1115.0 66.0 El príncipe tambien tenia que ausentarse de Damieta para reu-

166.0 1453.0 1181.0 59.0 nir tropas por órden de su hermane  Saladino; y dijo á Matilde

168.0 1502.0 1176.0 54.0 que se dispusiera para el dia siguiente que tenia dispuestas sus ga-

166.0 1543.0 897.0 60.0 leras para subir juntos el gran rio hasta el Cairo.

232.0 1590.0 1110.0 59.0 Por fin se pusieron en camino, y así llegaron á dicha ciudad,

166.0 1638.0 1177.0 56.0 y la princesa mandó llamar secretamente á unos cuantos caballeros

164.0 1684.0 1179.0 55.0 suyos, entre ellos el duque de Glocester; y les dijo la peregrinacion

164.0 1729.0 1178.0 60.0 que tenia que hacer. No bien supieron esto, cuando se apresuraron

165.0 1775.0 1174.0 59.0 á disponer los viveres necesarios para tan arriesgada espedicion.

229.0 1821.0 1113.0 54.0 Despues de unos dias de viaje empezaron á entrar en las tin-

160.0 1864.0 1182.0 61.0 mensas llanuras de arena ardiente, y los viajeros, unos abrasados

163.0 1911.0 1175.0 59.0 de calor, otros muertos de sed, y los mas rendidos de cansancio,

157.0 1957.0 1183.0 61.0 dieron vista á la gruta de un santo varon que en treinta años de

157.0 2005.0 1182.0 56.0 soledad era aquella la segunda vez que llegaba á sus oidos voz hu-

157.0 2047.0 1179.0 64.0 mana. Adelantóse la princesa, y postrándose á sus pies, esclama:

160.0 2091.0 1176.0 80.0 ¡Oh, venerable anciano  amparadme! El solitario, asombrado, se
