1420 2303
461.0 153.0 397.0 104.0 HISTORIA

511.0 297.0 276.0 56.0 DE LOS AMORES DE

234.0 372.0 830.0 115.0 MATILDE Y MALEK-ADHEL.

391.0 665.0 531.0 98.0 CAPITULO PRIMERO.

78.0 793.0 1176.0 78.0 Recuerdos de las Cruzadas.—Pónese al frente de todo el ejército

116.0 854.0 1138.0 56.0 el rey de Inglaterra.—Sale con este su hermana Matilde.-

120.0 894.0 1134.0 60.0 Casamiento de Ricardo con Berenguela.— Partida de este para

119.0 939.0 1135.0 56.0 la Tierra Santa.— Desconsuelo de Berenguela por su separa-

121.0 987.0 1133.0 58.0 cion.—Salen Berenguela y Matilde en compañia del arzobispo

121.0 1032.0 1133.0 63.0 de Tiro para la Tierra Santa.—Es apresado el buque por

121.0 1074.0 628.0 60.0 Malek-Adhel.—Llegan á Damieta.

147.0 1205.0 1111.0 74.0 La pérdida de la Tierra Santa causó inmenso dolor á todas las

83.0 1258.0 1178.0 63.0 naciones cristianas. Guillermo, arzobispo de Tiro, pidió auxilio al

83.0 1305.0 1179.0 62.0 Papa Guillermo VIll para hacer una nueva cruzada. Este piadoso

83.0 1351.0 1180.0 62.0 prelado, que recorria á pie la Europa con un crucifijo en la mano

87.0 1397.0 1179.0 60.0 animado por el mas heróico celo por la religion cristiana, logró que

88.0 1444.0 1180.0 79.0 se uniesen á él para tan grande empresa un sin número de so-

87.0 1485.0 160.0 58.0 beranos.

152.0 1519.0 1115.0 71.0 A la cabeza de todos estaban Ricardo, rey de Inglaterra, y Fe-

89.0 1578.0 1182.0 60.0 lipe Augusto, de Francia. Las alocuciones tan piadosas que el ar-

90.0 1626.0 1178.0 59.0 zobispo de Tiro pronunciaba en todas partes, exaltaron el valor de

93.0 1669.0 1178.0 60.0 la juventud de ambos reinos. Todos acudieron presurosos á unirse

93.0 1717.0 1178.0 75.0 al ejército para marchar á derramar su sangre en defensa de la ré-

94.0 1763.0 285.0 71.0 ligion cristiana.

161.0 1795.0 1111.0 66.0 No obstante, los dos monarcas se separaron citándose para Me-

98.0 1850.0 1176.0 64.0 sina, por tener que efectuar allí Ricardo su proyectado casamiento

98.0 1897.0 1172.0 61.0 con Berenguela, hija de Sancho, rey de Navarra. Antes de partir,

99.0 1940.0 1177.0 62.0 Ricardo quiso despedirse de su hermana Matilde, que se hallaba

99.0 1985.0 1177.0 63.0 retirada desde su infancia en un convento, y hallarse presente á la

101.0 2030.0 1175.0 60.0 toma de hábito de la jóven novicia. Hallábase en este estado la be-

102.0 2073.0 1174.0 77.0 lla princesa, y daba gracias á Dios continuamente porque la hu-
