1426 2315
588.0 117.0 137.0 70.0 — 21—

525.0 259.0 288.0 57.0 CAPITULO VI.

87.0 438.0 1178.0 57.0 Perfidia de Lusiñan.—Batalla de Cesárea.—Lucha entre Malek-

126.0 487.0 1135.0 58.0 Adhel y Lusiñan.—Asesinato de Malek-Adhel á manos de un

126.0 532.0 1133.0 62.0 criminal.—Concluye Matilde sus dias en el Monte Carmelo.

150.0 742.0 1115.0 27.0 En las llanuras de Ascalon supo ricardo que Malek-Adhel ha-

87.0 757.0 1180.0 63.0 bia vuelto á tomar el mando de los ejércitos de su hermano, y que

92.0 802.0 1175.0 62.0 los sarracenos se aprestaban á presentar la batalla. Al punto orde-

90.0 848.0 1177.0 56.0 na á Lusiñan que se reuna á él con todas sus fuerzas, y siguen la

90.0 896.0 1177.0 54.0 marcha hasta poner el campamento frente de los enemigos. Lusi-

90.0 940.0 1181.0 55.0 ñan, rival implacable de Malek-Adhel, se encontraba en su tienda

92.0 983.0 1179.0 58.0 solo con su escudero; este hombre, llevado de una vil codicia, ha-

92.0 1034.0 1179.0 56.0 bia entrado hacia ya tiempo al servicio de Lusiñan, y por consi-

92.0 1075.0 1180.0 63.0 guiente estaba dispuesto á obedecer todo lo que le mandase, aun

92.0 1122.0 1179.0 54.0 que fuese un crímen, y Lusiñan meditaba uno.—Escucha, le dice:

95.0 1170.0 1181.0 51.0 en este dia memorable no tengo mas que una esperanza, ni esta

95.0 1211.0 1180.0 60.0 batalla terrible mas que un objeto, que es pelear contra Malek-

96.0 1260.0 1179.0 53.0 Adhel: quiero que me dé la muerte, pero no quiero que me sobre-

99.0 1304.0 1177.0 55.0 viva. Has de estar siempre junto á mí: si me alejo con él nos segui-

100.0 1350.0 1176.0 57.0 rás: si logro la victoria, permanecerás tranquilo; pero si caigo ó

99.0 1398.0 1175.0 56.0 muero cuento con tu fidelidad, y te repito que no permitas que me

100.0 1444.0 202.0 47.0 sobreviva.

165.0 1473.0 1108.0 70.0 El escudero se lo prometió, y entonces Lusiñan quedó mas tran-

100.0 1531.0 937.0 57.0 quilo sin temer ya las contingencias de un combate.

145.0 1572.0 1132.0 57.0 Llegó, por fin, el dia de la batalla, y Ricardo condujo sus tro-

102.0 1621.0 1175.0 59.0 pas á la vista de los muros de Cesárea. No hallamos voces para es-

104.0 1666.0 1173.0 62.0 presar el horror de la sangre, tanto cristiana como musulmana, que

104.0 1713.0 1173.0 54.0 regaron los campos de esta invicta ciudad. Hasta los obispos con co-

105.0 1756.0 1174.0 61.0 raza se precipitaron tambien en el lugar de la lucha. Lusiñán, desde

106.0 1804.0 1173.0 59.0 que sacó su espada, estuvo observando si veia á su rival Adhel.

106.0 1853.0 1175.0 59.0 Ricardo con los suyos cayó sobre la linea izquierda de los enemi-

110.0 1897.0 1174.0 59.0 gos, donde hacia prodigios de valor, y ya estaba á punto de acosar-

110.0 1942.0 1170.0 54.0 la, cuando un confuso rumor de voces y gritos comunicaron la llega-

108.0 1988.0 1177.0 51.0 da de Malek-Adhel, y mientras que su hermano mandaba el grueso

109.0 2035.0 1176.0 56.0 del ejército, y Kaled la linea derecha, se puso él como un rayo al

110.0 2078.0 1175.0 76.0 lado de la linea izquierda que se desalentaba acosada por Ricardo
