1416 2317
586.0 130.0 152.0 63.0 —9—

106.0 160.0 747.0 83.0 —Angélica belleza,¿qué ordenais de mí?

127.0 204.0 1120.0 93.0 Matilde, dirigiéndole entonces una mirada menos severa, la con-

70.0 279.0 339.0 49.0 testó con dulzura:

112.0 287.0 1132.0 91.0 —Deseo que me conduzcais adonde está la reina. Dice, y empe-

64.0 356.0 1187.0 71.0 zó á marchar la princesa, precedida de Malek-Adhel, y llegaron

61.0 408.0 1191.0 64.0 adonde estaba Berenguela, á la que encontraron en compañía de un

67.0 455.0 174.0 60.0 guerrero.

61.0 491.0 1188.0 76.0 —¿Quién es el temerario, señora, dijo el príncipe á Berenguela,

68.0 544.0 1187.0 66.0 que se atreve á internarse en este recinto sin el correspondiente

61.0 592.0 174.0 62.0 permiso?

113.0 606.0 937.0 85.0 —Es Joselin de Montmorency, contestó Berenguela.

60.0 669.0 1195.0 73.0 —Tan ilustre nombre ha llegado ya á mis oidos con el de todos

60.0 720.0 1191.0 70.0 los reyes de Europa, dijo el príncipe, sin cesar de admirar el con-

57.0 772.0 495.0 60.0 tinente marcial de Joselin.

137.0 805.0 1116.0 71.0 Este caballero fue hecho prisionero en un combate, y habiendo

63.0 853.0 1192.0 71.0 Malek-Adhel concebido sospechas de que amaba á Matilde, mil vio-

63.0 904.0 1189.0 63.0 lentos proyectos asaltaban su imaginacion, y todos le aconsejaban

61.0 948.0 1194.0 71.0 á que se deshiciese de un rival tan peligroso; por fin resolvió casti-

63.0 995.0 1189.0 65.0 gar á Montmorency, pero como los héroes castigan, de un modo

69.0 1040.0 1184.0 64.0 digno de su nobleza. Marchad á vuestros reales, le dijo, presen-

64.0 1086.0 1192.0 66.0 taos á vuestros jefes, y decidles queno les teme, puesto que tengo,

61.0 1132.0 1192.0 68.0 atrevimiento para dejar que se reuna á ellos un guerrero de vuestra

67.0 1181.0 228.0 56.0 nombradía.

135.0 1187.0 1116.0 98.0 Dichas estas palabras y recibiendo Joselin los mensajes de las

63.0 1269.0 1190.0 64.0 princesas, marchó al campamento cristiano. Cuando llegó á el, se

67.0 1312.0 1186.0 70.0 encontraban los jefes disponiéndose para el asalto de la ciudad de

78.0 1361.0 219.0 52.0 Tolemaida.

144.0 1378.0 1109.0 89.0 Este se efectuó con gran valor por una y otra parte, y cada com-

69.0 1448.0 1186.0 67.0 batiente estaba animado de la mas ardiente fe por su causa. Mont-

64.0 1499.0 1189.0 63.0 morency hizo prodigios de valor, como asimismo todos los jefes

72.0 1542.0 1183.0 63.0 del ejército. Por fin, despues de penosos esfuerzos por parte de los

72.0 1588.0 1184.0 64.0 sitiadores, la ondeante bandera de la cruz se ostentaba en el sitio

67.0 1637.0 837.0 62.0 que antes habia ocupado la de la media luna.

131.0 1654.0 1122.0 81.0 En tanto que estos sucesos pasaban en Tolemaida,  las princesas

69.0 1732.0 1184.0 54.0 sufrian en Damieta su cautiverio. Por último, despues de varlas es-

70.0 1768.0 1187.0 66.0 tipulaciones, ordenó el sultan Saladino que Matilde partiese al

72.0 1823.0 1184.0 53.0 campamento cristiano y Berenguela quedase en rehenes hasta que

75.0 1861.0 1180.0 62.0 los cristianos le entregasen la ciudad de Tolemaida. Al recibir el

73.0 1906.0 1185.0 66.0 príncipe tan funesta órden, se apoderó de él y de Berenguela una

73.0 1955.0 1182.0 56.0 profunda tristeza; esta porque no podia estrechar entre sus brazos

74.0 2004.0 1184.0 59.0 á su amado esposo, y el príncipe por la separacion de Matilde que

68.0 2042.0 1189.0 63.0 le era tan costosa. En vano rogaron al sultan para que revocase sus

81.0 2081.0 1168.0 89.0 órdenes, pues la partida de Matilde se preparó para el sigulente dia.

960.0 2134.0 33.0 60.0 2
