1416 2296
565.0 125.0 182.0 61.0 — 19—

110.0 172.0 1132.0 65.0 —Gran rey, la última vez que nos vimos me manifestaste cuán

63.0 225.0 1178.0 58.0 peligroso era tenerte por enemigo, y hoy me presentas la dicha que

63.0 266.0 648.0 60.0 se disfrutaria teniéndote por amigo.

104.0 311.0 1137.0 61.0 —¿No consiente tu corazon el darnos este nombre, ilustre Ricar-

62.0 357.0 1180.0 60.0 do? esclamó Malek-Adhel conmovido al distinguir en aquel rostro

65.0 401.0 1176.0 59.0 varonil y altivo la imágen y facciones de la prenda que amaba, y con-

63.0 446.0 1179.0 68.0 tinuó diciendo: no te niegues tampoco en añadir al título de aliado

66.0 491.0 306.0 60.0 el de hermano.

108.0 537.0 1135.0 61.0 —Entretanto se acercaba la hora de abrirse los torneos; Ricardo

65.0 582.0 1177.0 60.0 dijo á Saladino si le honraria con su presencia; y tú, Malek-Adhel,

66.0 627.0 1177.0 63.0 añadió: ¿no vendrás tambien á ostentar tu valor? El premio de los

65.0 674.0 1181.0 59.0 juegos para el vencedor será el de mi hermana, y supongo que tú

67.0 720.0 422.0 63.0 querrás conseguirla...

113.0 767.0 1130.0 62.0 —Allá voy, esclamó el príncipe agitando la lanza y con los ojos

72.0 811.0 648.0 57.0 centelleantes de amor y de gloria.

117.0 863.0 1129.0 52.0 —Reprime un poco tu valor, repuso el rey, y conténtate por ahora

68.0 908.0 1178.0 53.0 con ser espectador hasta que los jueces determinen abrir el campo.

135.0 945.0 1113.0 61.0 Llegados al sitio del combate, Saladino se colocó en un trono

71.0 992.0 1179.0 61.0 recamado de plata y púrpura, ondeando sobre su cimera el pendon

68.0 1040.0 1179.0 59.0 de la media luna. Malek-Adhel se sentó en su sitial un poco mas

70.0 1085.0 1181.0 56.0 bajo que el de su hermano. A este tiempo se presentó la princesa

71.0 1132.0 1179.0 56.0 de Inglaterra, acompañada de su hermana Berenguela y otros va-

71.0 1173.0 1180.0 60.0 rios caballeros, entre ellos Lusiñan. Berenguela vió á los dos her-

71.0 1223.0 1180.0 52.0 manos, y despues de echar una mirada de gratitud al príncipe, sa-

73.0 1265.0 1175.0 59.0 ludó afectuosamente á Saladino. A este tiempo sonaron los clarines

76.0 1312.0 1174.0 55.0 y timbales anunciando que se empezaba el combate; al momento

75.0 1354.0 1173.0 56.0 se vió la liza cubierta de infinitos caballeros aspirantes al honor de

72.0 1402.0 494.0 61.0 ser premiados por Matilde.

139.0 1443.0 1111.0 63.0 Lusiñan, animado de un valor sin igual, monta en un fogoso

75.0 1498.0 1176.0 49.0 caballo, levanta la lanza y publica el desafio. Al punto se cruzan

76.0 1538.0 1175.0 57.0 los aceros, se rompen armaduras, brillan las chispas, y hombres

81.0 1580.0 1170.0 61.0 y caballos caen mezclados sobre la arena. Lusiñan es el único que

76.0 1630.0 1175.0 57.0 permanece en pie, y ya iba á recibir el premio de mano de la prin-

75.0 1672.0 1178.0 58.0 cesa, cuando Saladino, incomodado de que este hubiera vencido á

80.0 1716.0 874.0 61.0 sus principales guerreros, le propuso el combate.

126.0 1761.0 1129.0 63.0 —Baja acá, ilustre sultan, le dice Lusiñan. que estoy ufano con

84.0 1813.0 1168.0 54.0 tu desafio: apresúrate, que el ruido de tu caida será como el precur-

84.0 1854.0 386.0 56.0 sor de la de tu trono.

151.0 1896.0 1105.0 56.0 Saladino tembló de cólera al oir estas palabras. Llegan á las ma-

86.0 1947.0 1171.0 58.0 nos los dos guerreros con igual valor y esfuerzo, pasando así un

90.0 1989.0 1167.0 59.0 gran rato sin que los espectadores pudiesen decidir cuál de los dos

89.0 2039.0 1170.0 51.0 campeones llevaria lo mejor de la lid, mientras que ellos admirados

89.0 2080.0 1172.0 83.0 de hallar tanta resistencia en su contrario, redoblaban la violencia
