<?xml version="1.0" encoding="UTF-8"?>
<alto xmlns:xsi="http://www.w3.org/2001/XMLSchema-instance"
      xmlns="http://www.loc.gov/standards/alto/ns-v4#"
      xsi:schemaLocation="http://www.loc.gov/standards/alto/ns-v4# http://www.loc.gov/standards/alto/v4/alto-4-2.xsd">
  <Description>
    <MeasurementUnit>pixel</MeasurementUnit>
    <sourceImageInformation>
      <fileName>Varios_432_24.jpg</fileName>
      
    </sourceImageInformation>
  </Description>
  
  <Tags>
    <OtherTag ID="BT221" LABEL="CustomZone:impresorNum" DESCRIPTION="block type CustomZone:impresorNum"/><OtherTag ID="BT222" LABEL="CustomZone:numero_pliego" DESCRIPTION="block type CustomZone:numero_pliego"/><OtherTag ID="BT223" LABEL="CustomZone:title" DESCRIPTION="block type CustomZone:title"/><OtherTag ID="BT224" LABEL="GraphicZone:illustration" DESCRIPTION="block type GraphicZone:illustration"/><OtherTag ID="BT225" LABEL="GraphicZone:ornamentation" DESCRIPTION="block type GraphicZone:ornamentation"/><OtherTag ID="BT226" LABEL="MainZone" DESCRIPTION="block type MainZone"/><OtherTag ID="BT227" LABEL="MainZone:columns" DESCRIPTION="block type MainZone:columns"/><OtherTag ID="BT228" LABEL="MarginTextZone:colophon" DESCRIPTION="block type MarginTextZone:colophon"/><OtherTag ID="BT229" LABEL="MarginTextZone:note" DESCRIPTION="block type MarginTextZone:note"/><OtherTag ID="BT230" LABEL="MusicZone" DESCRIPTION="block type MusicZone"/><OtherTag ID="BT231" LABEL="NumberingZone:page" DESCRIPTION="block type NumberingZone:page"/><OtherTag ID="BT232" LABEL="QuireMarksZone:catchwords" DESCRIPTION="block type QuireMarksZone:catchwords"/><OtherTag ID="BT233" LABEL="QuireMarksZone:signature" DESCRIPTION="block type QuireMarksZone:signature"/><OtherTag ID="BT234" LABEL="RunningTitleZone" DESCRIPTION="block type RunningTitleZone"/>
    <OtherTag ID="LT81" LABEL="CustomLine:propriedad" DESCRIPTION="line type CustomLine:propriedad"/><OtherTag ID="LT82" LABEL="CustomLine:trailer" DESCRIPTION="line type CustomLine:trailer"/><OtherTag ID="LT83" LABEL="DefaultLine" DESCRIPTION="line type DefaultLine"/><OtherTag ID="LT84" LABEL="HeadingLine" DESCRIPTION="line type HeadingLine"/>
  </Tags>
  
  <Layout>
    <Page WIDTH="1450"
          HEIGHT="2307"
          PHYSICAL_IMG_NR="147"
          ID="eSc_dummypage_">
      <PrintSpace HPOS="0"
                  VPOS="0"
                  WIDTH="1450"
                  HEIGHT="2307">
        
        <TextBlock HPOS="628.0"
                   VPOS="43.0"
                   WIDTH="263.0"
                   HEIGHT="143.0"
                   ID="block_3"
                   TAGREFS="BT231">
          <Shape><Polygon POINTS="891 43 891 186 628 186 628 43"/></Shape>
          
          
          <TextLine ID="line_0"
                    TAGREFS="LT83"
                    BASELINE="674 166 848 155" 
                    HPOS="678.0"
                    VPOS="116.0"
                    WIDTH="170.0"
                    HEIGHT="60.0">
            <Shape><Polygon POINTS="678 176 847 174 848 155 848 126 837 117 835 117 834 117 833 117 793 126 764 116 762 116 761 116 679 126 679 152"/></Shape>
	    <String CONTENT="— 24—"
                    HPOS="678.0"
                    VPOS="116.0"
                    WIDTH="170.0"
                    HEIGHT="60.0"></String>
          </TextLine>

          
        </TextBlock>
        
        <TextBlock HPOS="128.0"
                   VPOS="170.0"
                   WIDTH="1269.0"
                   HEIGHT="1732.0"
                   ID="block_2"
                   TAGREFS="BT226">
          <Shape><Polygon POINTS="128 170 1397 189 1397 1902 130 1902 130 189"/></Shape>
          
          
          <TextLine ID="line_1"
                    TAGREFS="LT83"
                    BASELINE="167 203 1346 201" 
                    HPOS="166.0"
                    VPOS="189.0"
                    WIDTH="1180.0"
                    HEIGHT="39.0">
            <Shape><Polygon POINTS="1333 189 1320 189 1307 189 1294 189 1282 189 1269 189 1256 189 1243 189 1230 189 1217 189 1205 189 1192 189 1179 189 1166 189 1153 189 1141 189 1128 189 1115 189 1102 189 1089 189 1076 189 1064 189 1051 189 1038 189 1025 189 1012 189 1000 189 987 189 974 189 961 189 948 189 935 189 923 189 910 189 897 189 884 189 871 189 858 189 846 189 833 189 820 189 807 189 794 189 782 189 769 189 756 189 743 189 730 189 717 189 705 189 692 189 679 189 666 189 653 189 641 189 628 189 615 189 602 189 589 189 576 189 564 189 551 189 538 189 525 189 512 189 500 189 487 189 474 189 461 189 448 189 435 189 423 189 410 189 397 189 384 189 371 189 358 189 346 189 333 189 320 189 307 189 294 189 282 189 269 189 256 189 243 189 230 189 217 189 205 189 192 189 179 189 166 189 167 203 167 228 1344 220 1346 201 1342 189 1333 189"/></Shape>
	    <String CONTENT="fin al sitio fatal. La vírgen, así que descubrió el cuerpo de su ama-"
                    HPOS="166.0"
                    VPOS="189.0"
                    WIDTH="1180.0"
                    HEIGHT="39.0"></String>
          </TextLine>

          
          
          <TextLine ID="line_2"
                    TAGREFS="LT83"
                    BASELINE="169 248 1347 246" 
                    HPOS="167.0"
                    VPOS="214.0"
                    WIDTH="1180.0"
                    HEIGHT="61.0">
            <Shape><Polygon POINTS="169 248 170 275 193 266 216 274 217 274 219 275 291 275 361 275 361 274 362 274 364 274 376 266 435 272 437 272 505 266 515 272 516 274 517 274 519 274 520 274 534 272 594 266 621 272 632 274 633 275 732 275 732 274 733 274 734 274 738 271 746 266 771 271 783 272 784 274 923 274 923 272 924 272 934 270 953 265 1012 269 1058 272 1060 272 1346 266 1347 246 1344 220 758 214 757 214 756 214 737 220 179 215 178 215 176 215 175 215 167 219 169 248"/></Shape>
	    <String CONTENT="do, corrió presurosa, y con los ojos bañados en lágrimas se preci-"
                    HPOS="167.0"
                    VPOS="214.0"
                    WIDTH="1180.0"
                    HEIGHT="61.0"></String>
          </TextLine>

          
          
          <TextLine ID="line_3"
                    TAGREFS="LT83"
                    BASELINE="169 294 1348 292" 
                    HPOS="167.0"
                    VPOS="260.0"
                    WIDTH="1181.0"
                    HEIGHT="60.0">
            <Shape><Polygon POINTS="169 294 169 320 214 314 412 319 415 319 416 319 417 319 419 319 429 312 444 319 446 319 447 319 450 319 503 312 524 319 525 319 526 319 528 319 548 319 758 311 779 317 780 317 782 317 783 317 793 317 876 311 938 316 955 317 956 317 970 316 1019 311 1346 314 1348 292 1346 266 762 260 761 260 760 260 747 266 191 261 189 261 188 261 167 267 169 294"/></Shape>
	    <String CONTENT="pita y arrodilla junto á él; pone una mano trémula sobre su cora-"
                    HPOS="167.0"
                    VPOS="260.0"
                    WIDTH="1181.0"
                    HEIGHT="60.0"></String>
          </TextLine>

          
          
          <TextLine ID="line_4"
                    TAGREFS="LT83"
                    BASELINE="166 337 1348 339" 
                    HPOS="166.0"
                    VPOS="305.0"
                    WIDTH="1182.0"
                    HEIGHT="53.0">
            <Shape><Polygon POINTS="166 337 166 358 1347 357 1348 339 1346 305 1292 311 1282 305 1280 305 1279 305 1278 305 166 308 166 337"/></Shape>
	    <String CONTENT="zon y permanece algunos minutos en aquel estado. De repente un"
                    HPOS="166.0"
                    VPOS="305.0"
                    WIDTH="1182.0"
                    HEIGHT="53.0"></String>
          </TextLine>

          
          
          <TextLine ID="line_5"
                    TAGREFS="LT83"
                    BASELINE="169 381 1346 384" 
                    HPOS="169.0"
                    VPOS="349.0"
                    WIDTH="1177.0"
                    HEIGHT="62.0">
            <Shape><Polygon POINTS="169 381 169 407 237 402 246 407 247 408 248 408 250 408 251 410 312 410 312 408 324 407 360 401 369 407 371 408 373 408 374 408 375 410 506 410 506 408 507 408 515 406 529 401 537 406 541 408 542 408 543 408 544 410 657 410 657 408 658 408 666 405 674 402 693 405 717 408 719 408 737 405 755 401 769 405 787 410 788 410 789 410 791 410 812 405 821 402 826 405 839 410 841 410 842 411 1033 411 1033 410 1034 410 1051 403 1055 402 1232 402 1233 402 1250 410 1251 410 1252 410 1253 410 1255 410 1266 402 1267 402 1344 402 1346 384 1344 356 169 349 169 381"/></Shape>
	    <String CONTENT="vislumbre de alegría penetra en su seno, y con voz aguda esclama:"
                    HPOS="169.0"
                    VPOS="349.0"
                    WIDTH="1177.0"
                    HEIGHT="62.0"></String>
          </TextLine>

          
          
          <TextLine ID="line_6"
                    TAGREFS="LT83"
                    BASELINE="170 431 1350 429" 
                    HPOS="169.0"
                    VPOS="394.0"
                    WIDTH="1181.0"
                    HEIGHT="63.0">
            <Shape><Polygon POINTS="170 431 171 456 185 449 294 456 306 456 307 456 315 456 383 449 405 456 407 456 408 456 410 457 508 457 508 456 510 456 511 456 520 449 530 456 532 456 533 456 534 456 539 456 571 449 601 456 606 456 607 456 629 454 733 449 752 454 756 456 757 456 758 456 870 454 871 454 887 448 938 454 942 454 943 454 948 454 1015 448 1047 454 1051 454 1052 454 1070 454 1228 448 1348 453 1350 429 1347 401 760 394 758 394 757 394 739 401 223 396 221 396 169 402 170 431"/></Shape>
	    <String CONTENT="¡padre mio! su corazon palpita todavía. Al punto levanta la cabeza"
                    HPOS="169.0"
                    VPOS="394.0"
                    WIDTH="1181.0"
                    HEIGHT="63.0"></String>
          </TextLine>

          
          
          <TextLine ID="line_7"
                    TAGREFS="LT83"
                    BASELINE="166 476 1348 472" 
                    HPOS="165.0"
                    VPOS="443.0"
                    WIDTH="1183.0"
                    HEIGHT="58.0">
            <Shape><Polygon POINTS="166 476 166 493 248 493 252 493 274 501 275 501 276 501 278 501 302 493 306 493 373 493 375 493 389 501 391 501 392 501 447 493 456 493 476 493 583 499 584 499 585 499 607 493 611 493 612 493 621 499 623 499 624 499 625 499 688 493 700 493 703 493 721 499 723 499 724 501 870 501 870 499 871 499 887 493 889 493 898 493 946 499 947 499 948 499 950 499 957 493 961 490 973 493 988 498 989 498 991 499 1119 499 1119 498 1120 498 1121 498 1128 493 1134 490 1146 493 1162 498 1164 498 1165 498 1347 493 1348 472 1346 447 178 443 176 443 175 443 174 443 165 447 166 476"/></Shape>
	    <String CONTENT="del heroe, ella la estrecha contra su pecho y calienta con su puro"
                    HPOS="165.0"
                    VPOS="443.0"
                    WIDTH="1183.0"
                    HEIGHT="58.0"></String>
          </TextLine>

          
          
          <TextLine ID="line_8"
                    TAGREFS="LT83"
                    BASELINE="165 521 1346 521" 
                    HPOS="165.0"
                    VPOS="494.0"
                    WIDTH="1181.0"
                    HEIGHT="54.0">
            <Shape><Polygon POINTS="165 521 165 539 203 539 217 547 219 547 220 547 221 548 312 548 312 547 314 547 334 539 434 539 461 547 462 547 464 547 465 547 488 540 497 547 498 547 500 547 501 548 603 548 603 547 605 547 606 547 619 539 635 547 637 547 638 548 814 548 814 547 884 539 956 547 957 547 1008 539 1088 547 1089 547 1224 539 1275 547 1276 547 1346 538 1346 521 1346 494 165 494 165 521"/></Shape>
	    <String CONTENT="aliento los helados labios que la muerte iba á cerrar para siempre."
                    HPOS="165.0"
                    VPOS="494.0"
                    WIDTH="1181.0"
                    HEIGHT="54.0"></String>
          </TextLine>

          
          
          <TextLine ID="line_9"
                    TAGREFS="LT83"
                    BASELINE="165 567 1347 563" 
                    HPOS="164.0"
                    VPOS="529.0"
                    WIDTH="1183.0"
                    HEIGHT="64.0">
            <Shape><Polygon POINTS="165 567 165 589 535 593 537 593 579 588 598 585 602 588 608 592 610 592 611 592 612 593 735 593 735 592 791 587 805 585 819 587 874 592 875 592 967 585 992 584 994 585 1006 590 1007 590 1008 592 1214 592 1214 590 1301 584 1311 590 1312 590 1314 590 1315 590 1346 583 1347 563 1344 538 1302 529 1301 529 1300 529 1275 537 1273 537 1112 529 1111 529 1110 529 1088 537 1085 538 1020 538 1014 535 976 529 975 529 926 535 907 538 893 535 873 531 871 531 805 535 748 538 735 534 720 530 719 530 717 530 716 530 715 530 708 534 702 539 643 539 630 534 617 530 616 530 615 530 589 534 556 540 462 540 450 533 446 531 444 531 324 531 323 531 321 531 317 533 302 539 164 533 165 567"/></Shape>
	    <String CONTENT="Mientras Matilde se ocupaba en esto, el arzobispo piensa en otro"
                    HPOS="164.0"
                    VPOS="529.0"
                    WIDTH="1183.0"
                    HEIGHT="64.0"></String>
          </TextLine>

          
          
          <TextLine ID="line_10"
                    TAGREFS="LT83"
                    BASELINE="166 612 1344 612" 
                    HPOS="166.0"
                    VPOS="580.0"
                    WIDTH="1178.0"
                    HEIGHT="59.0">
            <Shape><Polygon POINTS="166 612 166 630 314 630 335 638 337 638 338 639 696 639 696 638 697 638 714 630 750 638 751 639 850 639 850 638 851 638 880 630 1048 638 1050 638 1185 630 1237 638 1238 638 1343 629 1344 612 1343 584 166 580 166 612"/></Shape>
	    <String CONTENT="deber mayor; al pie de las rocas habia oido murmurar un arroyo;"
                    HPOS="166.0"
                    VPOS="580.0"
                    WIDTH="1178.0"
                    HEIGHT="59.0"></String>
          </TextLine>

          
          
          <TextLine ID="line_11"
                    TAGREFS="LT83"
                    BASELINE="162 657 1343 654" 
                    HPOS="161.0"
                    VPOS="628.0"
                    WIDTH="1182.0"
                    HEIGHT="53.0">
            <Shape><Polygon POINTS="162 657 162 680 1341 681 1343 654 1339 628 161 629 162 657"/></Shape>
	    <String CONTENT="coje presuroso el ensangrentado casco del príncipe y se fue á lle-"
                    HPOS="161.0"
                    VPOS="628.0"
                    WIDTH="1182.0"
                    HEIGHT="53.0"></String>
          </TextLine>

          
          
          <TextLine ID="line_12"
                    TAGREFS="LT83"
                    BASELINE="165 701 1264 703" 
                    HPOS="164.0"
                    VPOS="674.0"
                    WIDTH="1100.0"
                    HEIGHT="57.0">
            <Shape><Polygon POINTS="165 701 164 727 226 729 228 729 229 729 232 727 247 720 271 727 276 729 278 729 279 729 293 727 329 722 339 727 343 729 344 729 346 730 482 730 482 729 483 729 484 729 488 726 494 721 585 720 607 725 623 729 624 729 625 729 671 725 698 722 705 725 720 730 721 730 723 730 755 724 765 722 773 724 798 730 800 730 801 731 855 731 855 730 856 730 869 724 873 721 902 722 996 730 997 730 998 730 1029 722 1030 722 1053 729 1055 729 1056 729 1105 721 1112 721 1262 721 1264 703 1262 675 165 674 165 701"/></Shape>
	    <String CONTENT="narle de agua para bautizar, por fin, á aquella alma heróica."
                    HPOS="164.0"
                    VPOS="674.0"
                    WIDTH="1100.0"
                    HEIGHT="57.0"></String>
          </TextLine>

          
          
          <TextLine ID="line_13"
                    TAGREFS="LT83"
                    BASELINE="230 747 1348 749" 
                    HPOS="230.0"
                    VPOS="712.0"
                    WIDTH="1118.0"
                    HEIGHT="63.0">
            <Shape><Polygon POINTS="230 747 230 772 300 767 311 772 314 774 315 774 316 775 476 775 476 774 478 774 483 771 491 767 498 771 501 774 502 774 503 774 505 774 506 774 511 771 523 766 546 771 558 774 560 774 574 771 600 766 623 771 638 774 639 774 641 774 648 771 658 766 666 771 670 774 671 774 673 774 674 774 705 770 733 767 755 770 791 775 792 775 793 775 808 770 817 767 846 770 894 774 896 774 943 769 962 767 966 769 975 774 976 774 978 775 978 774 979 774 989 769 992 767 994 769 1007 775 1008 775 1010 775 1011 775 1033 769 1038 767 1188 767 1189 767 1198 774 1200 774 1201 774 1202 774 1203 774 1216 767 1217 767 1347 767 1348 749 1348 722 1324 715 1323 715 1321 715 1176 720 1146 721 1126 720 1067 715 1066 715 1044 719 1034 721 1026 719 1012 715 1011 715 1010 715 1008 715 992 719 982 721 974 719 965 715 964 715 962 715 961 715 953 719 947 722 803 722 788 717 776 713 775 713 774 713 755 716 734 720 714 716 698 713 697 713 644 716 546 720 507 715 500 713 498 713 497 713 494 713 482 721 279 721 230 712 230 747"/></Shape>
	    <String CONTENT="El príncipe oyó la voz de la vírgen, que tanta influencia tenia"
                    HPOS="230.0"
                    VPOS="712.0"
                    WIDTH="1118.0"
                    HEIGHT="63.0"></String>
          </TextLine>

          
          
          <TextLine ID="line_14"
                    TAGREFS="LT83"
                    BASELINE="162 794 1347 792" 
                    HPOS="161.0"
                    VPOS="760.0"
                    WIDTH="1186.0"
                    HEIGHT="61.0">
            <Shape><Polygon POINTS="162 794 162 812 228 812 230 813 241 820 242 820 243 820 244 820 278 813 284 812 291 813 326 820 328 821 428 821 428 820 429 820 448 813 453 812 458 813 483 820 484 820 485 820 514 813 521 812 529 813 553 820 555 820 556 821 616 821 616 820 617 820 619 820 626 813 630 812 646 813 685 818 687 818 708 813 717 812 720 813 729 820 730 820 732 820 733 820 973 815 1043 813 1052 815 1073 818 1074 818 1093 815 1114 811 1138 815 1161 818 1162 818 1346 815 1347 792 1344 760 732 760 730 760 729 760 721 763 714 766 705 763 694 760 693 760 692 760 691 760 683 763 676 766 665 763 650 760 648 760 647 760 646 760 632 763 621 766 611 763 594 760 593 760 592 760 530 765 503 766 497 765 483 760 482 760 480 760 353 766 330 766 323 766 276 760 275 760 237 766 235 766 234 766 207 760 206 760 205 760 161 766 162 794"/></Shape>
	    <String CONTENT="sobre él, y empezó á entreabrir los ojos.—Hijo mio, le dijo el arzo-"
                    HPOS="161.0"
                    VPOS="760.0"
                    WIDTH="1186.0"
                    HEIGHT="61.0"></String>
          </TextLine>

          
          
          <TextLine ID="line_15"
                    TAGREFS="LT83"
                    BASELINE="162 840 1347 838" 
                    HPOS="161.0"
                    VPOS="807.0"
                    WIDTH="1186.0"
                    HEIGHT="58.0">
            <Shape><Polygon POINTS="162 840 162 859 744 865 746 865 865 862 1121 857 1158 863 1161 863 1162 863 1170 863 1271 857 1344 863 1347 838 1344 811 161 807 162 840"/></Shape>
	    <String CONTENT="bispo al ver que volvia en sí: hijo mio, consagra tus últimos pensa"
                    HPOS="161.0"
                    VPOS="807.0"
                    WIDTH="1186.0"
                    HEIGHT="58.0"></String>
          </TextLine>

          
          
          <TextLine ID="line_16"
                    TAGREFS="LT83"
                    BASELINE="161 886 1347 886" 
                    HPOS="161.0"
                    VPOS="858.0"
                    WIDTH="1186.0"
                    HEIGHT="53.0">
            <Shape><Polygon POINTS="161 886 161 902 365 902 367 903 378 909 379 909 380 909 382 909 447 903 469 902 557 902 562 904 570 909 571 909 573 909 574 911 729 911 729 909 730 909 732 909 738 906 741 903 744 906 750 909 751 909 752 909 753 911 1162 911 1162 909 1164 909 1167 908 1192 903 1270 909 1276 909 1278 909 1279 909 1297 902 1344 909 1347 886 1346 858 161 858 161 886"/></Shape>
	    <String CONTENT="mientos hácia un Dios sumamente bueno, y hazte digno de ir á su"
                    HPOS="161.0"
                    VPOS="858.0"
                    WIDTH="1186.0"
                    HEIGHT="53.0"></String>
          </TextLine>

          
          
          <TextLine ID="line_17"
                    TAGREFS="LT83"
                    BASELINE="162 929 1344 931" 
                    HPOS="162.0"
                    VPOS="894.0"
                    WIDTH="1182.0"
                    HEIGHT="62.0">
            <Shape><Polygon POINTS="162 929 162 948 308 945 346 948 403 953 405 953 406 953 421 948 429 945 435 948 448 953 450 953 451 954 598 954 598 953 624 948 634 945 643 948 662 953 664 953 665 953 666 953 667 953 675 948 679 945 683 948 694 953 696 953 697 953 783 948 817 954 819 956 1028 956 1028 954 1064 947 1066 947 1069 947 1124 954 1125 954 1244 947 1246 947 1247 947 1287 954 1288 954 1343 945 1344 931 1343 906 1273 897 1271 897 1270 897 1244 903 1194 897 1193 897 1192 897 1173 903 1169 904 1165 903 1144 897 1143 897 1142 897 1084 903 1074 903 1070 902 1052 897 1051 897 1050 897 1006 902 983 904 974 902 961 897 960 897 958 897 921 901 889 904 843 901 803 897 802 897 801 897 794 899 787 903 769 899 747 895 746 895 723 899 697 903 670 898 651 895 650 895 615 898 552 903 539 897 535 895 534 895 533 895 515 897 467 902 451 897 448 895 447 895 446 895 444 895 441 897 415 904 228 904 215 895 214 895 212 895 162 894 162 929"/></Shape>
	    <String CONTENT="lado.—Sí, amado mio, esclamó la vírgen, espera tu salvacion, y..."
                    HPOS="162.0"
                    VPOS="894.0"
                    WIDTH="1182.0"
                    HEIGHT="62.0"></String>
          </TextLine>

          
          
          <TextLine ID="line_18"
                    TAGREFS="LT83"
                    BASELINE="162 979 1347 974" 
                    HPOS="161.0"
                    VPOS="940.0"
                    WIDTH="1186.0"
                    HEIGHT="57.0">
            <Shape><Polygon POINTS="162 979 162 997 1346 995 1347 974 1343 943 942 947 896 943 865 940 864 940 842 943 810 947 788 943 774 940 773 940 746 943 707 947 683 943 671 942 670 942 669 942 667 942 666 943 657 948 617 943 602 942 601 942 600 942 596 943 584 949 498 949 480 943 474 942 473 942 471 942 470 942 464 943 442 949 398 943 392 943 391 943 389 943 387 943 366 949 161 944 162 979"/></Shape>
	    <String CONTENT="El príncipe la interrumpió diciendo: ¿Qué voz viene á rodear mi"
                    HPOS="161.0"
                    VPOS="940.0"
                    WIDTH="1186.0"
                    HEIGHT="57.0"></String>
          </TextLine>

          
          
          <TextLine ID="line_19"
                    TAGREFS="LT83"
                    BASELINE="162 1025 1347 1020" 
                    HPOS="161.0"
                    VPOS="984.0"
                    WIDTH="1186.0"
                    HEIGHT="66.0">
            <Shape><Polygon POINTS="162 1025 162 1043 246 1050 247 1050 248 1050 250 1050 262 1043 264 1043 328 1043 330 1043 366 1050 367 1050 369 1050 398 1043 428 1050 429 1050 430 1050 473 1041 476 1041 482 1041 517 1049 519 1050 642 1050 642 1049 688 1041 708 1048 710 1048 711 1048 785 1041 930 1048 932 1048 988 1040 998 1048 1000 1048 1001 1048 1002 1049 1050 1049 1050 1048 1051 1048 1079 1039 1082 1039 1085 1039 1130 1047 1132 1047 1133 1047 1151 1039 1152 1039 1155 1039 1211 1047 1212 1048 1319 1048 1319 1047 1320 1047 1347 1038 1347 1020 1346 992 1316 984 1315 984 1314 984 1197 990 1142 984 1141 984 1139 984 1119 990 1069 984 1067 984 1066 984 1042 992 1039 993 161 993 162 1025"/></Shape>
	    <String CONTENT="muerte de delicias? El arzobispo enternecido volvió á decirle: Hijo"
                    HPOS="161.0"
                    VPOS="984.0"
                    WIDTH="1186.0"
                    HEIGHT="66.0"></String>
          </TextLine>

          
          
          <TextLine ID="line_20"
                    TAGREFS="LT83"
                    BASELINE="161 1070 1347 1066" 
                    HPOS="160.0"
                    VPOS="1033.0"
                    WIDTH="1187.0"
                    HEIGHT="61.0">
            <Shape><Polygon POINTS="161 1070 161 1085 389 1085 391 1085 407 1094 408 1094 410 1094 453 1088 517 1094 519 1094 625 1084 629 1084 632 1084 684 1093 685 1094 860 1094 860 1093 861 1093 889 1086 946 1093 947 1093 948 1093 970 1084 992 1091 993 1091 994 1093 1096 1093 1096 1091 1097 1091 1115 1083 1156 1091 1157 1093 1314 1093 1314 1091 1315 1091 1347 1080 1347 1066 1344 1039 965 1033 964 1033 962 1033 935 1039 934 1039 920 1039 676 1034 675 1034 160 1040 161 1070"/></Shape>
	    <String CONTENT="mio, hazte digno de esperar tu eterna salvacion.—¿Con ella, padre"
                    HPOS="160.0"
                    VPOS="1033.0"
                    WIDTH="1187.0"
                    HEIGHT="61.0"></String>
          </TextLine>

          
          
          <TextLine ID="line_21"
                    TAGREFS="LT83"
                    BASELINE="162 1115 1344 1112" 
                    HPOS="161.0"
                    VPOS="1081.0"
                    WIDTH="1183.0"
                    HEIGHT="57.0">
            <Shape><Polygon POINTS="162 1115 162 1131 324 1136 325 1136 365 1131 376 1130 383 1131 401 1136 402 1136 403 1136 443 1131 455 1130 465 1131 507 1136 508 1136 510 1136 530 1131 535 1130 543 1131 588 1136 589 1136 628 1130 633 1130 634 1130 646 1136 647 1136 648 1138 743 1138 743 1136 744 1136 746 1136 756 1130 760 1129 871 1129 874 1130 885 1135 887 1135 888 1136 1056 1136 1056 1135 1093 1129 1096 1129 1098 1129 1123 1135 1124 1135 1125 1135 1126 1135 1143 1129 1144 1129 1162 1135 1164 1135 1165 1136 1275 1136 1275 1135 1343 1127 1344 1112 1341 1081 161 1083 162 1115"/></Shape>
	    <String CONTENT="mio?—Sí, hijo, le contestó el prelado, si tus últimos momentos los"
                    HPOS="161.0"
                    VPOS="1081.0"
                    WIDTH="1183.0"
                    HEIGHT="57.0"></String>
          </TextLine>

          
          
          <TextLine ID="line_22"
                    TAGREFS="LT83"
                    BASELINE="160 1158 1346 1158" 
                    HPOS="160.0"
                    VPOS="1122.0"
                    WIDTH="1186.0"
                    HEIGHT="57.0">
            <Shape><Polygon POINTS="160 1158 160 1179 1344 1179 1346 1158 1343 1124 1306 1130 1283 1124 1282 1124 1280 1124 1279 1124 1258 1130 1176 1124 1164 1124 1162 1124 1161 1124 1160 1124 1148 1129 1138 1124 1133 1122 1132 1122 1130 1122 1129 1122 1128 1122 1125 1125 1116 1130 1079 1125 1070 1124 1069 1124 1067 1124 1064 1125 1043 1131 858 1131 805 1126 755 1122 753 1122 752 1122 737 1126 723 1130 705 1126 683 1122 682 1122 644 1127 617 1130 612 1127 606 1122 605 1122 603 1122 602 1122 574 1127 558 1130 546 1127 521 1122 520 1122 494 1127 482 1130 462 1127 417 1122 416 1122 415 1122 414 1122 406 1129 402 1131 370 1131 362 1129 342 1122 341 1122 339 1122 267 1129 252 1130 251 1129 241 1122 239 1122 238 1122 187 1122 185 1122 184 1122 160 1129 160 1158"/></Shape>
	    <String CONTENT="dedicas hácia Dios. El venerable Guillermo se apresuró entonces á"
                    HPOS="160.0"
                    VPOS="1122.0"
                    WIDTH="1186.0"
                    HEIGHT="57.0"></String>
          </TextLine>

          
          
          <TextLine ID="line_23"
                    TAGREFS="LT83"
                    BASELINE="160 1204 1346 1204" 
                    HPOS="160.0"
                    VPOS="1171.0"
                    WIDTH="1186.0"
                    HEIGHT="58.0">
            <Shape><Polygon POINTS="160 1204 160 1218 215 1226 216 1226 302 1220 325 1227 326 1227 328 1227 492 1220 561 1220 585 1227 587 1227 588 1229 629 1229 629 1227 630 1227 632 1227 644 1220 687 1220 701 1227 702 1227 703 1227 705 1229 774 1229 774 1227 775 1227 776 1227 789 1220 811 1227 812 1227 814 1229 902 1229 902 1227 903 1227 920 1220 951 1227 952 1227 953 1227 1021 1220 1064 1227 1065 1227 1117 1220 1266 1227 1267 1227 1344 1218 1346 1204 1344 1171 160 1171 160 1204"/></Shape>
	    <String CONTENT="derramar, el agua sobre la cabeza del príncipe, y este, despues"
                    HPOS="160.0"
                    VPOS="1171.0"
                    WIDTH="1186.0"
                    HEIGHT="58.0"></String>
          </TextLine>

          
          
          <TextLine ID="line_24"
                    TAGREFS="LT83"
                    BASELINE="158 1250 1343 1250" 
                    HPOS="158.0"
                    VPOS="1213.0"
                    WIDTH="1185.0"
                    HEIGHT="64.0">
            <Shape><Polygon POINTS="158 1250 158 1270 241 1270 255 1276 256 1276 257 1277 521 1277 521 1276 523 1276 524 1276 533 1270 541 1276 542 1276 543 1276 544 1276 612 1270 674 1276 675 1276 716 1270 816 1276 817 1276 1211 1270 1260 1276 1261 1276 1343 1268 1343 1250 1343 1213 1137 1213 1135 1213 1134 1213 1132 1213 1106 1221 1091 1215 1089 1215 1088 1215 1044 1221 1026 1215 1024 1213 1023 1213 1021 1213 1012 1215 965 1221 934 1215 926 1213 925 1213 924 1213 919 1215 893 1221 856 1215 851 1215 850 1215 837 1215 735 1221 725 1216 723 1213 721 1213 720 1213 719 1213 703 1216 667 1221 646 1216 641 1215 639 1215 638 1215 623 1216 573 1221 564 1216 560 1213 558 1213 557 1213 514 1213 512 1213 511 1213 510 1213 506 1216 497 1221 158 1218 158 1250"/></Shape>
	    <String CONTENT="de dirigir sus ojos hácia el cielo, esclamó; ¡Oh celeste claridad!"
                    HPOS="158.0"
                    VPOS="1213.0"
                    WIDTH="1185.0"
                    HEIGHT="64.0"></String>
          </TextLine>

          
          
          <TextLine ID="line_25"
                    TAGREFS="LT83"
                    BASELINE="160 1297 1343 1293" 
                    HPOS="158.0"
                    VPOS="1259.0"
                    WIDTH="1185.0"
                    HEIGHT="63.0">
            <Shape><Polygon POINTS="160 1297 160 1320 287 1314 296 1320 297 1321 298 1321 300 1321 301 1322 417 1322 417 1321 432 1318 450 1314 475 1318 501 1321 502 1321 528 1317 556 1313 720 1316 947 1320 948 1320 1041 1313 1066 1312 1112 1313 1324 1318 1325 1318 1326 1318 1343 1311 1343 1293 1341 1267 1310 1259 1308 1259 1262 1266 1261 1266 1260 1266 1144 1259 1143 1259 1142 1259 1141 1259 1130 1266 1129 1267 938 1268 802 1268 797 1265 792 1261 791 1261 789 1261 647 1261 646 1261 644 1261 633 1265 623 1267 567 1265 529 1262 528 1262 526 1262 525 1262 523 1263 514 1268 158 1263 160 1297"/></Shape>
	    <String CONTENT="te he visto y no puedo perderte; fe, esperanza, amor, á vosotros"
                    HPOS="158.0"
                    VPOS="1259.0"
                    WIDTH="1185.0"
                    HEIGHT="63.0"></String>
          </TextLine>

          
          
          <TextLine ID="line_26"
                    TAGREFS="LT83"
                    BASELINE="160 1341 1344 1338" 
                    HPOS="158.0"
                    VPOS="1304.0"
                    WIDTH="1186.0"
                    HEIGHT="58.0">
            <Shape><Polygon POINTS="160 1341 160 1359 1342 1362 1344 1338 1342 1313 1056 1304 1055 1304 1053 1304 1029 1312 998 1306 997 1306 943 1313 942 1313 915 1307 914 1307 912 1307 643 1313 625 1306 624 1306 555 1306 553 1306 497 1314 496 1314 456 1307 455 1307 308 1314 285 1307 284 1307 283 1307 223 1313 175 1307 174 1307 173 1307 158 1313 160 1341"/></Shape>
	    <String CONTENT="me entrego; adios, Matilde, que voy á esperarte. Entonces el ar-"
                    HPOS="158.0"
                    VPOS="1304.0"
                    WIDTH="1186.0"
                    HEIGHT="58.0"></String>
          </TextLine>

          
          
          <TextLine ID="line_27"
                    TAGREFS="LT83"
                    BASELINE="161 1388 1344 1388" 
                    HPOS="161.0"
                    VPOS="1352.0"
                    WIDTH="1183.0"
                    HEIGHT="61.0">
            <Shape><Polygon POINTS="161 1388 161 1405 230 1413 232 1413 273 1407 321 1413 323 1413 356 1407 379 1413 380 1413 382 1413 1344 1405 1344 1388 1343 1353 253 1358 251 1358 196 1352 194 1352 161 1358 161 1388"/></Shape>
	    <String CONTENT="zobispo, cogiendo la mano del príncipe y la de Matilde las unió"
                    HPOS="161.0"
                    VPOS="1352.0"
                    WIDTH="1183.0"
                    HEIGHT="61.0"></String>
          </TextLine>

          
          
          <TextLine ID="line_28"
                    TAGREFS="LT83"
                    BASELINE="158 1430 1037 1432" 
                    HPOS="157.0"
                    VPOS="1397.0"
                    WIDTH="880.0"
                    HEIGHT="64.0">
            <Shape><Polygon POINTS="158 1430 157 1449 179 1458 180 1458 182 1459 221 1459 221 1458 223 1458 224 1458 224 1457 233 1449 234 1449 273 1449 274 1449 285 1458 287 1458 288 1458 289 1459 344 1459 344 1458 346 1458 347 1458 347 1457 356 1450 356 1449 357 1450 380 1458 382 1458 383 1458 438 1450 447 1449 466 1450 587 1458 588 1458 589 1458 591 1458 602 1450 611 1458 611 1459 612 1459 614 1459 615 1459 673 1450 676 1450 717 1450 719 1450 733 1459 734 1459 735 1459 737 1461 810 1461 810 1459 811 1459 837 1450 839 1450 847 1450 910 1457 911 1457 912 1457 933 1450 935 1450 937 1450 948 1458 950 1458 951 1458 952 1458 953 1458 955 1458 962 1450 964 1450 965 1450 992 1458 993 1458 994 1458 1035 1450 1037 1432 1035 1404 764 1399 762 1399 732 1400 670 1405 661 1400 660 1399 658 1399 657 1399 656 1399 655 1399 650 1400 629 1405 555 1399 529 1398 528 1398 497 1399 391 1404 353 1398 351 1398 350 1398 347 1398 297 1404 280 1398 279 1398 278 1398 276 1398 275 1398 267 1405 200 1405 158 1397 158 1430"/></Shape>
	    <String CONTENT="diciendo: Esposos cristianos, se el uno del otro."
                    HPOS="157.0"
                    VPOS="1397.0"
                    WIDTH="880.0"
                    HEIGHT="64.0"></String>
          </TextLine>

          
          
          <TextLine ID="line_29"
                    TAGREFS="LT83"
                    BASELINE="223 1477 1344 1477" 
                    HPOS="223.0"
                    VPOS="1444.0"
                    WIDTH="1121.0"
                    HEIGHT="60.0">
            <Shape><Polygon POINTS="223 1477 224 1503 261 1494 333 1502 334 1502 335 1502 337 1502 348 1494 417 1494 444 1502 451 1503 452 1503 453 1504 600 1504 600 1503 601 1503 611 1500 632 1494 674 1494 683 1499 688 1503 689 1503 691 1503 692 1503 714 1499 729 1496 744 1499 773 1503 774 1503 1079 1496 1116 1503 1117 1503 1198 1494 1208 1494 1217 1494 1275 1502 1276 1502 1344 1493 1344 1477 1344 1452 1278 1444 1276 1444 1275 1444 1252 1450 1251 1450 1228 1450 1016 1444 1015 1444 991 1449 982 1450 979 1449 973 1444 971 1444 970 1444 880 1444 879 1444 787 1448 697 1450 675 1447 660 1444 658 1444 642 1447 616 1450 605 1447 600 1444 598 1444 597 1444 596 1444 594 1444 592 1447 584 1452 464 1452 441 1445 437 1444 435 1444 434 1444 426 1445 391 1450 356 1444 351 1444 350 1444 341 1444 269 1450 223 1444 223 1477"/></Shape>
	    <String CONTENT="Pocos dias despues, la vírgen, seguida del arzobispo, fue adon-"
                    HPOS="223.0"
                    VPOS="1444.0"
                    WIDTH="1121.0"
                    HEIGHT="60.0"></String>
          </TextLine>

          
          
          <TextLine ID="line_30"
                    TAGREFS="LT83"
                    BASELINE="160 1521 1343 1523" 
                    HPOS="158.0"
                    VPOS="1484.0"
                    WIDTH="1185.0"
                    HEIGHT="65.0">
            <Shape><Polygon POINTS="160 1521 158 1539 251 1540 261 1548 262 1548 264 1548 265 1548 266 1548 289 1541 312 1548 314 1548 315 1549 441 1549 441 1548 442 1548 457 1541 526 1548 528 1548 529 1548 548 1541 575 1548 576 1548 578 1548 774 1543 801 1549 802 1549 803 1549 1342 1541 1343 1523 1342 1498 1284 1498 1283 1496 1266 1486 1265 1486 1264 1486 1262 1486 1261 1486 1234 1495 1230 1496 1221 1495 1153 1486 1152 1486 1110 1494 1098 1496 1085 1494 1056 1488 1055 1488 1053 1488 1033 1494 1020 1496 980 1493 948 1490 947 1490 946 1490 937 1493 920 1496 907 1491 898 1489 897 1489 896 1489 837 1491 741 1495 707 1490 680 1485 652 1485 651 1485 650 1485 648 1485 643 1489 632 1496 457 1496 424 1486 419 1485 417 1485 416 1485 362 1485 355 1486 353 1486 338 1494 320 1485 319 1485 266 1485 264 1485 262 1485 261 1485 234 1495 211 1485 210 1485 160 1484 160 1521"/></Shape>
	    <String CONTENT="de estaba Saladino, y le pidió el cuerpo de su esposo. Este, á pe-"
                    HPOS="158.0"
                    VPOS="1484.0"
                    WIDTH="1185.0"
                    HEIGHT="65.0"></String>
          </TextLine>

          
          
          <TextLine ID="line_31"
                    TAGREFS="LT83"
                    BASELINE="161 1567 1344 1570" 
                    HPOS="160.0"
                    VPOS="1534.0"
                    WIDTH="1184.0"
                    HEIGHT="61.0">
            <Shape><Polygon POINTS="160 1582 196 1593 197 1593 198 1593 270 1585 301 1593 302 1593 303 1593 374 1585 376 1585 488 1585 491 1585 501 1593 502 1593 503 1593 505 1594 597 1594 597 1593 598 1593 611 1586 614 1585 620 1586 646 1593 647 1593 648 1593 717 1587 720 1587 721 1587 752 1594 753 1595 941 1595 941 1594 962 1589 975 1586 987 1589 1002 1594 1003 1594 1005 1594 1006 1594 1024 1590 1034 1587 1043 1590 1061 1594 1062 1594 1064 1594 1065 1594 1066 1594 1073 1590 1079 1586 1101 1590 1124 1594 1125 1594 1126 1594 1137 1590 1151 1586 1184 1591 1208 1594 1210 1594 1225 1591 1250 1586 1342 1591 1344 1570 1343 1543 630 1535 629 1535 514 1536 180 1540 162 1534 161 1567 160 1582"/></Shape>
	    <String CONTENT="sar de lo que amaba á su hermano, no tuvo valor para negar á la"
                    HPOS="160.0"
                    VPOS="1534.0"
                    WIDTH="1184.0"
                    HEIGHT="61.0"></String>
          </TextLine>

          
          
          <TextLine ID="line_32"
                    TAGREFS="LT83"
                    BASELINE="162 1611 1343 1614" 
                    HPOS="161.0"
                    VPOS="1575.0"
                    WIDTH="1182.0"
                    HEIGHT="65.0">
            <Shape><Polygon POINTS="161 1627 273 1628 284 1637 285 1637 287 1637 288 1637 289 1637 316 1630 339 1636 341 1636 342 1636 419 1630 430 1637 432 1637 433 1637 434 1637 492 1630 557 1639 558 1639 638 1632 694 1639 696 1639 737 1631 753 1639 755 1639 756 1639 1089 1634 1107 1640 1108 1640 1110 1640 1166 1634 1176 1640 1178 1640 1179 1640 1180 1640 1182 1640 1202 1632 1342 1632 1343 1614 1343 1589 1308 1579 1307 1579 1306 1579 1246 1586 1229 1579 1228 1579 1226 1579 1225 1579 1206 1586 1203 1587 1200 1586 1170 1579 1169 1579 1167 1579 1126 1585 970 1579 969 1579 967 1579 950 1584 943 1586 652 1586 633 1580 629 1579 628 1579 626 1579 625 1579 623 1580 608 1587 557 1587 502 1586 485 1579 480 1576 479 1576 478 1576 476 1576 471 1579 452 1585 432 1577 426 1576 425 1576 333 1576 332 1576 330 1576 329 1576 306 1585 271 1576 270 1576 269 1576 267 1576 201 1585 164 1575 162 1611 161 1627"/></Shape>
	    <String CONTENT="hermosa Matilde lo que solicitaba, y enternecido la dijo: llustre Ma-"
                    HPOS="161.0"
                    VPOS="1575.0"
                    WIDTH="1182.0"
                    HEIGHT="65.0"></String>
          </TextLine>

          
          
          <TextLine ID="line_33"
                    TAGREFS="LT83"
                    BASELINE="161 1659 1342 1662" 
                    HPOS="160.0"
                    VPOS="1625.0"
                    WIDTH="1182.0"
                    HEIGHT="64.0">
            <Shape><Polygon POINTS="161 1659 160 1685 243 1686 244 1686 246 1686 250 1685 266 1678 278 1685 279 1686 280 1686 282 1686 283 1686 284 1686 291 1685 310 1680 319 1685 323 1686 324 1686 325 1687 480 1687 480 1686 500 1684 534 1678 544 1684 551 1686 552 1686 553 1687 716 1687 716 1686 717 1686 728 1682 735 1680 741 1682 748 1687 750 1687 751 1687 752 1689 801 1689 801 1687 850 1682 869 1680 878 1681 901 1687 902 1687 903 1687 905 1687 928 1681 934 1680 942 1681 964 1687 965 1687 966 1687 1023 1681 1035 1680 1271 1680 1296 1687 1297 1687 1298 1687 1341 1678 1342 1662 1339 1627 1275 1634 1078 1627 1076 1627 952 1635 928 1627 926 1627 925 1627 924 1627 923 1627 911 1635 778 1635 750 1626 748 1626 747 1626 702 1635 538 1635 483 1626 482 1626 434 1634 411 1626 410 1626 408 1626 407 1626 391 1635 239 1635 223 1626 221 1626 161 1625 161 1659"/></Shape>
	    <String CONTENT="tilde, ya que ha sido tuyo en vida, y aun despues de muerto, mi"
                    HPOS="160.0"
                    VPOS="1625.0"
                    WIDTH="1182.0"
                    HEIGHT="64.0"></String>
          </TextLine>

          
          
          <TextLine ID="line_34"
                    TAGREFS="LT83"
                    BASELINE="161 1708 1341 1705" 
                    HPOS="160.0"
                    VPOS="1671.0"
                    WIDTH="1181.0"
                    HEIGHT="57.0">
            <Shape><Polygon POINTS="161 1708 161 1728 1341 1727 1341 1705 1337 1671 1300 1678 1273 1671 1271 1671 1270 1671 1265 1671 1182 1678 1146 1671 1141 1671 1139 1671 1138 1671 1135 1671 1117 1678 1064 1672 1052 1671 1051 1671 1041 1672 997 1680 956 1680 944 1672 942 1671 941 1671 939 1671 938 1671 892 1672 747 1681 635 1681 617 1675 615 1673 614 1673 612 1673 601 1675 555 1680 544 1675 539 1672 538 1672 492 1672 491 1672 489 1672 484 1675 473 1681 352 1681 334 1676 320 1672 319 1672 317 1672 300 1676 287 1678 283 1676 278 1672 276 1672 275 1672 274 1672 160 1676 161 1708"/></Shape>
	    <String CONTENT="querido hermano, llévatelo consigo.—Llegó, por fin, siguiendo el"
                    HPOS="160.0"
                    VPOS="1671.0"
                    WIDTH="1181.0"
                    HEIGHT="57.0"></String>
          </TextLine>

          
          
          <TextLine ID="line_35"
                    TAGREFS="LT83"
                    BASELINE="161 1750 1338 1753" 
                    HPOS="160.0"
                    VPOS="1716.0"
                    WIDTH="1178.0"
                    HEIGHT="57.0">
            <Shape><Polygon POINTS="161 1750 160 1767 1335 1773 1338 1753 1337 1726 1300 1717 1298 1717 1297 1717 1265 1725 1264 1725 1224 1717 1179 1717 1178 1717 1176 1717 1162 1725 1161 1725 1144 1717 1143 1717 1142 1717 1141 1717 1119 1723 1116 1725 1114 1723 1096 1717 1094 1717 1017 1717 1016 1717 1015 1717 1001 1723 997 1725 974 1723 917 1718 916 1718 869 1722 841 1725 832 1722 815 1717 814 1717 812 1717 811 1717 797 1722 787 1725 774 1722 760 1718 758 1718 757 1718 739 1722 729 1723 723 1721 707 1716 706 1716 624 1716 623 1716 621 1716 620 1716 612 1721 608 1723 574 1721 535 1717 534 1717 515 1719 496 1723 489 1719 483 1716 482 1716 480 1716 479 1716 457 1719 437 1723 421 1719 407 1716 406 1716 405 1716 403 1716 394 1719 383 1723 161 1718 161 1750"/></Shape>
	    <String CONTENT="fúnebre ataud, á la cima del Monte Carmelo, seguida de Ricardo,"
                    HPOS="160.0"
                    VPOS="1716.0"
                    WIDTH="1178.0"
                    HEIGHT="57.0"></String>
          </TextLine>

          
          
          <TextLine ID="line_36"
                    TAGREFS="LT83"
                    BASELINE="161 1796 1339 1796" 
                    HPOS="161.0"
                    VPOS="1762.0"
                    WIDTH="1178.0"
                    HEIGHT="64.0">
            <Shape><Polygon POINTS="161 1796 161 1816 198 1825 200 1826 425 1826 425 1825 426 1825 443 1817 464 1825 465 1825 466 1826 534 1826 534 1825 535 1825 537 1825 551 1817 670 1817 683 1825 684 1825 685 1825 687 1825 812 1823 814 1823 826 1817 888 1825 889 1825 891 1825 924 1817 958 1825 960 1825 961 1825 994 1817 1139 1825 1141 1825 1142 1825 1164 1817 1220 1823 1221 1823 1338 1816 1339 1796 1338 1767 1288 1762 1287 1762 1257 1766 1233 1769 1215 1766 1196 1762 1194 1762 1175 1766 1155 1769 1133 1766 1112 1762 1111 1762 1110 1762 1100 1766 1085 1769 1057 1766 1034 1762 1033 1762 1016 1764 994 1769 979 1764 969 1762 967 1762 966 1762 942 1764 902 1769 875 1764 861 1762 860 1762 846 1764 819 1769 805 1764 800 1762 798 1762 797 1762 796 1762 794 1762 792 1764 780 1771 694 1771 666 1763 657 1762 656 1762 655 1762 651 1763 634 1769 617 1763 614 1762 612 1762 611 1762 610 1762 608 1762 607 1763 594 1771 555 1771 500 1763 488 1762 487 1762 485 1762 483 1763 469 1771 351 1771 324 1762 323 1762 321 1762 320 1762 312 1762 225 1769 161 1762 161 1796"/></Shape>
	    <String CONTENT="Berenguela y muchos caballeros, donde profesó á vista de todos"
                    HPOS="161.0"
                    VPOS="1762.0"
                    WIDTH="1178.0"
                    HEIGHT="64.0"></String>
          </TextLine>

          
          
          <TextLine ID="line_37"
                    TAGREFS="LT83"
                    BASELINE="161 1844 1251 1848" 
                    HPOS="160.0"
                    VPOS="1813.0"
                    WIDTH="1091.0"
                    HEIGHT="64.0">
            <Shape><Polygon POINTS="161 1844 160 1873 241 1875 242 1875 243 1875 246 1873 260 1866 291 1873 298 1875 300 1875 328 1873 402 1868 423 1873 433 1875 723 1876 724 1876 725 1876 726 1876 733 1871 739 1867 744 1871 747 1873 748 1873 750 1873 832 1876 833 1876 834 1876 847 1871 856 1867 864 1871 870 1873 871 1873 873 1873 1026 1869 1112 1868 1123 1869 1165 1877 1166 1877 1250 1868 1251 1848 1248 1813 161 1813 161 1844"/></Shape>
	    <String CONTENT="para no volver al mundo, del que nada tenia ya que esperar."
                    HPOS="160.0"
                    VPOS="1813.0"
                    WIDTH="1091.0"
                    HEIGHT="64.0"></String>
          </TextLine>

          
        </TextBlock>
        
        <TextBlock HPOS="677.0"
                   VPOS="1964.0"
                   WIDTH="133.0"
                   HEIGHT="106.0"
                   ID="block_0"
                   TAGREFS="BT226">
          <Shape><Polygon POINTS="677 1964 810 1964 810 2070 677 2070"/></Shape>
          
          
          <TextLine ID="line_42"
                    TAGREFS="LT83"
                    BASELINE="700 2030 798 2030" 
                    HPOS="698.0"
                    VPOS="1978.0"
                    WIDTH="410.0"
                    HEIGHT="80.0">
            <Shape><Polygon POINTS="700 2053 919 2058 920 2058 982 2050 987 2050 991 2050 1025 2058 1026 2058 1028 2058 1043 2050 1092 2057 1093 2057 1094 2057 1108 2049 1108 2028 1106 2008 1024 1995 989 1995 988 1995 987 1995 979 1999 960 2007 934 1999 933 1999 932 1999 930 1999 929 1999 923 2004 908 1994 902 1989 901 1989 900 1989 878 1989 876 1989 875 1989 869 1991 824 2007 796 1986 785 1978 784 1978 783 1978 782 1978 698 1978 700 2030"/></Shape>
	    <String CONTENT="FIN."
                    HPOS="698.0"
                    VPOS="1978.0"
                    WIDTH="410.0"
                    HEIGHT="80.0"></String>
          </TextLine>

          
        </TextBlock>
        

        
      </PrintSpace>
    </Page>
  </Layout>
</alto>
