1408 2306
558.0 133.0 185.0 61.0 — 13 —

55.0 196.0 1190.0 42.0 en el tribunal de la penitencia, dice: y como si acabara de hacer un

55.0 228.0 1187.0 61.0 gran esfuerzo reclina su cabeza sobre el pecho del príncipe; que la

53.0 278.0 1072.0 58.0 sostiene estasiado y casi dudando de lo que acababa de oir.

62.0 320.0 1178.0 52.0 Por útimo, en medio del lúgubre silencio de aquellas  soleda-

56.0 366.0 1185.0 54.0 des se oyó el ruido de una carabana que á pasos precipitados se di-

57.0 415.0 1184.0 51.0 rigia hácia donde estaban ellos. Eran estos unos guerreros suyos

57.0 454.0 1181.0 58.0 que, habiéndoles mandado el príncipe que se quedasen á socorrer

60.0 503.0 1181.0 56.0 á los cristianos, en la refriega de la ermita; despues de hacerlo

58.0 554.0 1184.0 53.0 así, iban en su busca. Merced á este socorro pudieron por fin llegar

57.0 588.0 860.0 63.0 al Cairo y librarse ambos de una muerte cierta.

496.0 728.0 321.0 61.0 CAPITULO IX.

65.0 816.0 1177.0 60.0 Llegada de Montmorency.——Partida de este con Matilde al cam-

98.0 866.0 1144.0 56.0 po de los cristianos. —Muerte de Montmorency—Llega la prin-

109.0 901.0 1133.0 67.0 cesa al lado de Ricardo. —Es enviado al lado de Matilde un emi-

101.0 953.0 1066.0 59.0 sario de parte de Malek-Adhel.—Objeto de este emisario.

75.0 1091.0 1172.0 55.0 Habian llegado al Cairo Matilde y el príncipe, cuando un dia le

70.0 1136.0 1176.0 59.0 pasaron recado á este de que deseaba verse con él un caballero cris-

70.0 1178.0 1176.0 62.0 tiano. Malek-Adhel mandó que le conducieran á su presencia, y le

67.0 1229.0 877.0 56.0 dijo luego que se quedó solo con él y la princesa:

117.0 1274.0 1129.0 54.0 —Date á conocer, ilustre héroe, pues que así te debo llamar en

70.0 1315.0 1179.0 58.0 vista del peligro que las corrido cruzando por medio de un pueblo

73.0 1369.0 1176.0 55.0 enemigo; descúbrete ahora. La presencia de la princesa supongo

67.0 1412.0 827.0 58.0 nó te contendrá; y de mí, ¿qué puedes temer?

153.0 1454.0 1097.0 62.0 —Mucho, si estuviéramos en el campo de batalla; pero nada

75.0 1500.0 665.0 56.0 cuando me entrego á tu generosidad.

140.0 1543.0 1110.0 57.0 Al decir estas palabras se quitó el casco y pronto reconocieron

70.0 1588.0 1182.0 60.0 el príncipe y Matilde el noble continente de las facciones de Jose-

73.0 1634.0 1182.0 55.0 line de Montmorency. La princesa al conocerle dió un grito de ale-

67.0 1679.0 1185.0 56.0 gría; pero el príncipe no pudo reprimir un gesto de mal humor,

67.0 1725.0 1188.0 60.0 porque tenia un mal presentimiento de la venida del héroe fran-

71.0 1771.0 1181.0 64.0 cés. Con todo, se reprimió gustoso en presencia de Montmorency,

69.0 1821.0 190.0 56.0 y le dijo:

109.0 1860.0 1148.0 57.0 —Joselin, casi preveo el motivo de tu llegada : pero es menes-

81.0 1910.0 1127.0 56.0 ter que hagas una relacion minuciosa del objeto á que vienes.

115.0 1946.0 1146.0 64.0 —Príncipe, le dijo Joselin, y vos, escelsa Matilde, estadme aten-

74.0 1999.0 1187.0 55.0 tos à lo que os voy á referir. Cuando regresé al campo de los cris-

70.0 2045.0 1195.0 52.0 tianos, como ya sabeis, el ilustre Ricardo y demas soberanos se

75.0 2089.0 1194.0 76.0 preparaban para el asalto de Tolemaida, que á su parecer debia
