1422 2300
595.0 113.0 169.0 60.0 — 23 ——

86.0 173.0 1172.0 45.0 sus fuerzas no son suficientes: Percibe en lo escarpado de las ro-

88.0 208.0 1172.0 55.0 cas un pastor que aterrado con el estruendo de la batalla se habia

86.0 254.0 1174.0 56.0 refugiado allí; le llama y le obliga á que le ayude á trasportar al

86.0 300.0 807.0 60.0 campamento cristiano el cuerpo de Lusiñan.

156.0 339.0 1104.0 62.0 Llegan, por fin, al campo, le conducen á su tienda, donde to-

90.0 389.0 1173.0 54.0 dos acudieron á suministrarle los socorros de la medicina y de la

90.0 436.0 1172.0 57.0 Iglesia. La piadosa Matilde, olvidando los justos resentimientos que

89.0 482.0 1175.0 55.0 contra él abrigaba, entra tambien presurosa en la tienda acompa-

89.0 531.0 1175.0 52.0 ñada del venerable Guillermo, y ella misma con sus delicadas ma-

89.0 575.0 1175.0 56.0 nos registra las diferentes heridas aplicándolas el bálsamo que traia

90.0 615.0 1173.0 62.0 prevenido. Sin embargo, los cirujanos desconfian de poderle sal-

93.0 660.0 1170.0 58.0 var por la profundidad de las heridas. El escudero entonces escla-

92.0 706.0 1171.0 58.0 ma: bien se conoce que los golpes son de Malek-Adhel. A estas pa-

93.0 752.0 1169.0 58.0 labras la princesa mira al escudero y le dice con voz conmovida:

93.0 802.0 1170.0 59.0 ¿Ha sido Malek-Adhel el que ha muerto á tu amo?—Sí, señora, res-

93.0 843.0 1170.0 59.0 ponde; pero tambien ha muerto su matador.—¡Ha muerto Malek-

97.0 888.0 1166.0 62.0 Adhel! repite la virgen dejando caer lo que tenia en la mano. No

95.0 935.0 1172.0 61.0 puede hablar mas palabra, porque se entorpecen sus miembros, se

95.0 986.0 1167.0 54.0 le hiela la sangre y se queda pálida é inmóvil como un cadáver.

95.0 1026.0 1168.0 62.0 Sorprendido el arzobispo con la noticia que oye, acude á Matilde,

98.0 1074.0 1167.0 55.0 se esfuerza en decirla algunas palabras; pero en vano, porque él

99.0 1120.0 1166.0 56.0 mismo se halla oprimido de dolor. Pasados aquellos momentos, el

99.0 1165.0 1165.0 59.0 prelado se vuelve al escudero y le dice: amigo, respóndeme la ver-

98.0 1210.0 1170.0 55.0 dad; ¿le has dejado sin vida? El culpable, sobrecogido en presencia

101.0 1257.0 1166.0 55.0 del arzobispo y lastimado del estado de la princesa, siente en su se-

101.0 1300.0 1167.0 57.0 no los remordimientos que le devoran, y como si le hubiesen adivi-

101.0 1346.0 1164.0 62.0 nado su crímen, se arroja juntando el rostro con la tierra y confie-

101.0 1392.0 1162.0 58.0 sa su delito, implorando el perdon. Guillermo le escucha aterrado,

104.0 1438.0 1161.0 62.0 pero al momento le asaltan otras ideas; levanta en brazos á la prin-

104.0 1486.0 1163.0 58.0 cesa, y la dice: recobrad ánimo, hija mia, que tal vez aun no se ha

106.0 1530.0 1162.0 62.0 perdido todo.—¡Ah padre mio! esclama Matilde, corramos, puede

107.0 1576.0 1160.0 55.0 ser que le salvemos aun; el asesino nos guiará por los vestigios san-

107.0 1621.0 1161.0 63.0 grientos por donde ha venido.— Partamos, dice el arzobispo; y co-

107.0 1667.0 1160.0 66.0 giendo algunos simples propios para las heridas, emprenden el ca-

107.0 1717.0 611.0 55.0 mino, precedidos por el escudero.

152.0 1754.0 1116.0 66.0 Todos tres iban agitados bajo diferentes sensaciones. El arzobis-

107.0 1805.0 1162.0 63.0 po, dechado de caridad, andaba animoso por ver si llegaba á tiem-

108.0 1857.0 1160.0 58.0 po para salvar la heróica alma por la cual tantas veces habia pedi-

111.0 1903.0 1160.0 53.0 do á Dios su conversion La vírgen, animada tambien por el mismo

111.0 1951.0 1153.0 60.0 celo, pero al propio tiempo temerosa de perder el objeto de su amor;

115.0 1995.0 1154.0 60.0 y, por último, el escudero, punzado por el penetrante aguijon de

115.0 2040.0 1150.0 58.0 los remordimientos, caminaba tambien ligero, deseoso de reparar,

113.0 2086.0 1155.0 70.0 en cuanto le fuese posible, el mal que habia causado. Llegaron por
