1420 2320
651.0 110.0 169.0 56.0 — 4—

153.0 179.0 1172.0 36.0 biese guiado á tan santa vida, cuando el monarca inglés, cubierto

154.0 210.0 1173.0 50.0 con una preciosa armadura, penetró en el convento. Su presencia

152.0 253.0 1173.0 55.0 conmueve á todas sus habitadoras, ábrense las puertas ante el mo-

153.0 299.0 1171.0 52.0 narca, donde penetran por primera vez las miradas de un hombre.

154.0 342.0 1173.0 54.0 Solo el arzobispo de Tiro osó seguir al monarca, y Matilde se apre-

152.0 386.0 1175.0 62.0 suró á recibir los brazos de su hermano y las bendiciones del ve-

152.0 433.0 1175.0 61.0 nerable Guillermo. La abadesa, seguida de sus religiosas cubier-

153.0 485.0 1172.0 56.0 tas con su negro velo, la acompañaron y fueron testigos de tan tier-

152.0 524.0 277.0 57.0 na entrevista.

217.0 570.0 1111.0 57.0 Refiere el monarca sus proyectos, habla de su viaje, y enumera

152.0 618.0 1177.0 57.0 los peligros que arrostrará para conseguir su piadoso objeto. Esta

150.0 668.0 1175.0 53.0 narracion despierta en Matilde pensamientos tan nuevos como pia-

150.0 705.0 1177.0 55.0 dosos, y declara, no sin rubor, que tomaria con gusto parte en las

152.0 752.0 1176.0 54.0 fatigas que á su hermano estaban reservadas. Poco trabajo costó á

153.0 797.0 1171.0 69.0 Matilde el obtener el consentimiento de su peticion, y sus compa-

152.0 845.0 1173.0 66.0 ñeras transportadas de alegría aplaudieron tan heróico proyecto.

150.0 890.0 1174.0 67.0 La abadesa colocó en su pecho una brillante cruz, y Matilde reci-

150.0 935.0 1174.0 66.0 bió con gratitud un don tan precioso y le suspendió de su cuello;

154.0 980.0 1171.0 71.0 besó luego la mano á la abadesa, y dando el último adios á sus tí-

154.0 1029.0 702.0 62.0 midas hermanas, salió del monasterio.

221.0 1063.0 1103.0 68.0 Llegó Matilde á Mesina, en donde se reunió con Berenguela, y

153.0 1116.0 1174.0 51.0 desde el momento que se vieron una tierna amistad unió entram-

154.0 1162.0 1174.0 52.0 bos corazones. Pocos dias despues, Ricardo se unió bajo los mas

154.0 1207.0 749.0 67.0 felices auspicios con la tierna Berenguela.

172.0 1237.0 1153.0 81.0 Al eso de los Cruzada vino el rey de Jerusalen, Güido de Lusi-

152.0 1299.0 1177.0 63.0 ñan, á implorar la proteccion de Ricardo contra el marqués de Mon-

153.0 1345.0 1178.0 63.0 ferrato que le habia espulsado de sus dominios. Instigado Ricardo

153.0 1389.0 1174.0 66.0 por la confianza de Lusiñan y movido por sus desventuras, se obli-

156.0 1438.0 1165.0 62.0 gó solemnemente á protejerle contra sus rivales; desde aquel mo-

152.0 1480.0 1175.0 57.0 mento, unidos por la gratitud y los beneficios, contrajeron estre-

152.0 1524.0 1177.0 66.0 cha amistad, jurándose eterna fe y confraternidad de armas hasta

157.0 1572.0 340.0 61.0 su último suspiro.

166.0 1611.0 1159.0 68.0 Reunidas, despues del casamiento, las armas de entrambos re-

161.0 1662.0 1166.0 63.0 yes, determinaron marchar con sus tropas á la conquista de la Tier-

153.0 1709.0 1167.0 63.0 ra Santa; y Ricardo, apenas pasó algunos dias al lado de su esposa,

153.0 1750.0 770.0 55.0 dispuso hacerse á la vela para la Palestina.

162.0 1782.0 1163.0 80.0 La amorosa Berenguela, desconsolada con la idea de separar-

154.0 1843.0 1170.0 63.0 se de un esposo que tanto amaba, se arrojó á sus pies, y pidiéndo-

153.0 1886.0 1172.0 67.0 le bañada en llanto, que la permitiera participar de los peligros á

154.0 1932.0 1171.0 64.0 los cuales iba á esponerse. A pesar de que Ricardo se conmovió

153.0 1977.0 1172.0 73.0 con la pena de la reina, se mantuvo inexorable y partió dejándola

158.0 2024.0 440.0 61.0 anegada en lágrimas.

161.0 2042.0 1137.0 96.0 No obstante, dejó Ricardo fletado un buque para trasportar
