1407 2306
659.0 130.0 169.0 62.0 — 12—

160.0 171.0 1175.0 66.0 Adhel penetró sus designios, cuando sin considerar la desigualdad

158.0 225.0 1174.0 59.0 del número, se arroja. quita á la princesa de encima del caballo, la

160.0 272.0 1171.0 57.0 sostiene con un brazo y la defiende con el otro, diciéndoles: deteneos

160.0 318.0 1172.0 59.0 temerarios; juro derribar la cabeza del primero que ose poner su

158.0 366.0 1174.0 58.0 mano sobre la princesa Matilde; y derribó á sus pies con el alfanje

155.0 1451.0 1171.0 63.0 al atrevido que lo intentó. Entonces los demas, confundidos por el

155.0 1500.0 1171.0 59.0 terror que su príncipe les inspiraba, se retiraron aturdidos y se ale-

152.0 1545.0 1172.0 62.0 jaron de aquel sitio, dejándolo con unas pocas provisiones y en me-

149.0 1593.0 719.0 57.0 dio de los peligros que les áménazaban.

148.0 1639.0 1176.0 57.0 —Matilde, la dice el príncipe agitado por tan dolorosas escenas;

151.0 1682.0 1177.0 61.0 nos han abandonado, y quizás el dia de mañana será el de nuestra

153.0 1729.0 1173.0 58.0 muerte. No quisiera que esta nos cogiese sin que antes os digneis

146.0 1766.0 613.0 61.0 darme el título de esposo vuestro.

222.0 1815.0 1106.0 60.0 Entonces la princesa parece oir una voz secreta que la dice que

149.0 1865.0 1038.0 58.0 así se convertirá el príncipe á la fe de la religion cristiana.

215.0 1910.0 940.0 55.0 No escucha ya mas, y cogiéndole las manos, le dijo:

246.0 1948.0 1078.0 62.0 —Malek-Adhel, yo os amo; aquí. donde la naturaleza calla, don-

157.0 2002.0 1173.0 52.0 de la luna nos alumbra con su débil resplandor, donde todos los

160.0 2047.0 1171.0 57.0 objetos que nos rodean nos sirven de testigos, os juro que no seré

161.0 2089.0 1169.0 86.0 jamás de otro sino de Dios ó de tí. Dios ha recibido este juramento
