1409 2310
680.0 116.0 185.0 68.0 — 16 —

183.0 168.0 1161.0 64.0 jo: ¡Vacilais, Malek-Adhel! Al momento reconoció este su deber, y

184.0 218.0 1165.0 64.0 pensó que seria infiel á la amistad de su hermano y perjuro á la

184.0 273.0 1165.0 47.0 obligacion que tenia de defender su patria; y así es, que despues

183.0 314.0 1166.0 54.0 de haberse separado con Matilde á un lado del camino, y estrechán-

183.0 358.0 1166.0 59.0 dola en sus brazos con un ardor apasionado, la dice: júrame, Ma-

187.0 402.0 1164.0 54.0 tilde, que ni la voluntad del rey tu hermano, ni las órdenes mis-

181.0 446.0 1170.0 60.0 mas del jefe de tu Iglesia, podrán obligarte á tomar otro esposo.—

184.0 494.0 1165.0 60.0 Yo lo juro, respondió ella levantando el rostro anegado en lágri-

179.0 542.0 432.0 54.0 mas: ó de tí ó de Dios.

191.0 585.0 1160.0 59.0 Malk-Adhel la mira, y al querer pronunciar el último adios, se

184.0 630.0 1165.0 56.0 le embarga la lengua, se aparta conmovido de dolor, monta sobre

181.0 677.0 1168.0 54.0 el caballo y parte á galope hácia el Cairo, seguido de su amigo Ka-

178.0 722.0 1170.0 55.0 led, despues de haber dado las gracias á Joselin y los suyos por sus

184.0 767.0 1163.0 56.0 ofrecimientos, y llevar el corazon lacerado con el pesar y la amar-

179.0 812.0 1116.0 55.0 gura que en tales casos puede conocer un corazon que ama.

182.0 855.0 1166.0 61.0 Pasáronse algunos dias de viaje, en los cuales Matilde acompa-

174.0 903.0 1175.0 59.0 ñada de sus caballeros, iba triste, pero en parte mitigaba su pena

177.0 949.0 1169.0 59.0 con el consuelo de ver á su hermano y á la hermosa Berenguela,

175.0 994.0 1173.0 58.0 que la estarian esperando. Un dia notaron un espeso tropel de gen-

175.0 1045.0 1174.0 49.0 te, y no dudando de que serian enemigos, presto se pusieron en

173.0 1090.0 1174.0 53.0 defensa. Efectivamente, al cabo de una media hora reconocieron

175.0 1131.0 1173.0 56.0 ser musulmanes la tropa que á ellos se acercaba. Joselin quiso

174.0 1179.0 1175.0 56.0 salir á su encuentro, pero como no queria confiar á nadie la custo-

166.0 1221.0 1183.0 62.0 dia de la princesa Matilde, mandó que unos cuantos caballeros to-

182.0 1269.0 1166.0 55.0 masen los guerreros necesarios para hacer frente á los musulma-

166.0 1311.0 1182.0 63.0 nes, mientras que él á la cabeza de otros se quedaban resguardan-

166.0 1359.0 1181.0 57.0 do con sus pechos la litera en que estaba la ilustre princesa. Los

174.0 1406.0 1173.0 60.0 árabes, viendo que era corto el número de enemigos que les aco-

165.0 1456.0 1182.0 55.0 metian, arremetieron lanza en ristre con furor; pero los cristianos

165.0 1501.0 1182.0 51.0 los contuvieron de tal modo, que les obligaron á retroceder; mas

177.0 1545.0 1167.0 51.0 considerando la afrenta que sobre ellos recaeria si cedian el cam-

172.0 1587.0 1174.0 63.0 po á un tan corto número de enemigos, se reunieron y volvieron

166.0 1636.0 1180.0 55.0 otra vez al combate, pero con tal violencia, que Montmorency tuyo

174.0 1681.0 1173.0 57.0 que salir al encuentro de los suyos despues de dejar á la princesa

165.0 1733.0 1181.0 53.0 custodiada por unos cuantos guerreros. Acosados los árabes con

165.0 1774.0 1179.0 52.0 la presencia de Montmorency, todos huyeron en dispersion; un so-

168.0 1818.0 1178.0 56.0 lo guerrero resistia y combatia todavía, pero stodo su furor pa-

164.0 1862.0 1179.0 59.0 rece que se dirige  contra la litera que encierra á la princesa;

164.0 1907.0 1180.0 60.0 al verle el campeon cristiano, se estremece de furor, se pre-

174.0 1954.0 1172.0 55.0 cipita tras del atrevido guerrero, le derriba, va á llevantar su

169.0 1995.0 1175.0 62.0 brazo para arrancarle la vida, cuando oyó que su adversario

173.0 2041.0 1171.0 54.0 esclamaba: sepulta, Montmorency, tu espada en el seno de

166.0 2086.0 1177.0 77.0 una mujer. A este nombre el héroe se detiene, le corta las
