1753 2480
241.0 66.0 398.0 84.0 El navegante te ama,

194.0 135.0 397.0 67.0 el cautivo sin piedad

192.0 179.0 414.0 69.0 pues logra su libertad

195.0 231.0 498.0 69.0 y á todas partes te aclama,

191.0 278.0 459.0 67.0 solo al rico le das fama,

190.0 326.0 483.0 72.0 estás con él que apeteces,

191.0 376.0 504.0 63.0 sin tí al pobre empobreces

194.0 425.0 446.0 68.0 y aumentas su padecer,

190.0 472.0 424.0 68.0 soberbio debes de ser,

188.0 520.0 549.0 77.0 porque al rico le engrandeces.

237.0 569.0 379.0 67.0 El imposible mayor

192.0 617.0 458.0 70.0 por tí se pudo alcanzar,

195.0 673.0 387.0 58.0 y se llegó á derribar

188.0 716.0 458.0 65.0 honra, crédito y honor ;

188.0 764.0 451.0 61.0 solo al rico haces favor

191.0 811.0 427.0 70.0 y siempre con él estás,

187.0 861.0 463.0 67.0 donde quiera con él vas,

187.0 912.0 462.0 60.0 adonde quieres le subes,

188.0 956.0 530.0 75.0 aunque sea hasta las nubes ;

190.0 1005.0 454.0 72.0 y al pobre le abates mas.

237.0 1060.0 450.0 62.0 Apoyado á una columna

187.0 1100.0 502.0 73.0 me he quedado enternecido,

188.0 1153.0 509.0 71.0 porque se me ha oscurecido

188.0 1201.0 451.0 69.0 astros, cielo, sol y luna.

235.0 1244.0 518.0 84.0 Los montes valles y selvas,

187.0 1295.0 357.0 69.0 adolézcanse de mí,

187.0 1344.0 437.0 73.0 al ver que lloro por tí,

188.0 1394.0 501.0 76.0 en las mas crecidas penas,

188.0 1445.0 461.0 65.0 metido estoy en cadenas

191.0 1493.0 471.0 73.0 sin tener culpa ninguna ;

190.0 1545.0 449.0 67.0 me alimenta mi fortuna

190.0 1592.0 492.0 66.0 prestándome sus desvelos,

192.0 1647.0 463.0 60.0 así me quejo á los cielos

190.0 1693.0 446.0 56.0 apoyado á una columna.

237.0 1738.0 403.0 65.0 Digan si tengo razon

191.0 1781.0 489.0 73.0 llorar por tí dulce dueño ;

191.0 1835.0 480.0 69.0 á la orilla de un despeño

192.0 1890.0 373.0 55.0 sentí rugir un leon,

192.0 1933.0 428.0 71.0 llorar con lamentacion

194.0 1981.0 548.0 67.0 porque á su hijo ha perdido ;

195.0 2034.0 502.0 60.0 yo que tanto te he querido,

192.0 2084.0 451.0 63.0 mira como puedo estar ,

191.0 2127.0 429.0 69.0 cuando de tanto llorar

192.0 2174.0 503.0 71.0 me he quedado enternecido.

241.0 2227.0 510.0 72.0 ¿ Qué planeta me esplicara,

192.0 2276.0 436.0 88.0 ó que lengua me dijera

917.0 129.0 503.0 19.0 que la prenda que quisiera

916.0 140.0 458.0 59.0 de mi lado se apartára?

916.0 188.0 405.0 72.0 de rodillas le adorara

919.0 241.0 421.0 60.0 con afecto agradecido,

920.0 290.0 485.0 62.0 como me hubiese perdido

921.0 336.0 429.0 64.0 de aquella pulida rosa,

921.0 388.0 439.0 52.0 lloro con voz lastimosa

920.0 438.0 506.0 56.0 porque se me ha oscurecido.

972.0 478.0 453.0 64.0 Y en fin dejo mi pasion

920.0 524.0 451.0 72.0 á los que saben querer,

920.0 582.0 568.0 66.0 que en mí se ha llegado á ver,

920.0 628.0 400.0 62.0 la cautela sin razon ;

924.0 679.0 381.0 59.0 yo la dí mi corazon

923.0 727.0 471.0 59.0 mejor que á otra ninguna

923.0 778.0 426.0 61.0 sin darle culpa alguna

921.0 823.0 422.0 56.0 á este lucero brillante,

921.0 868.0 541.0 66.0 digan donde está mi amante,

923.0 920.0 462.0 56.0 astros, cielos, sol y luna.

972.0 971.0 424.0 55.0 Por un amante traidor

921.0 1009.0 564.0 76.0 que á otra quiso y ha olvidado

923.0 1069.0 419.0 63.0 me veo yo desprecado,

924.0 1125.0 399.0 53.0 sin merecer tal rigor.

967.0 1160.0 438.0 64.0 Mi corazon con anhelo

920.0 1211.0 495.0 62.0 á una hermosura adoraba,

924.0 1260.0 474.0 61.0 y de tal suerte la amaba,

921.0 1313.0 535.0 55.0 que era mi dicha y consuelo

920.0 1358.0 387.0 56.0 era todo mi desvelo,

927.0 1413.0 413.0 55.0 y gozaba en su favor ;

923.0 1457.0 424.0 61.0 pero se trocó su amor

921.0 1504.0 477.0 63.0 de la noche á la mañana,

920.0 1551.0 372.0 61.0 olvidándome tirana

921.0 1606.0 426.0 55.0 por un amante traidor.

974.0 1649.0 427.0 62.0 Yo me veo aborrecido,

921.0 1700.0 459.0 58.0 sin tener culpa ninguna

930.0 1744.0 508.0 63.0 ¡ oh! mal haya mi fortuna,

921.0 1795.0 531.0 60.0 que tan desgraciado he sido

920.0 1842.0 510.0 66.0 de la que tanto he querido

920.0 1894.0 482.0 62.0 hoy me veo despreciado ;

930.0 1941.0 472.0 65.0 y que otro ocupe su lado

920.0 1989.0 436.0 62.0 es lo que llego á sentir

919.0 2039.0 437.0 62.0 pero le quiero advertir

919.0 2087.0 566.0 63.0 que á otra quiso y ha olvidado

964.0 2136.0 459.0 62.0 Mi cariño la obsequiaba

919.0 2186.0 499.0 62.0 con cuidado y con esmero

919.0 2236.0 457.0 59.0 dándome por prisionero

919.0 2285.0 459.0 80.0 á su amor me sujetaba ;
