1860 2629
344.0 341.0 412.0 66.0 Sabes que la mariposa

302.0 389.0 434.0 71.0 sobre las flores se mece

302.0 446.0 375.0 55.0 y mi vida angustiosa

298.0 492.0 458.0 68.0 no se mece, que padece.

346.0 543.0 465.0 57.0 Si la paloma en el viento

296.0 578.0 427.0 74.0 estendiendo va sus alas

298.0 626.0 506.0 66.0 tambien es mi pensamiento

298.0 687.0 463.0 55.0 estender por tí mis galas.

346.0 725.0 465.0 68.0 Abejas vuelven tranquilas

300.0 782.0 419.0 57.0 à su maternal colmena,

298.0 834.0 487.0 59.0 yo vuelvo á ver tus pupilas

300.0 876.0 395.0 72.0 para mitigar mi pena.

339.0 924.0 457.0 75.0 Sabes que los arroyuelos

296.0 974.0 460.0 62.0 se juntan unos con otros,

298.0 1020.0 544.0 77.0 pues para hallar mil consuelos

298.0 1075.0 436.0 64.0 juntámonos ya nosotros.

344.0 1123.0 498.0 73.0 De un árbol su fresca rama

293.0 1174.0 505.0 66.0 mucho á su tronco acaricia

300.0 1224.0 474.0 62.0 yo quisiera hermosa dama

298.0 1266.0 419.0 68.0 darte carícia y delicia.

346.0 1307.0 546.0 75.0 Por la noche, el Firmamento

300.0 1364.0 487.0 70.0 tachonado está de estrellas

300.0 1410.0 447.0 79.0 y mi dulce pensamiento

300.0 1472.0 540.0 55.0 te vé á tí y no piensa en ellas.

346.0 1520.0 496.0 66.0 Este mundo, en conclusion

300.0 1568.0 436.0 64.0 nos dá penas y alegrias

300.0 1616.0 386.0 62.0 y mi amante corazon

298.0 1662.0 430.0 55.0 està en tí todos los dias.

350.0 1708.0 441.0 68.0 Ya mas no quiero cantar

300.0 1761.0 412.0 63.0 cosas de comparacion,

304.0 1814.0 400.0 63.0 quiero despedidas dar

304.0 1860.0 389.0 78.0 y hallaràs admiracion

489.0 1962.0 256.0 66.0 DESPEDIDAS.

995.0 341.0 345.0 66.0 la despedida daria,

997.0 387.0 485.0 77.0 pero no puedo ¡hay de mí!

1000.0 449.0 370.0 59.0 hasta que sea de dia.

1039.0 484.0 432.0 76.0 Me despido de mi dama

997.0 541.0 419.0 61.0 y sus lábios de carmin,

1000.0 582.0 471.0 75.0 ya la obligacion me llama

997.0 644.0 360.0 52.0 mi querido seraſin.

1041.0 674.0 500.0 75.0 Desde esta noche á mañaná

997.0 738.0 461.0 52.0 pienso no perder la vida,

1000.0 784.0 388.0 61.0 y así prenda soberana

1000.0 839.0 399.0 61.0 ya te doy la despedida.

1046.0 885.0 487.0 63.0 Sal al balcon mi memoria,

995.0 928.0 408.0 68.0 por poco no seas rara;

1002.0 985.0 513.0 66.0 yo creo que es mejor gloria

995.0 1031.0 435.0 55.0 despedirnos cara á cara.

1039.0 1073.0 476.0 70.0 Muchas coplas he cantado

995.0 1130.0 426.0 61.0 para mi prenda querida

997.0 1169.0 397.0 66.0 y todavia no he dado

995.0 1215.0 382.0 71.0 la última despedida.

1039.0 1270.0 476.0 72.0 El amor que siento en mi

993.0 1318.0 439.0 66.0 es un amor sin segundo

997.0 1373.0 400.0 59.0 y el despedirme de tí

995.0 1410.0 481.0 66.0 es despedirme del mundo.

1039.0 1467.0 502.0 64.0 La guitarra con sus cuerdas

995.0 1507.0 487.0 68.0 ya va perdiendo el sonido:

995.0 1566.0 538.0 61.0 quiero que de mi te acuerdas

993.0 1614.0 494.0 61.0 si al momento me despido.

1046.0 1654.0 456.0 67.0 Ya mas no quiero cantar

997.0 1717.0 494.0 61.0 que me duele la garganta:

997.0 1759.0 373.0 59.0 y una despedida dar

997.0 1809.0 536.0 68.0 es cosa que á mi me espanta.

1041.0 1849.0 345.0 65.0 La despedida daré

997.0 1901.0 444.0 72.0 á quien la quiera tomar,

1000.0 1947.0 515.0 79.0 porque al marcharme, yo sé

1000.0 1998.0 447.0 74.0 que el despido debo dar.

1261.0 2044.0 90.0 83.0 FIN.

353.0 2048.0 430.0 74.0 Si me marchase de aquí

732.0 2096.0 459.0 75.0 Es propiedad de Juan Grau.

423.0 2162.0 1186.0 83.0 En casa Juan Grau hay gran surtido de libros de lance, historias, saine-

383.0 2230.0 952.0 70.0 tes, romances y libritos; y se dan á precios muy cómodos.

598.0 2278.0 963.0 116.0 Reus:---Imp. de Tosquellas y Zamora arrabal Sta. Ana, 34.
