1860 2629
783.0 135.0 261.0 112.0 DICIEMBRE

195.0 221.0 447.0 59.0 El que nazca en este mes

155.0 256.0 426.0 63.0 Será hombre de talento,

155.0 302.0 448.0 57.0 De elevado pensamiento,

155.0 337.0 421.0 61.0 Nada le saldrá al revés.

193.0 385.0 359.0 55.0 Mas una mujer será

157.0 418.0 393.0 59.0 Un poco su perdición,

155.0 451.0 448.0 70.0 Mas con calma y corazón

157.0 508.0 386.0 65.0 Sus penas extinguirá.

991.0 205.0 489.0 88.0 Febo, el Dios de los amores

951.0 256.0 435.0 66.0 En este mes brilla puro,

960.0 304.0 373.0 55.0 Y la niña yo aseguro

958.0 339.0 421.0 55.0 Nacerá entre mil flores.

987.0 376.0 491.0 66.0 Será honesta, pura y bella,

956.0 420.0 474.0 61.0 Mas... cuidado en el amor,

956.0 457.0 412.0 57.0 Porque algún seductor

958.0 492.0 480.0 84.0 Perseguir puede su huella.

230.0 685.0 1360.0 127.0 EL LENGUAJE DE LAS FLORES

195.0 911.0 480.0 55.0 Flor de lis es flor preciosa,

153.0 948.0 474.0 57.0 Del amor la más hermosa.

195.0 990.0 452.0 63.0 La Acacia tiene un amor

153.0 1025.0 371.0 63.0 Platónico y de valor.

195.0 1071.0 423.0 59.0 El Morado alelí inspira

153.0 1104.0 540.0 68.0 Modestia al que amor suspira.

195.0 1152.0 452.0 61.0 La Amapola da consuelo,

155.0 1189.0 470.0 66.0 Llena el alma con anhelo.

206.0 1235.0 408.0 59.0 Angélica es la primera

153.0 1272.0 397.0 57.0 En amistad duradera.

195.0 1312.0 471.0 57.0 La Camelia, amores vivos

160.0 1351.0 493.0 66.0 Tiene, y muchos atractivos.

199.0 1395.0 428.0 59.0 Pureza también inspira

155.0 1434.0 483.0 66.0 La Camelia al que la mira

197.0 1476.0 408.0 55.0 La Celedonia, en favor

153.0 1511.0 472.0 62.0 Lleva un suspiro de amor.

197.0 1555.0 390.0 55.0 El Césped obsequioso

157.0 1594.0 446.0 62.0 Da á los amantes reposo.

195.0 1638.0 447.0 53.0 El Clavel, si es amarillo,

157.0 1675.0 448.0 62.0 Da desdén sólo su brillo:

197.0 1704.0 467.0 72.0 Y con los de otros colores

155.0 1750.0 481.0 64.0 Puedes conquistar amores.

199.0 1798.0 415.0 59.0 Dalia, del mismo color,

157.0 1829.0 404.0 63.0 Une pronto al amador.

199.0 1868.0 434.0 64.0 Flor de Mayo da belleza

171.0 1912.0 476.0 68.0 Al que en amores empieza.

195.0 1956.0 368.0 57.0 El Girasol, falsedad

162.0 1993.0 390.0 81.0 Inspira y volubilidad.

991.0 911.0 382.0 52.0 Iris, azul, confianza

954.0 946.0 447.0 63.0 Solo nos da y esperanza.

995.0 992.0 426.0 57.0 La Hortensia, sin falsía

956.0 1027.0 419.0 64.0 En amores es muy fría.

991.0 1071.0 463.0 61.0 El Jazmín es la elegancia

958.0 1108.0 504.0 59.0 De la gracia y la constancia.

991.0 1152.0 485.0 61.0 El Laurel, triunto y gloria

960.0 1187.0 459.0 59.0 Nos depara en la victoria.

991.0 1233.0 412.0 55.0 La Lila es del corazón

958.0 1272.0 476.0 55.0 De amor primera emoción.

995.0 1314.0 406.0 59.0 Madreselva, con ardor

956.0 1347.0 357.0 61.0 Es el lazo del amor.

993.0 1380.0 369.0 72.0 La Malva débil será

958.0 1426.0 456.0 65.0 Para el pobre que amará.

995.0 1461.0 503.0 74.0 La Margarita, en su estado,

956.0 1507.0 467.0 68.0 Siempre olvida lo pasado.

991.0 1557.0 401.0 46.0 La Mariposa en razón

956.0 1581.0 460.0 70.0 Llena está de presunción.

993.0 1632.0 491.0 54.0 La Rosa, como es hermosa,

958.0 1667.0 476.0 59.0 Por la unión es la dichosa.

1000.0 1719.0 397.0 51.0 Plátano da protección

965.0 1757.0 379.0 54.0 A todo buen corazón.

995.0 1792.0 500.0 59.0 Siempreviva, en su bondad

958.0 1831.0 412.0 59.0 Es la perfecta amistad.

993.0 1875.0 491.0 57.0 Pero en fin todas las flores

956.0 1919.0 496.0 59.0 Son el primor de primores.

1002.0 1956.0 421.0 57.0 Y los amantes queridos

958.0 1989.0 458.0 92.0 Estan ante ellas rendidos.

214.0 2359.0 1411.0 107.0 Imps. de Cristina Segura, Vda. de A. Llorens, Palma de Sta. Catalina. num. 6. — Barcelona.
