1860 2629
1254.0 256.0 250.0 74.0 Numero 84.

188.0 1597.0 1303.0 129.0 LA GITANILLA

407.0 1695.0 900.0 121.0 Vaticinando la buena ventura

140.0 1807.0 379.0 57.0 Aquí está la gitanilla

92.0 1833.0 425.0 75.0 la de la buena ventura

96.0 1881.0 382.0 57.0 y decir verdá te jura

96.0 1927.0 509.0 64.0 porque es cosa muy senciya.

133.0 1965.0 395.0 54.0 Dame do cuarto zalao

96.0 2004.0 373.0 61.0 y ecucha la gitanilla

96.0 2050.0 368.0 55.0 te diré cual é tu via

92.0 2076.0 438.0 66.0 en ese mundo arrastrao.

131.0 2118.0 472.0 59.0 Veo una cruz en tu mano

96.0 2160.0 489.0 61.0 que ezplica clara tu zuerte:

94.0 2206.0 520.0 59.0 too el mundo ha de quererte

94.0 2249.0 526.0 57.0 po que eres noble y humano.

131.0 2289.0 450.0 53.0 En tus ojos estoy viendo

96.0 2322.0 540.0 63.0 que á tí muchas te han gustao

94.0 2370.0 485.0 55.0 por mi no hay na reservao

94.0 2407.0 460.0 62.0 po que todas las entiendo.

133.0 2449.0 356.0 55.0 Si te casas hijo mío

96.0 2480.0 504.0 92.0 tendrás niños muy hermosos

894.0 1814.0 476.0 54.0 los más lindos y graciosos

899.0 1846.0 498.0 57.0 que este mundo á conocido.

929.0 1888.0 428.0 55.0 Con tu mujer sobre too

899.0 1927.0 456.0 57.0 has de tener gran cuidao

897.0 1969.0 405.0 57.0 que para verte burlao

901.0 2006.0 507.0 66.0 se valdrá de cualquier moo.

940.0 2050.0 316.0 57.0 Te verás afavorío

899.0 2087.0 406.0 57.0 si tu no corres la luna

897.0 2136.0 467.0 50.0 tendrás una gran fortuna

897.0 2171.0 375.0 54.0 y estarás enriquecío.

927.0 2208.0 441.0 66.0 Si buscas otras mujeres

897.0 2256.0 443.0 59.0 serás tu muy desgraciao

894.0 2295.0 454.0 53.0 porque too hombre casao

897.0 2331.0 487.0 63.0 ha de cumplir sus deberes.

932.0 2377.0 511.0 59.0 Adios adios que yo me largo

894.0 2412.0 397.0 63.0 y piensa en la gitania

899.0 2455.0 399.0 57.0 que en esta picara via

894.0 2490.0 476.0 117.0 lo durce se güerve amargo.
