1737 2508
221 209 422 100 partió el uno para el otro,

219 286 385 63 pareciendo que chocaba

223 326 429 56 un monte con otro monte,

223 365 401 59 y sin remediarse en nada,

219 409 397 54 ambos vinieron á tierra,

223 445 356 60 y sacando las espadas,

219 486 355 57 armaron tal herrería,

217 518 443 63 que las armas destrozaban.

217 568 430 52 A los primeros encuentros

215 599 407 61 por una treta impensada

217 639 324 56 el valeroso don Juan

217 677 458 58 sacó en un muslo una llaga.

215 723 437 56 Quiso que volviese al cebo,

219 760 395 59 y volviendo sin tardanza

217 798 433 60 don Juan ya sobreavisado,

215 836 389 58 señaló una herida falsa:

217 875 420 59 el Moro acudió al reparo,

217 917 435 67 cubriéndose con la adarga;

219 961 391 50 pero rebatiendo el brazo

217 988 518 84 don Juan con fuerza y pujanza,

217 1032 359 54 todo un muslo le cortó

215 1067 378 61 hasta cerca de la caña.

215 1120 389 50 El Moro quedó burlado,

215 1149 405 61 y antes que se recobrara,

215 1191 409 65 alzó su brazo invencible,

217 1228 357 59 y le dió tal cuchillada,

213 1272 439 53 que le cerceno el pescuezo:

215 1310 458 61 le asegundó, y como echaba

217 1348 430 56 tanta sangre, fue bastante

215 1391 435 63 á trastornarle de espaldas,

215 1427 422 63 y reboleado en su sangre,

213 1467 418 58 acabó en mortales ansias.

215 1513 501 54 Como don Juan lo vió muerto,

215 1542 483 67 á Dios rindió muchas gracias,

217 1588 399 61 y montado en su caballo,

213 1628 460 56 allí hacia un lado se aparta.

215 1663 384 57 Mahandon á don Alonso

215 1703 364 56 le dijo: deja que vaya

213 1738 506 59 ahora á vengar de mi hermano

211 1778 443 65 la muerte, que esta batalla

211 1822 405 59 después la concluiremos.

213 1870 376 52 Don Alonso dijo: calla,

213 1901 355 57 y tu defensa procura,

211 1939 514 59 que en el grado en que se halla

215 1981 460 56 tu hermano, te verás presto,

213 2021 457 58 pues ha de quedar vengada

215 2056 393 56 hoy de los Abencerrages

215 2098 391 54 tanl3 sangre derramada.

213 2133 353 61 Encolerizado el Maro,

215 2175 399 61 con furia arrojóla lanza,

217 2219 395 54 y al revolver don Alonso

217 2259 372 50 al caballo por la lujada

215 2290 453 77 se le enltó el agudo hierro,

946 248 385 52 quedándose atravesada.

948 282 439 67 El bruto muy mal herido,

946 328 406 52 dando saltos se quejaba,

948 359 444 63 sin sujetarse á las riendas,

948 403 442 60 y temiendo una desgracia,

948 438 446 69 de él se arrojó don Alonso,

948 474 406 71 y confiado en la ventaja,

946 520 326 54 el Moro le acometió.

944 560 431 54 Don Alonso al ver llegaba

946 597 425 57 á dar sobre él el caballo,

944 637 466 54 daba un salto y se apartaba.

951 685 401 59 Y al Moro le dijo airado;

948 716 385 63 si en apearte te tardas,

948 756 404 57 te he de matar el caballo,

946 787 504 76 que esa es acción muy villana.

946 831 429 67 Con esto el Moro se apea,

946 873 387 61 y sacando las espadas,

944 917 410 48 allí empezaron de nuevo

946 946 485 71 la sangrienta y cruel batalla.

944 992 427 61 Tuvo ocasión don Alonso,

944 1030 433 63 y como diestro, la espada

944 1074 402 58 se la entró por un vacio,

932 1107 430 59 y le dió una herida mala.

938 1151 433 54 El Moro airado y soberbio

928 1195 384 48 á don Alonso descarga

944 1228 368 59 tan desaforado golpe,

942 1264 425 67 que el águila que llevaba,

946 1304 385 58 le cortó, y en la cabeza

944 1345 366 61 una mala herida saca,

948 1385 341 61 y picado don Alonso,

944 1423 404 58 antes que le asegundara,

942 1463 445 62 por entre la abrochadura,

946 1504 383 55 y la junta de las armas

944 1540 423 63 la aguda espada le entró,

948 1582 354 58 y le pasólas entrañas.

944 1626 423 54 Cayó amortecido el Moro,

944 1663 402 59 y agonizando allí acaba,

942 1699 347 58 de lo cual dió Alonso

940 1738 424 61 á Dios muehas alabanzas:

942 1778 387 54 con el caballo del Moro

944 1818 471 56 fue á donde don Juan estaba

942 1858 420 56 don Manuel y Ali Hamete

944 1895 343 57 fuertemente peleaban

942 1933 425 60 á pie, pues ya los caballos

942 1975 435 60 rendidos del todo estaban,_

942 2008 500 63 don Manuel con cinco herida»,

938 2054 422 63 y el Moro con cinco mala»

942 2096 431 52 anda al rededor del Moro,

940 2129 383 63 haciendo mil carabanas,

940 2165 466 65 tirando á diestro y siniestro

942 2209 345 58 rebeses y cuchilladas.

944 2248 477 57 Don Manuel se estaba quicio,

940 2292 387 71 aguardando se acercara,

1479 181 48 105 5
