1737 2508
685 1017 475 119 RELACION

407 1151 1060 136 DE LA VIDA. PASION Y MUERTE

282 1249 1312 182 DE CRISTO NUESTRO SEÑOR.

1266 229 259 78 (Núm. 142.)

286 1511 458 60 A la urora bajó el Sol,

240 1554 458 72 fué disposición divina,

238 1607 583 62 de que tome carne humana,

238 1651 537 73 para que al mundo redima

240 1697 560 69 con su pasión y su muerte,

240 1747 537 62 do aquella caverna ó cima

242 1795 537 63 donde estábamos sugetos

238 1835 514 71 con una obligación fija.

248 1891 510 71 Por este sacro misterio

246 1931 585 75 nos vemos libres; qué dicha!

244 1979 535 71 Gabriel trajo ta embajada,

246 2035 489 67 llegó y dijo: Ave Maria,

248 2079 535 73 llena sois toda de gracia;

250 2133 416 63 concebiréis este dia

250 2179 561 63 en vuestras puras entrañas

255 2221 505 71 al Niño Dios, Virgen Fia.

257 2278 535 66 Y dado el consentimiento

261 2324 435 77 quedó preñada María.

963 1492 590 62 Llegando los nueve meses,,

963 1531 418 74 de Nazaret se partía

963 1584 617 79 para Belén: y entre escarchas

967 1628 535 71 nació el autor de la vida.

969 1684 561 65 Los pastores se alegraron,

969 1732 487 63 los cielos se regocijan,

969 1774 535 71 los Querubines le cantan,

974 1824 432 73 y los ángeles decían;

971 1868 611 75 ya es nacido el Rey del cielo,

971 1912 613 79 gloria á Dios se dé cumplida.

976 1975 533 62 En su Circuncisión sacra,

974 2021 612 66 que fué al cábo de ocho dias,

980 2064 679 69 nos dió á entender en el templo,

982 2110 508 69 á lo que al mundo venía,

978 2163 635 75 que era á derramar su sangre,

982 2204 539 80 por restaurar lo que había

984 2259 464 79 perdido por el pécado

988 2303 581 85 de Adán: notable desdicha!
