1752 2480
287 1012 1098 246 EL BARATERO.

146 1337 1390 97 Sátira nueva en que se declara el famoso Baratero que ha salido en

231 1409 1229 87 Cuarte, y en ella hallarán las demás hazañas y valentías que

500 1457 685 93 ha hecho en España y eñ Francia.

1214 202 219 79 Núm. 399.

186 1581 595 64 Todo el mundo ha de temblar

140 1628 453 68 de este noble baratero,

132 1684 447 64 soy el tuerto Calachan

136 1719 554 81 que á nadie le tengo miedo.

283 1779 496 68 De edad de quince años •

235 1822 460 69 siendo yo un chiquillo,

231 1872 315 68 aprendí á jugar

237 1919 426 69 muy bien el cuchillo.

283 1969 335 64 Y eran mis ideas

237 2027 443 60 de irme algunos ratos,

229 2074 352 67 por cafés y plazas

235 2124 414 60 á cobrar los cuartos.

291 2165 480 83 Yo soy hijo de mi madre

862 1574 387 75 y sobrino de mi tia,

860 1634 498 60 abuelos nunca he tenido,

862 1688 499 56 según mi hermano decía.

1009 1729 441 69 Soy nacido en Cuarte,

961 1783 323 62 criado en Maria,

961 1824 271 67 hijo de Pacay

959 1876 393 66 que en él nadie fra.

1011 1924 422 68 Tengo unos parientes

961 1973 404 68 que es causa de risa,

961 2023 352 66 si uno va descalzo

963 2081 356 51 otro va en carnisa.

912 2118 436 64 Sólo por estas razones

862 2163 488 97 me despedí de mi gente,
