1676 2428
161 165 563 71 este es Principe encubierto;

161 212 620 79 mas que el amor me despeñe,

161 261 488 80 sea Principe, ó Villano,

161 315 480 79 o sea loco, ó prudente,

157 370 529 71 este mi esposo lia de ser,

157 420 533 69 misterio el Retrato tiene:

161 477 533 71 mas que digo 9 Loca estoy!

161 528 569 70 mi crédito pues, mi oriente,

163 586 391 63 cuva luz al rosicler

161 637 523 65 del día empuñarle puede!

163 681 571 77 Mas, y mí amor (ay de mi!)

161 740 579 69 que me aprieta Ios-cordeles,

161 793 539 68 en un horndre tan bizarro,

165 841 539 73 como el Retrato lo ofrece?

161 900 654 67 Este es Principe, y se encubre;

161 946 508 77 mas sea lo que se fuere,

163 1005 486 69 que no seré la primera,

168 1058 520 71 que á liviandad se sujete.

163 1112 462 65 Asi andaba enamorada

165 1173 488 65 del jardinero, de suerte,

165 1226 541 62 que apretando las clavijas,

163 1266 630 75 rompieron las cuerdas fuertes.

168 1317 560 75 Vivió encubierto este amor,

168 1375 591 71 por buena cuenta seis meses;

165 1430 517 67 y al fin de aquesto le dijo

168 1475 491 72 á la Princesa que quiere

163 1533 521 69 irse á su tierra, mas ella,

170 1592 514 67 sin mirar inconvenientes,

170 1642 560 71 ni reparar, que es Princesa

170 1695 487 67 de Dinamarca, pretende

168 1742 625 72 irse con él, que no hay cosa,

172 1798 562 69 como una muger lo intente,

172 1843 473 77 que no la haga resuelta

170 1897 582 75 aunque el diablo se la lleve.

174 1956 558 69 A este tiempo á la Duquesa

178 2005 562 70 le dió un notable accidente,

180 2055 489 81 y viendo los dos el caso

176 2122 496 59 tan apretado, y urgente,

176 2166 487 73 por un posliguillo falso,

161 2213 636 93 que por dicha el jardín tiene.

257 153 38 29 6

906 165 504 65 salieron los dos amantes,

906 206 506 71 sin que nadie lo sintiese.

904 261 484 68 Toda la noche caminan;

898 313 492 77 y al ser de dia, parecen

896 374 605 73 cerca de allí unas montañas,

904 432 456 61 donde ván á recogerse

900 477 444 63 en lo áspero, y oculto

902 522 545 74 de sus bosques eminentes;

902 576 610 75 con prevenciones bien cortas,

900 627 504 71 de todos los menesteres*.

900 685 575 73 Viendo en Palacio, que falta

902 732 496 71 la Princesa, y no parece

902 785 437 72 el jardinero tampoco,

904 839 642 73 mandó el Rey, que brevemente

904 896 486 69 saliesen cien Caballeros

902 944 476 75 por caminos diferentes,

906 1007 595 63 que vivos, ó muertos ambos,

904 1062 500 62 á su presencia tragesen,

904 1106 452 73 para darles el castigo,

906 1165 444 63 (pie su delito merece.

906 1216 557 68 Los dos caminan de noche,

902 1258 482 73 de dia [raían, de suerte,

906 1327 573 58 (pie aquestos amantes nunca

906 1367 547 75 fue posible, que los viesen.

908 1422 438 71 Prosiguieron su viage

908 1481 529 68 con trabajo, pues á veces,

908 1523 496 77 ni pan confian, ni abrigo

908 1576 555 75 hallaban quien se lo diese,

906 1634 454 69 pasando por el camino

908 1687 606 71 hambre, sed, pesares fuertes,

898 1733 454 77 (pie Liliberto le daba,

908 1794 508 69 pues en loco permanece.

910 1843 547 71 Sorprendidos fueron ambos

912 1899 480 63 de Ladrones insolentes,

916 1952 494 61 cuando Filiberto en ellos

912 2007 432 62 estrago hizo valiente,

914 2055 480 67 Pasó en fin este trabajo

916 2100 535 75 la Princesa, mas lo siente,

920 2150 444 83 por haberle dicho él,

904 2207 559 97 que de baja estirpe viene,
