1737 2508
378 1201 1177 159 DON JUAN DE LA TIERRA.

752 1442 435 127 SEGUNDA PARTE.

319 1594 535 75 Tomó la pluma don Juan,

269 1653 506 73 y de esta suerte notaba:

269 1697 533 71 « Desde el instante que ví

271 1751 531 69 esa hermosa mano blanca

271 1799 494 67 quedé confuso, señora,

271 1845 569 69 tan rendido y tan sin alma,

271 1891 654 79 que aunque vivo no estoy vivo

275 1947 590 74 porque no vivo en tu gracía,

278 1991 518 76 por lo cual yo te suplico,

278 2037 482 71 si merezco dicha tanta

275 2092 510 64 de ver esos dos luceros,

280 2138 497 69 ó esa gracia estremada;

278 2175 693 101 tendrás por esclavo á un hombre

1005 1580 679 71 que es gran príncipe de España,

1011 1638 422 67 y al recibir el favor,

1005 1682 591 73 te daré el premio y la paga

1005 1732 525 61 de mi real mano y serás

1007 1774 533 73 la infanta mas celebrada,

1013 1828 506 65 y en tu escudo pondrás

1007 1872 560 73 Castillo y Leon por armas.

1015 1914 542 75 Guárdete el Cielo, Señora,

1015 1972 531 67 y cumple mis esperanzas. »

1011 2021 464 77 El portador se partiò,

1017 2064 584 80 dió en mano propia la carta,

1013 2115 494 77 rompiò la nema y leyó,

1020 2165 455 111 y la respuesta notada
