<?xml version="1.0" encoding="UTF-8"?>
<alto xmlns:xsi="http://www.w3.org/2001/XMLSchema-instance"
      xmlns="http://www.loc.gov/standards/alto/ns-v4#"
      xsi:schemaLocation="http://www.loc.gov/standards/alto/ns-v4# http://www.loc.gov/standards/alto/v4/alto-4-2.xsd">
  <Description>
    <MeasurementUnit>pixel</MeasurementUnit>
    <sourceImageInformation>
      <fileName>Moreno_180_8.jpg</fileName>
      
    </sourceImageInformation>
  </Description>
  
  <Tags>
    <OtherTag ID="BT234" LABEL="RunningTitleZone" DESCRIPTION="block type RunningTitleZone"/><OtherTag ID="BT226" LABEL="MainZone" DESCRIPTION="block type MainZone"/><OtherTag ID="BT225" LABEL="GraphicZone:ornamentation" DESCRIPTION="block type GraphicZone:ornamentation"/><OtherTag ID="BT230" LABEL="MusicZone" DESCRIPTION="block type MusicZone"/><OtherTag ID="BT233" LABEL="QuireMarksZone:signature" DESCRIPTION="block type QuireMarksZone:signature"/><OtherTag ID="BT232" LABEL="QuireMarksZone:catchwords" DESCRIPTION="block type QuireMarksZone:catchwords"/><OtherTag ID="BT224" LABEL="GraphicZone:illustration" DESCRIPTION="block type GraphicZone:illustration"/><OtherTag ID="BT231" LABEL="NumberingZone:page" DESCRIPTION="block type NumberingZone:page"/><OtherTag ID="BT228" LABEL="MarginTextZone:colophon" DESCRIPTION="block type MarginTextZone:colophon"/><OtherTag ID="BT229" LABEL="MarginTextZone:note" DESCRIPTION="block type MarginTextZone:note"/><OtherTag ID="BT221" LABEL="CustomZone:impresorNum" DESCRIPTION="block type CustomZone:impresorNum"/><OtherTag ID="BT222" LABEL="CustomZone:numero_pliego" DESCRIPTION="block type CustomZone:numero_pliego"/><OtherTag ID="BT2325" LABEL="MainZone:columns" DESCRIPTION="block type MainZone:columns"/><OtherTag ID="BT2326" LABEL="CustomZone:title" DESCRIPTION="block type CustomZone:title"/>
    <OtherTag ID="LT82" LABEL="CustomLine:trailer" DESCRIPTION="line type CustomLine:trailer"/><OtherTag ID="LT81" LABEL="CustomLine:propriedad" DESCRIPTION="line type CustomLine:propriedad"/><OtherTag ID="LT83" LABEL="DefaultLine" DESCRIPTION="line type DefaultLine"/><OtherTag ID="LT84" LABEL="HeadingLine" DESCRIPTION="line type HeadingLine"/>
  </Tags>
  
  <Layout>
    <Page WIDTH="1765"
          HEIGHT="2512"
          PHYSICAL_IMG_NR="101"
          ID="eSc_dummypage_">
      <PrintSpace HPOS="0"
                  VPOS="0"
                  WIDTH="1765"
                  HEIGHT="2512">
        
        <TextBlock HPOS="165"
                   VPOS="273"
                   WIDTH="562"
                   HEIGHT="1478"
                   ID="eSc_textblock_3de20044"
                   TAGREFS="BT2325">
          <Shape><Polygon POINTS="182 273 165 1751 720 1747 727 278"/></Shape>
          
          
          <TextLine ID="tl_2"
                    TAGREFS="LT83"
                    BASELINE="214 305 260 306 443 307 501 306 617 307" 
                    HPOS="211"
                    VPOS="265"
                    WIDTH="404"
                    HEIGHT="55">
            <Shape><Polygon POINTS="213 303 211 267 613 265 615 305 613 318 211 320"/></Shape>
	    <String CONTENT="#in perjudicar los bienes"
                    HPOS="211"
                    VPOS="265"
                    WIDTH="404"
                    HEIGHT="55"></String>
          </TextLine>

          
          
          <TextLine ID="tl_3"
                    TAGREFS="LT83"
                    BASELINE="214 344 261 346 327 345 463 347 511 346 654 349" 
                    HPOS="211"
                    VPOS="305"
                    WIDTH="442"
                    HEIGHT="57">
            <Shape><Polygon POINTS="213 343 213 305 651 309 653 347 651 362 211 362"/></Shape>
	    <String CONTENT="del que quedase en EspaAa."
                    HPOS="211"
                    VPOS="305"
                    WIDTH="442"
                    HEIGHT="57"></String>
          </TextLine>

          
          
          <TextLine ID="tl_4"
                    TAGREFS="LT83"
                    BASELINE="213 384 297 385 337 385 473 386 516 385 597 385" 
                    HPOS="209"
                    VPOS="347"
                    WIDTH="387"
                    HEIGHT="52">
            <Shape><Polygon POINTS="211 383 211 347 594 347 596 383 594 393 209 399"/></Shape>
	    <String CONTENT="como ni impedir el paso"
                    HPOS="209"
                    VPOS="347"
                    WIDTH="387"
                    HEIGHT="52"></String>
          </TextLine>

          
          
          <TextLine ID="tl_5"
                    TAGREFS="LT83"
                    BASELINE="213 422 240 423 317 426 357 425 466 425 509 425 613 427" 
                    HPOS="207"
                    VPOS="383"
                    WIDTH="404"
                    HEIGHT="54">
            <Shape><Polygon POINTS="211 420 211 383 609 387 611 424 607 437 207 431"/></Shape>
	    <String CONTENT="al que al Africa se parta."
                    HPOS="207"
                    VPOS="383"
                    WIDTH="404"
                    HEIGHT="54"></String>
          </TextLine>

          
          
          <TextLine ID="tl_6"
                    TAGREFS="LT83"
                    BASELINE="213 463 294 463 346 464 427 465 576 465" 
                    HPOS="207"
                    VPOS="427"
                    WIDTH="368"
                    HEIGHT="50">
            <Shape><Polygon POINTS="211 462 209 429 571 427 575 464 571 477 207 473"/></Shape>
	    <String CONTENT="Todo lo cual otorgado"
                    HPOS="207"
                    VPOS="427"
                    WIDTH="368"
                    HEIGHT="50"></String>
          </TextLine>

          
          
          <TextLine ID="tl_7"
                    TAGREFS="LT83"
                    BASELINE="212 510 267 503 307 503 440 504 613 509" 
                    HPOS="207"
                    VPOS="464"
                    WIDTH="404"
                    HEIGHT="55">
            <Shape><Polygon POINTS="211 508 209 464 609 468 611 508 607 519 207 517"/></Shape>
	    <String CONTENT="por el piadoso Monarca,"
                    HPOS="207"
                    VPOS="464"
                    WIDTH="404"
                    HEIGHT="55"></String>
          </TextLine>

          
          
          <TextLine ID="tl_8"
                    TAGREFS="LT83"
                    BASELINE="212 541 248 542 405 542 456 544 503 543 631 546" 
                    HPOS="207"
                    VPOS="504"
                    WIDTH="423"
                    HEIGHT="54">
            <Shape><Polygon POINTS="211 540 211 504 628 506 630 544 626 558 207 556"/></Shape>
	    <String CONTENT="en compaña de su esposa,"
                    HPOS="207"
                    VPOS="504"
                    WIDTH="423"
                    HEIGHT="54"></String>
          </TextLine>

          
          
          <TextLine ID="tl_9"
                    TAGREFS="LT83"
                    BASELINE="211 588 230 588 347 581 442 584 614 589" 
                    HPOS="207"
                    VPOS="542"
                    WIDTH="406"
                    HEIGHT="56">
            <Shape><Polygon POINTS="209 586 209 542 613 546 613 588 611 598 207 598"/></Shape>
	    <String CONTENT="y mucha gente esforzada,"
                    HPOS="207"
                    VPOS="542"
                    WIDTH="406"
                    HEIGHT="56"></String>
          </TextLine>

          
          
          <TextLine ID="tl_10"
                    TAGREFS="LT83"
                    BASELINE="212 619 262 621 293 621 401 622 436 622 593 624" 
                    HPOS="207"
                    VPOS="584"
                    WIDTH="385"
                    HEIGHT="50">
            <Shape><Polygon POINTS="211 617 211 584 590 584 592 623 588 634 207 632"/></Shape>
	    <String CONTENT="fue á tomar la posesión"
                    HPOS="207"
                    VPOS="584"
                    WIDTH="385"
                    HEIGHT="50"></String>
          </TextLine>

          
          
          <TextLine ID="tl_11"
                    TAGREFS="LT83"
                    BASELINE="211 658 247 660 362 660 426 661 570 662" 
                    HPOS="205"
                    VPOS="621"
                    WIDTH="364"
                    HEIGHT="53">
            <Shape><Polygon POINTS="209 657 209 621 569 623 569 661 565 674 205 667"/></Shape>
	    <String CONTENT="de ciudad tan deseada."
                    HPOS="205"
                    VPOS="621"
                    WIDTH="364"
                    HEIGHT="53"></String>
          </TextLine>

          
          
          <TextLine ID="tl_12"
                    TAGREFS="LT83"
                    BASELINE="210 698 234 698 333 700 369 700 463 700 553 701" 
                    HPOS="205"
                    VPOS="655"
                    WIDTH="347"
                    HEIGHT="58">
            <Shape><Polygon POINTS="209 697 209 655 550 659 552 699 548 713 205 711"/></Shape>
	    <String CONTENT="Y junto al Genil salió"
                    HPOS="205"
                    VPOS="655"
                    WIDTH="347"
                    HEIGHT="58"></String>
          </TextLine>

          
          
          <TextLine ID="tl_13"
                    TAGREFS="LT83"
                    BASELINE="210 737 238 738 318 735 435 735 475 732 522 732 700 738" 
                    HPOS="205"
                    VPOS="697"
                    WIDTH="494"
                    HEIGHT="58">
            <Shape><Polygon POINTS="209 736 209 697 699 701 699 736 695 755 205 745"/></Shape>
	    <String CONTENT="el Rey Chico, y le entregaba"
                    HPOS="205"
                    VPOS="697"
                    WIDTH="494"
                    HEIGHT="58"></String>
          </TextLine>

          
          
          <TextLine ID="tl_14"
                    TAGREFS="LT83"
                    BASELINE="208 776 252 777 348 778 400 779 439 780 569 785" 
                    HPOS="203"
                    VPOS="730"
                    WIDTH="364"
                    HEIGHT="63">
            <Shape><Polygon POINTS="207 774 207 730 565 743 567 785 563 793 203 785"/></Shape>
	    <String CONTENT="las llaves de la ciudad,"
                    HPOS="203"
                    VPOS="730"
                    WIDTH="364"
                    HEIGHT="63"></String>
          </TextLine>

          
          
          <TextLine ID="tl_15"
                    TAGREFS="LT83"
                    BASELINE="208 824 226 824 414 819 480 818 670 823" 
                    HPOS="205"
                    VPOS="774"
                    WIDTH="464"
                    HEIGHT="63">
            <Shape><Polygon POINTS="207 822 207 774 667 778 669 822 667 837 205 837"/></Shape>
	    <String CONTENT="y subiéndose ála Alhambra,"
                    HPOS="205"
                    VPOS="774"
                    WIDTH="464"
                    HEIGHT="63"></String>
          </TextLine>

          
          
          <TextLine ID="tl_16"
                    TAGREFS="LT83"
                    BASELINE="208 855 244 856 290 857 385 857 439 858 591 859" 
                    HPOS="203"
                    VPOS="814"
                    WIDTH="387"
                    HEIGHT="56">
            <Shape><Polygon POINTS="207 854 205 818 586 814 590 858 586 870 203 864"/></Shape>
	    <String CONTENT="en la torre de Gomares"
                    HPOS="203"
                    VPOS="814"
                    WIDTH="387"
                    HEIGHT="56"></String>
          </TextLine>

          
          
          <TextLine ID="tl_17"
                    TAGREFS="LT83"
                    BASELINE="206 894 319 896 360 897 450 898 549 897" 
                    HPOS="200"
                    VPOS="849"
                    WIDTH="348"
                    HEIGHT="61">
            <Shape><Polygon POINTS="205 893 205 849 546 854 548 895 544 910 200 906"/></Shape>
	    <String CONTENT="levantó la señal santa"
                    HPOS="200"
                    VPOS="849"
                    WIDTH="348"
                    HEIGHT="61"></String>
          </TextLine>

          
          
          <TextLine ID="tl_18"
                    TAGREFS="LT83"
                    BASELINE="207 934 244 935 281 934 385 941 420 946 477 938 538 937 567 938 670 943" 
                    HPOS="200"
                    VPOS="893"
                    WIDTH="469"
                    HEIGHT="63">
            <Shape><Polygon POINTS="205 933 205 893 669 898 669 942 665 956 200 944"/></Shape>
	    <String CONTENT="de la Cruz, y de allí á poco,"
                    HPOS="200"
                    VPOS="893"
                    WIDTH="469"
                    HEIGHT="63"></String>
          </TextLine>

          
          
          <TextLine ID="tl_19"
                    TAGREFS="LT83"
                    BASELINE="207 973 243 975 407 976 442 985 490 977 534 977 649 977" 
                    HPOS="200"
                    VPOS="931"
                    WIDTH="446"
                    HEIGHT="61">
            <Shape><Polygon POINTS="205 971 205 931 644 939 646 975 642 992 200 983"/></Shape>
	    <String CONTENT="de Fernando y de su amada"
                    HPOS="200"
                    VPOS="931"
                    WIDTH="446"
                    HEIGHT="61"></String>
          </TextLine>

          
          
          <TextLine ID="tl_20"
                    TAGREFS="LT83"
                    BASELINE="207 1012 307 1014 347 1014 438 1015 628 1016" 
                    HPOS="200"
                    VPOS="969"
                    WIDTH="426"
                    HEIGHT="60">
            <Shape><Polygon POINTS="205 1011 205 969 623 979 626 1015 621 1029 200 1021"/></Shape>
	    <String CONTENT="esposa el regio estandarte."
                    HPOS="200"
                    VPOS="969"
                    WIDTH="426"
                    HEIGHT="60"></String>
          </TextLine>

          
          
          <TextLine ID="tl_21"
                    TAGREFS="LT83"
                    BASELINE="208 1051 231 1051 347 1054 402 1054 509 1055 557 1055 671 1054" 
                    HPOS="203"
                    VPOS="1008"
                    WIDTH="466"
                    HEIGHT="61">
            <Shape><Polygon POINTS="207 1050 207 1008 667 1011 669 1052 665 1069 203 1061"/></Shape>
	    <String CONTENT="Y luegos los Reyes de arma9"
                    HPOS="203"
                    VPOS="1008"
                    WIDTH="466"
                    HEIGHT="61"></String>
          </TextLine>

          
          
          <TextLine ID="tl_22"
                    TAGREFS="LT83"
                    BASELINE="206 1090 318 1094 371 1094 462 1094 568 1099" 
                    HPOS="200"
                    VPOS="1050"
                    WIDTH="367"
                    HEIGHT="59">
            <Shape><Polygon POINTS="205 1088 205 1050 565 1059 567 1099 563 1109 200 1103"/></Shape>
	    <String CONTENT="dijeron en altas voces,"
                    HPOS="200"
                    VPOS="1050"
                    WIDTH="367"
                    HEIGHT="59"></String>
          </TextLine>

          
          
          <TextLine ID="tl_23"
                    TAGREFS="LT83"
                    BASELINE="205 1139 263 1132 360 1132 421 1133 627 1134" 
                    HPOS="198"
                    VPOS="1094"
                    WIDTH="428"
                    HEIGHT="53">
            <Shape><Polygon POINTS="203 1138 198 1094 623 1094 626 1132 621 1147 200 1145"/></Shape>
	    <String CONTENT="que todos las escucharan:"
                    HPOS="198"
                    VPOS="1094"
                    WIDTH="428"
                    HEIGHT="53"></String>
          </TextLine>

          
          
          <TextLine ID="tl_24"
                    TAGREFS="LT83"
                    BASELINE="205 1170 232 1170 301 1171 371 1173 541 1172 627 1179" 
                    HPOS="198"
                    VPOS="1130"
                    WIDTH="428"
                    HEIGHT="59">
            <Shape><Polygon POINTS="203 1168 203 1130 623 1136 626 1178 621 1189 198 1180"/></Shape>
	    <String CONTENT="el Rey don Fernando viva,"
                    HPOS="198"
                    VPOS="1130"
                    WIDTH="428"
                    HEIGHT="59"></String>
          </TextLine>

          
          
          <TextLine ID="tl_25"
                    TAGREFS="LT83"
                    BASELINE="202 1219 222 1219 295 1212 386 1212 498 1212 600 1214" 
                    HPOS="198"
                    VPOS="1168"
                    WIDTH="400"
                    HEIGHT="62">
            <Shape><Polygon POINTS="200 1218 198 1168 596 1174 598 1212 596 1226 200 1230"/></Shape>
	    <String CONTENT="y que reine edades largas"
                    HPOS="198"
                    VPOS="1168"
                    WIDTH="400"
                    HEIGHT="62"></String>
          </TextLine>

          
          
          <TextLine ID="tl_26"
                    TAGREFS="LT83"
                    BASELINE="203 1248 258 1251 360 1251 418 1252 496 1251 646 1253" 
                    HPOS="196"
                    VPOS="1214"
                    WIDTH="448"
                    HEIGHT="46">
            <Shape><Polygon POINTS="200 1247 200 1214 644 1214 644 1251 640 1260 196 1258"/></Shape>
	    <String CONTENT="con doña Isabel su esposa:"
                    HPOS="196"
                    VPOS="1214"
                    WIDTH="448"
                    HEIGHT="46"></String>
          </TextLine>

          
          
          <TextLine ID="tl_27"
                    TAGREFS="LT83"
                    BASELINE="201 1295 258 1290 366 1291 464 1291 530 1301 688 1291" 
                    HPOS="196"
                    VPOS="1249"
                    WIDTH="490"
                    HEIGHT="57">
            <Shape><Polygon POINTS="200 1293 196 1253 680 1249 686 1289 684 1306 198 1302"/></Shape>
	    <String CONTENT="por ambos desde hoy Granada."
                    HPOS="196"
                    VPOS="1249"
                    WIDTH="490"
                    HEIGHT="57"></String>
          </TextLine>

          
          
          <TextLine ID="tl_28"
                    TAGREFS="LT83"
                    BASELINE="202 1328 244 1329 317 1330 433 1331 553 1331" 
                    HPOS="196"
                    VPOS="1285"
                    WIDTH="356"
                    HEIGHT="58">
            <Shape><Polygon POINTS="200 1327 200 1285 550 1289 552 1329 548 1343 196 1339"/></Shape>
	    <String CONTENT="La real Capilla entonó"
                    HPOS="196"
                    VPOS="1285"
                    WIDTH="356"
                    HEIGHT="58"></String>
          </TextLine>

          
          
          <TextLine ID="tl_29"
                    TAGREFS="LT83"
                    BASELINE="203 1368 221 1368 258 1369 341 1370 371 1369 400 1378 430 1369 565 1371" 
                    HPOS="196"
                    VPOS="1329"
                    WIDTH="367"
                    HEIGHT="56">
            <Shape><Polygon POINTS="200 1366 200 1329 561 1333 563 1369 559 1385 196 1375"/></Shape>
	    <String CONTENT="el te DEt M y fué tanta"
                    HPOS="196"
                    VPOS="1329"
                    WIDTH="367"
                    HEIGHT="56"></String>
          </TextLine>

          
          
          <TextLine ID="tl_30"
                    TAGREFS="LT83"
                    BASELINE="201 1407 229 1407 357 1410 428 1409 479 1409 564 1411" 
                    HPOS="196"
                    VPOS="1362"
                    WIDTH="367"
                    HEIGHT="61">
            <Shape><Polygon POINTS="200 1406 200 1362 561 1375 563 1410 559 1423 196 1417"/></Shape>
	    <String CONTENT="la alegría, que de gozo"
                    HPOS="196"
                    VPOS="1362"
                    WIDTH="367"
                    HEIGHT="61"></String>
          </TextLine>

          
          
          <TextLine ID="tl_31"
                    TAGREFS="LT83"
                    BASELINE="199 1445 268 1447 426 1448 562 1451" 
                    HPOS="194"
                    VPOS="1402"
                    WIDTH="367"
                    HEIGHT="59">
            <Shape><Polygon POINTS="198 1444 196 1406 437 1402 439 1402 439 1402 441 1402 441 1402 483 1417 498 1421 556 1421 561 1450 556 1461 194 1454"/></Shape>
	    <String CONTENT="todo Cristiano lloraba."
                    HPOS="194"
                    VPOS="1402"
                    WIDTH="367"
                    HEIGHT="59"></String>
          </TextLine>

          
          
          <TextLine ID="tl_32"
                    TAGREFS="LT83"
                    BASELINE="197 1485 312 1488 379 1487 605 1489" 
                    HPOS="192"
                    VPOS="1450"
                    WIDTH="410"
                    HEIGHT="53">
            <Shape><Polygon POINTS="196 1484 194 1452 598 1450 602 1488 598 1503 192 1498"/></Shape>
	    <String CONTENT="Tanian mil instrumentos"
                    HPOS="192"
                    VPOS="1450"
                    WIDTH="410"
                    HEIGHT="53"></String>
          </TextLine>

          
          
          <TextLine ID="tl_33"
                    TAGREFS="LT83"
                    BASELINE="199 1536 254 1527 312 1528 413 1526 440 1536 500 1527 622 1533" 
                    HPOS="192"
                    VPOS="1488"
                    WIDTH="429"
                    HEIGHT="56">
            <Shape><Polygon POINTS="198 1534 192 1490 617 1488 621 1532 619 1542 198 1544"/></Shape>
	    <String CONTENT="por las calles y las plazas,"
                    HPOS="192"
                    VPOS="1488"
                    WIDTH="429"
                    HEIGHT="56"></String>
          </TextLine>

          
          
          <TextLine ID="tl_34"
                    TAGREFS="LT83"
                    BASELINE="198 1574 217 1574 339 1567 417 1566 459 1565 581 1571" 
                    HPOS="192"
                    VPOS="1521"
                    WIDTH="387"
                    HEIGHT="61">
            <Shape><Polygon POINTS="196 1572 192 1534 226 1521 226 1521 228 1521 228 1521 230 1521 577 1530 579 1570 577 1580 196 1582"/></Shape>
	    <String CONTENT="y cuando vino la noche."
                    HPOS="192"
                    VPOS="1521"
                    WIDTH="387"
                    HEIGHT="61"></String>
          </TextLine>

          
          
          <TextLine ID="line_1635349637794_932"
                    TAGREFS="LT83"
                    BASELINE="195 1607 641 1611" 
                    HPOS="190"
                    VPOS="1565"
                    WIDTH="450"
                    HEIGHT="59">
            <Shape><Polygon POINTS="194 1605 194 1565 638 1567 640 1609 636 1624 190 1616"/></Shape>
	    <String CONTENT="fuegos hubo y luminarias,"
                    HPOS="190"
                    VPOS="1565"
                    WIDTH="450"
                    HEIGHT="59"></String>
          </TextLine>

          
          
          <TextLine ID="line_1635349661367_943"
                    TAGREFS="LT83"
                    BASELINE="197 1648 549 1650" 
                    HPOS="192"
                    VPOS="1599"
                    WIDTH="356"
                    HEIGHT="61">
            <Shape><Polygon POINTS="196 1647 196 1599 546 1607 548 1649 544 1660 192 1653"/></Shape>
	    <String CONTENT="jugando galanamente"
                    HPOS="192"
                    VPOS="1599"
                    WIDTH="356"
                    HEIGHT="61"></String>
          </TextLine>

          
          
          <TextLine ID="line_1635349676922_950"
                    TAGREFS="LT83"
                    BASELINE="195 1691 563 1689" 
                    HPOS="190"
                    VPOS="1647"
                    WIDTH="371"
                    HEIGHT="67">
            <Shape><Polygon POINTS="194 1689 190 1649 554 1647 561 1687 559 1714 425 1714 422 1712 422 1712 420 1712 420 1712 420 1712 418 1712 418 1712 418 1710 414 1708 404 1697 194 1699"/></Shape>
	    <String CONTENT="las alcancias y cañas."
                    HPOS="190"
                    VPOS="1647"
                    WIDTH="371"
                    HEIGHT="67"></String>
          </TextLine>

          
        </TextBlock>
        
        <TextBlock HPOS="306"
                   VPOS="205"
                   WIDTH="87"
                   HEIGHT="71"
                   ID="r_1_1"
                   TAGREFS="BT231">
          <Shape><Polygon POINTS="306 205 393 210 393 276 309 273"/></Shape>
          
          
          <TextLine ID="tl_1"
                    TAGREFS="LT83"
                    BASELINE="330 261 372 259" 
                    HPOS="322"
                    VPOS="198"
                    WIDTH="48"
                    HEIGHT="76">
            <Shape><Polygon POINTS="328 259 322 205 364 198 370 257 368 267 328 274"/></Shape>
	    <String CONTENT="8"
                    HPOS="322"
                    VPOS="198"
                    WIDTH="48"
                    HEIGHT="76"></String>
          </TextLine>

          
        </TextBlock>
        
        <TextBlock HPOS="898"
                   VPOS="246"
                   WIDTH="591"
                   HEIGHT="1486"
                   ID="eSc_textblock_dbae962d"
                   TAGREFS="BT2325">
          <Shape><Polygon POINTS="922 246 898 1732 1489 1732 1478 249"/></Shape>
          
          
          <TextLine ID="tl_35"
                    TAGREFS="LT83"
                    BASELINE="946 307 968 307 1069 305 1121 306 1183 307 1348 309" 
                    HPOS="940"
                    VPOS="270"
                    WIDTH="406"
                    HEIGHT="46">
            <Shape><Polygon POINTS="944 305 942 272 1342 270 1346 307 1342 316 940 314"/></Shape>
	    <String CONTENT="Y luego al dia siguiente"
                    HPOS="940"
                    VPOS="270"
                    WIDTH="406"
                    HEIGHT="46"></String>
          </TextLine>

          
          
          <TextLine ID="tl_36"
                    TAGREFS="LT83"
                    BASELINE="945 346 1025 347 1083 346 1229 348 1289 347 1367 347" 
                    HPOS="940"
                    VPOS="309"
                    WIDTH="425"
                    HEIGHT="51">
            <Shape><Polygon POINTS="944 345 944 309 1363 309 1365 345 1360 360 940 355"/></Shape>
	    <String CONTENT="todos los Grandes de gala"
                    HPOS="940"
                    VPOS="309"
                    WIDTH="425"
                    HEIGHT="51"></String>
          </TextLine>

          
          
          <TextLine ID="tl_37"
                    TAGREFS="LT83"
                    BASELINE="944 384 1081 385 1114 386 1183 385 1307 391" 
                    HPOS="937"
                    VPOS="343"
                    WIDTH="369"
                    HEIGHT="61">
            <Shape><Polygon POINTS="942 383 942 343 1306 349 1306 389 1302 404 937 389"/></Shape>
	    <String CONTENT="visitaron á los Reyes,"
                    HPOS="937"
                    VPOS="343"
                    WIDTH="369"
                    HEIGHT="61"></String>
          </TextLine>

          
          
          <TextLine ID="tl_38"
                    TAGREFS="LT83"
                    BASELINE="944 426 963 428 1001 424 1106 425 1173 425 1301 426 1445 431" 
                    HPOS="937"
                    VPOS="378"
                    WIDTH="507"
                    HEIGHT="63">
            <Shape><Polygon POINTS="942 424 942 378 1442 389 1444 429 1440 441 937 437"/></Shape>
	    <String CONTENT="y al besar sus manos blancas,"
                    HPOS="937"
                    VPOS="378"
                    WIDTH="507"
                    HEIGHT="63"></String>
          </TextLine>

          
          
          <TextLine ID="tl_39"
                    TAGREFS="LT83"
                    BASELINE="942 464 978 464 1124 464 1161 466 1209 465 1256 466 1356 467" 
                    HPOS="935"
                    VPOS="427"
                    WIDTH="419"
                    HEIGHT="54">
            <Shape><Polygon POINTS="940 462 940 427 1352 427 1354 466 1350 481 935 471"/></Shape>
	    <String CONTENT="de Granada y de su reino"
                    HPOS="935"
                    VPOS="427"
                    WIDTH="419"
                    HEIGHT="54"></String>
          </TextLine>

          
          
          <TextLine ID="tl_40"
                    TAGREFS="LT83"
                    BASELINE="942 503 969 504 1107 504 1172 504 1343 506" 
                    HPOS="935"
                    VPOS="458"
                    WIDTH="407"
                    HEIGHT="63">
            <Shape><Polygon POINTS="940 502 940 458 1339 468 1342 504 1337 521 935 510"/></Shape>
	    <String CONTENT="lo juraron por Monarca."
                    HPOS="935"
                    VPOS="458"
                    WIDTH="407"
                    HEIGHT="63"></String>
          </TextLine>

          
          
          <TextLine ID="tl_41"
                    TAGREFS="LT83"
                    BASELINE="942 543 1002 544 1141 543 1168 543 1324 545" 
                    HPOS="935"
                    VPOS="504"
                    WIDTH="388"
                    HEIGHT="54">
            <Shape><Polygon POINTS="940 542 937 508 1319 504 1323 544 1319 558 935 556"/></Shape>
	    <String CONTENT="Fue también á visitarles"
                    HPOS="935"
                    VPOS="504"
                    WIDTH="388"
                    HEIGHT="54"></String>
          </TextLine>

          
          
          <TextLine ID="tl_42"
                    TAGREFS="LT83"
                    BASELINE="942 582 1011 586 1129 582 1172 582 1324 588" 
                    HPOS="935"
                    VPOS="542"
                    WIDTH="388"
                    HEIGHT="56">
            <Shape><Polygon POINTS="940 581 940 542 1321 546 1323 586 1319 598 935 590"/></Shape>
	    <String CONTENT="muy gozosa la Sultana,"
                    HPOS="935"
                    VPOS="542"
                    WIDTH="388"
                    HEIGHT="56"></String>
          </TextLine>

          
          
          <TextLine ID="tl_43"
                    TAGREFS="LT83"
                    BASELINE="941 631 958 631 1073 622 1156 622 1322 629" 
                    HPOS="937"
                    VPOS="575"
                    WIDTH="384"
                    HEIGHT="65">
            <Shape><Polygon POINTS="940 630 940 575 1319 584 1321 628 1319 640 937 640"/></Shape>
	    <String CONTENT="y siendo bien recibida,"
                    HPOS="937"
                    VPOS="575"
                    WIDTH="384"
                    HEIGHT="65"></String>
          </TextLine>

          
          
          <TextLine ID="tl_44"
                    TAGREFS="LT83"
                    BASELINE="941 661 1034 661 1076 661 1150 661 1322 663" 
                    HPOS="937"
                    VPOS="623"
                    WIDTH="384"
                    HEIGHT="53">
            <Shape><Polygon POINTS="940 659 940 623 1319 623 1321 661 1319 671 937 676"/></Shape>
	    <String CONTENT="reveló lo que archivaba"
                    HPOS="937"
                    VPOS="623"
                    WIDTH="384"
                    HEIGHT="53"></String>
          </TextLine>

          
          
          <TextLine ID="tl_45"
                    TAGREFS="LT83"
                    BASELINE="940 702 974 701 1051 701 1137 700 1187 701 1239 702 1361 706" 
                    HPOS="933"
                    VPOS="657"
                    WIDTH="427"
                    HEIGHT="61">
            <Shape><Polygon POINTS="937 701 935 657 1360 665 1360 705 1356 718 933 711"/></Shape>
	    <String CONTENT="ya tres años en su pecho,"
                    HPOS="933"
                    VPOS="657"
                    WIDTH="427"
                    HEIGHT="61"></String>
          </TextLine>

          
          
          <TextLine ID="tl_46"
                    TAGREFS="LT83"
                    BASELINE="940 740 996 740 1112 740 1187 740 1358 743" 
                    HPOS="933"
                    VPOS="703"
                    WIDTH="423"
                    HEIGHT="52">
            <Shape><Polygon POINTS="937 738 937 703 1354 705 1356 741 1352 755 933 747"/></Shape>
	    <String CONTENT="que quería ser Cristiana."
                    HPOS="933"
                    VPOS="703"
                    WIDTH="423"
                    HEIGHT="52"></String>
          </TextLine>

          
          
          <TextLine ID="tl_47"
                    TAGREFS="LT83"
                    BASELINE="941 779 961 779 1016 779 1118 780 1197 783 1321 782" 
                    HPOS="935"
                    VPOS="734"
                    WIDTH="384"
                    HEIGHT="61">
            <Shape><Polygon POINTS="940 778 940 734 1314 741 1319 780 1314 795 935 787"/></Shape>
	    <String CONTENT="Y los Reyes muy alegres"
                    HPOS="935"
                    VPOS="734"
                    WIDTH="384"
                    HEIGHT="61"></String>
          </TextLine>

          
          
          <TextLine ID="tl_48"
                    TAGREFS="LT83"
                    BASELINE="938 818 1097 818 1299 824" 
                    HPOS="933"
                    VPOS="772"
                    WIDTH="365"
                    HEIGHT="63">
            <Shape><Polygon POINTS="937 816 937 772 1296 785 1298 822 1293 835 933 828"/></Shape>
	    <String CONTENT="ofrecieron ampararla,"
                    HPOS="933"
                    VPOS="772"
                    WIDTH="365"
                    HEIGHT="63"></String>
          </TextLine>

          
          
          <TextLine ID="tl_49"
                    TAGREFS="LT83"
                    BASELINE="938 858 1108 859 1163 858 1340 864" 
                    HPOS="933"
                    VPOS="816"
                    WIDTH="406"
                    HEIGHT="59">
            <Shape><Polygon POINTS="937 856 937 816 1339 824 1339 862 1335 875 933 868"/></Shape>
	    <String CONTENT="sirviéndole de padrinos,"
                    HPOS="933"
                    VPOS="816"
                    WIDTH="406"
                    HEIGHT="59"></String>
          </TextLine>

          
          
          <TextLine ID="tl_50"
                    TAGREFS="LT83"
                    BASELINE="939 902 949 903 965 905 993 897 1098 897 1274 898 1314 899 1402 899" 
                    HPOS="935"
                    VPOS="854"
                    WIDTH="465"
                    HEIGHT="58">
            <Shape><Polygon POINTS="937 900 935 858 1396 854 1400 898 1398 912 935 908"/></Shape>
	    <String CONTENT="Í el nuevo Arzobispo el agua"
                    HPOS="935"
                    VPOS="854"
                    WIDTH="465"
                    HEIGHT="58"></String>
          </TextLine>

          
          
          <TextLine ID="tl_51"
                    TAGREFS="LT83"
                    BASELINE="939 937 963 937 1050 937 1105 937 1203 936 1378 944" 
                    HPOS="933"
                    VPOS="893"
                    WIDTH="444"
                    HEIGHT="61">
            <Shape><Polygon POINTS="937 935 937 893 1375 902 1377 942 1373 954 933 946"/></Shape>
	    <String CONTENT="e echó del santo bautismo,"
                    HPOS="933"
                    VPOS="893"
                    WIDTH="444"
                    HEIGHT="61"></String>
          </TextLine>

          
          
          <TextLine ID="tl_52"
                    TAGREFS="LT83"
                    BASELINE="938 985 954 985 1116 977 1171 975 1318 978" 
                    HPOS="935"
                    VPOS="933"
                    WIDTH="381"
                    HEIGHT="61">
            <Shape><Polygon POINTS="937 983 935 933 1314 939 1316 977 1314 985 937 994"/></Shape>
	    <String CONTENT="y quisieron se llamara,"
                    HPOS="935"
                    VPOS="933"
                    WIDTH="381"
                    HEIGHT="61"></String>
          </TextLine>

          
          
          <TextLine ID="tl_53"
                    TAGREFS="LT83"
                    BASELINE="936 1015 960 1015 1108 1021 1230 1016 1338 1022" 
                    HPOS="931"
                    VPOS="969"
                    WIDTH="406"
                    HEIGHT="65">
            <Shape><Polygon POINTS="935 1013 933 975 1149 969 1151 969 1151 969 1153 969 1153 969 1153 969 1155 969 1155 969 1168 979 1170 979 1174 979 1241 971 1241 971 1243 971 1243 971 1337 983 1337 1021 1333 1034 931 1025"/></Shape>
	    <String CONTENT="si Sultana, siendo Mora,"
                    HPOS="931"
                    VPOS="969"
                    WIDTH="406"
                    HEIGHT="65"></String>
          </TextLine>

          
          
          <TextLine ID="tl_54"
                    TAGREFS="LT83"
                    BASELINE="936 1053 1010 1054 1101 1051 1121 1055 1173 1055 1336 1056" 
                    HPOS="931"
                    VPOS="1013"
                    WIDTH="404"
                    HEIGHT="60">
            <Shape><Polygon POINTS="935 1052 935 1013 1333 1019 1335 1055 1331 1073 931 1063"/></Shape>
	    <String CONTENT="doña lsab. 1 de Granada."
                    HPOS="931"
                    VPOS="1013"
                    WIDTH="404"
                    HEIGHT="60"></String>
          </TextLine>

          
          
          <TextLine ID="tl_55"
                    TAGREFS="LT83"
                    BASELINE="936 1094 958 1094 1117 1094 1259 1096" 
                    HPOS="931"
                    VPOS="1059"
                    WIDTH="327"
                    HEIGHT="50">
            <Shape><Polygon POINTS="935 1092 935 1059 1256 1059 1258 1094 1254 1109 931 1099"/></Shape>
	    <String CONTENT="Y casándola después"
                    HPOS="931"
                    VPOS="1059"
                    WIDTH="327"
                    HEIGHT="50"></String>
          </TextLine>

          
          
          <TextLine ID="tl_56"
                    TAGREFS="LT83"
                    BASELINE="934 1134 987 1133 1044 1134 1160 1138 1233 1135 1356 1135" 
                    HPOS="931"
                    VPOS="1099"
                    WIDTH="423"
                    HEIGHT="52">
            <Shape><Polygon POINTS="933 1132 933 1099 1352 1099 1354 1134 1352 1147 931 1151"/></Shape>
	    <String CONTENT="con un joven, que gozaba"
                    HPOS="931"
                    VPOS="1099"
                    WIDTH="423"
                    HEIGHT="52"></String>
          </TextLine>

          
          
          <TextLine ID="tl_57"
                    TAGREFS="LT83"
                    BASELINE="934 1174 1121 1173 1280 1179" 
                    HPOS="929"
                    VPOS="1132"
                    WIDTH="350"
                    HEIGHT="57">
            <Shape><Polygon POINTS="933 1172 933 1132 1277 1138 1279 1178 1275 1189 929 1184"/></Shape>
	    <String CONTENT="esclarecidos blasones,"
                    HPOS="929"
                    VPOS="1132"
                    WIDTH="350"
                    HEIGHT="57"></String>
          </TextLine>

          
          
          <TextLine ID="tl_58"
                    TAGREFS="LT83"
                    BASELINE="935 1212 969 1213 1080 1212 1147 1213 1244 1213 1360 1214" 
                    HPOS="931"
                    VPOS="1168"
                    WIDTH="427"
                    HEIGHT="56">
            <Shape><Polygon POINTS="933 1209 931 1176 1354 1168 1358 1212 1356 1224 933 1224"/></Shape>
	    <String CONTENT="su Alteza con mano franca"
                    HPOS="931"
                    VPOS="1168"
                    WIDTH="427"
                    HEIGHT="56"></String>
          </TextLine>

          
          
          <TextLine ID="tl_59"
                    TAGREFS="LT83"
                    BASELINE="935 1252 960 1252 1024 1252 1070 1253 1152 1252 1215 1253 1376 1256" 
                    HPOS="929"
                    VPOS="1205"
                    WIDTH="446"
                    HEIGHT="65">
            <Shape><Polygon POINTS="933 1251 931 1212 1239 1205 1241 1205 1241 1205 1243 1205 1243 1205 1243 1205 1245 1205 1245 1205 1258 1216 1260 1218 1373 1218 1375 1256 1371 1270 929 1264"/></Shape>
	    <String CONTENT="le dió en dote dos ciudades;"
                    HPOS="929"
                    VPOS="1205"
                    WIDTH="446"
                    HEIGHT="65"></String>
          </TextLine>

          
          
          <TextLine ID="tl_60"
                    TAGREFS="LT83"
                    BASELINE="934 1300 950 1300 1013 1291 1045 1292 1094 1292 1221 1293 1395 1296" 
                    HPOS="929"
                    VPOS="1245"
                    WIDTH="465"
                    HEIGHT="65">
            <Shape><Polygon POINTS="933 1299 929 1258 969 1245 971 1245 971 1245 973 1245 1392 1258 1394 1295 1390 1310 996 1299 931 1310"/></Shape>
	    <String CONTENT="y ella á su esclava Esperanza"
                    HPOS="929"
                    VPOS="1245"
                    WIDTH="465"
                    HEIGHT="65"></String>
          </TextLine>

          
          
          <TextLine ID="tl_61"
                    TAGREFS="LT83"
                    BASELINE="933 1331 968 1331 1048 1331 1090 1331 1295 1338" 
                    HPOS="927"
                    VPOS="1287"
                    WIDTH="366"
                    HEIGHT="56">
            <Shape><Polygon POINTS="931 1329 931 1287 1293 1297 1293 1337 1289 1343 927 1339"/></Shape>
	    <String CONTENT="de Hita le diólivertad,"
                    HPOS="927"
                    VPOS="1287"
                    WIDTH="366"
                    HEIGHT="56"></String>
          </TextLine>

          
          
          <TextLine ID="tl_62"
                    TAGREFS="LT83"
                    BASELINE="933 1375 950 1375 992 1370 1053 1370 1078 1370 1164 1369 1211 1371 1332 1374" 
                    HPOS="927"
                    VPOS="1329"
                    WIDTH="404"
                    HEIGHT="56">
            <Shape><Polygon POINTS="931 1373 931 1329 1329 1333 1331 1373 1327 1385 927 1383"/></Shape>
	    <String CONTENT="y se fue á Mola su patria."
                    HPOS="927"
                    VPOS="1329"
                    WIDTH="404"
                    HEIGHT="56"></String>
          </TextLine>

          
          
          <TextLine ID="tl_63"
                    TAGREFS="LT83"
                    BASELINE="929 1408 970 1407 1042 1412 1190 1411 1296 1411" 
                    HPOS="923"
                    VPOS="1360"
                    WIDTH="370"
                    HEIGHT="63">
            <Shape><Polygon POINTS="927 1406 927 1360 1293 1369 1293 1410 1289 1423 923 1421"/></Shape>
	    <String CONTENT="El Rey Chicóse partió"
                    HPOS="923"
                    VPOS="1360"
                    WIDTH="370"
                    HEIGHT="63"></String>
          </TextLine>

          
          
          <TextLine ID="tl_64"
                    TAGREFS="LT83"
                    BASELINE="931 1458 998 1449 1035 1449 1157 1453 1213 1450 1370 1452" 
                    HPOS="927"
                    VPOS="1406"
                    WIDTH="442"
                    HEIGHT="63">
            <Shape><Polygon POINTS="929 1456 927 1406 1367 1413 1369 1450 1367 1469 927 1469"/></Shape>
	    <String CONTENT="para el Africa, en compaña"
                    HPOS="927"
                    VPOS="1406"
                    WIDTH="442"
                    HEIGHT="63"></String>
          </TextLine>

          
          
          <TextLine ID="tl_65"
                    TAGREFS="LT83"
                    BASELINE="931 1488 966 1489 1023 1488 1167 1488 1248 1492 1360 1494" 
                    HPOS="927"
                    VPOS="1450"
                    WIDTH="431"
                    HEIGHT="53">
            <Shape><Polygon POINTS="929 1486 929 1450 1356 1454 1358 1492 1356 1503 927 1503"/></Shape>
	    <String CONTENT="de los Gómeles muy triste,"
                    HPOS="927"
                    VPOS="1450"
                    WIDTH="431"
                    HEIGHT="53"></String>
          </TextLine>

          
          
          <TextLine ID="tl_66"
                    TAGREFS="LT83"
                    BASELINE="931 1538 1003 1528 1078 1528 1167 1526 1215 1528 1407 1538" 
                    HPOS="925"
                    VPOS="1488"
                    WIDTH="481"
                    HEIGHT="61">
            <Shape><Polygon POINTS="929 1536 925 1488 1404 1494 1406 1536 1402 1549 925 1540"/></Shape>
	    <String CONTENT="pues real cetro no empuñaba;"
                    HPOS="925"
                    VPOS="1488"
                    WIDTH="481"
                    HEIGHT="61"></String>
          </TextLine>

          
          
          <TextLine ID="tl_67"
                    TAGREFS="LT83"
                    BASELINE="929 1572 940 1572 947 1565 996 1568 1105 1567 1214 1568 1332 1570" 
                    HPOS="923"
                    VPOS="1530"
                    WIDTH="408"
                    HEIGHT="52">
            <Shape><Polygon POINTS="927 1570 927 1530 1329 1532 1331 1570 1327 1582 923 1574"/></Shape>
	    <String CONTENT="Í en Africa aleves manos"
                    HPOS="923"
                    VPOS="1530"
                    WIDTH="408"
                    HEIGHT="52"></String>
          </TextLine>

          
          
          <TextLine ID="tl_68"
                    TAGREFS="LT83"
                    BASELINE="929 1606 957 1606 1072 1607 1116 1605 1239 1606 1388 1611" 
                    HPOS="923"
                    VPOS="1557"
                    WIDTH="463"
                    HEIGHT="69">
            <Shape><Polygon POINTS="927 1605 927 1557 1381 1572 1386 1609 1381 1626 923 1618"/></Shape>
	    <String CONTENT="e dieron la muerte infausta."
                    HPOS="923"
                    VPOS="1557"
                    WIDTH="463"
                    HEIGHT="69"></String>
          </TextLine>

          
          
          <TextLine ID="tl_69"
                    TAGREFS="LT83"
                    BASELINE="934 1645 952 1645 1025 1646 1100 1645 1136 1645 1291 1648" 
                    HPOS="929"
                    VPOS="1599"
                    WIDTH="360"
                    HEIGHT="63">
            <Shape><Polygon POINTS="933 1643 933 1599 1287 1609 1289 1647 1285 1662 929 1653"/></Shape>
	    <String CONTENT="Y con esto el auditorio"
                    HPOS="929"
                    VPOS="1599"
                    WIDTH="360"
                    HEIGHT="63"></String>
          </TextLine>

          
          
          <TextLine ID="tl_70"
                    TAGREFS="LT83"
                    BASELINE="929 1686 1101 1686 1162 1686 1270 1687" 
                    HPOS="927"
                    VPOS="1641"
                    WIDTH="341"
                    HEIGHT="71">
            <Shape><Polygon POINTS="927 1685 927 1641 1268 1647 1268 1685 1264 1712 1224 1701 1187 1712 1185 1712 1182 1712 1182 1712 1180 1712 1180 1712 1170 1712 1088 1701 927 1708"/></Shape>
	    <String CONTENT="disimulará las faltas."
                    HPOS="927"
                    VPOS="1641"
                    WIDTH="341"
                    HEIGHT="71"></String>
          </TextLine>

          
        </TextBlock>
        
        <TextBlock HPOS="812"
                   VPOS="1932"
                   WIDTH="176"
                   HEIGHT="134"
                   ID="r_4_1"
                   TAGREFS="BT226">
          <Shape><Polygon POINTS="812 1932 977 1937 988 2059 818 2066"/></Shape>
          
          
          <TextLine ID="tl_71"
                    TAGREFS="LT82"
                    BASELINE="837 2017 962 2019" 
                    HPOS="831"
                    VPOS="1953"
                    WIDTH="130"
                    HEIGHT="92">
            <Shape><Polygon POINTS="835 2015 835 1953 958 1955 961 2017 956 2045 831 2030"/></Shape>
	    <String CONTENT="FIN."
                    HPOS="831"
                    VPOS="1953"
                    WIDTH="130"
                    HEIGHT="92"></String>
          </TextLine>

          
        </TextBlock>
        
        <TextBlock HPOS="184"
                   VPOS="2228"
                   WIDTH="1445"
                   HEIGHT="196"
                   ID="eSc_textblock_95c357f2"
                   TAGREFS="BT228">
          <Shape><Polygon POINTS="184 2231 203 2424 1629 2421 1623 2228"/></Shape>
          
          
          <TextLine ID="tl_72"
                    TAGREFS="LT83"
                    BASELINE="708 2303 1093 2304" 
                    HPOS="705"
                    VPOS="2254"
                    WIDTH="387"
                    HEIGHT="63">
            <Shape><Polygon POINTS="707 2302 707 2254 1092 2258 1092 2302 1090 2317 705 2311"/></Shape>
	    <String CONTENT="CARMONA:—1853."
                    HPOS="705"
                    VPOS="2254"
                    WIDTH="387"
                    HEIGHT="63"></String>
          </TextLine>

          
          
          <TextLine ID="tl_73"
                    TAGREFS="LT83"
                    BASELINE="256 2354 434 2354 497 2353 557 2352 664 2354 729 2353 908 2356 1018 2356 1083 2355 1158 2354 1368 2356 1489 2355 1545 2356" 
                    HPOS="253"
                    VPOS="2281"
                    WIDTH="1290"
                    HEIGHT="109">
            <Shape><Polygon POINTS="255 2352 259 2281 291 2302 431 2302 466 2281 468 2281 468 2281 468 2281 471 2281 471 2281 473 2281 556 2281 556 2281 556 2281 571 2283 634 2292 674 2283 678 2283 678 2283 678 2283 680 2283 680 2283 680 2283 682 2283 682 2283 682 2283 724 2304 940 2304 971 2292 971 2292 973 2292 973 2292 975 2292 975 2292 1067 2304 1111 2294 1113 2294 1113 2294 1115 2294 1115 2294 1239 2304 1270 2285 1272 2285 1272 2285 1272 2285 1275 2285 1275 2285 1277 2285 1423 2285 1423 2285 1423 2285 1425 2285 1425 2285 1425 2285 1427 2285 1427 2285 1427 2285 1440 2296 1540 2288 1543 2355 1540 2384 1373 2388 1371 2388 1371 2388 1369 2388 1352 2384 1331 2378 1323 2384 1316 2388 1314 2388 1314 2388 1314 2388 1312 2388 1312 2388 1312 2390 1203 2390 1201 2388 1201 2388 1199 2388 1199 2388 1199 2388 1197 2388 1197 2388 1197 2386 1193 2382 1180 2371 1086 2382 1080 2382 1080 2382 1078 2382 1078 2382 1076 2382 1076 2382 1076 2382 1076 2382 1074 2382 1053 2369 940 2369 914 2382 902 2386 902 2386 900 2386 900 2386 900 2386 898 2386 789 2380 701 2375 667 2380 613 2386 613 2386 611 2386 611 2386 559 2378 479 2367 253 2375"/></Shape>
	    <String CONTENT="Imprenta de D. José M. Moreno, calle de las Descalzas núm. 1."
                    HPOS="253"
                    VPOS="2281"
                    WIDTH="1290"
                    HEIGHT="109"></String>
          </TextLine>

          
        </TextBlock>
        

        
      </PrintSpace>
    </Page>
  </Layout>
</alto>
