<?xml version="1.0" encoding="UTF-8"?>
<alto xmlns:xsi="http://www.w3.org/2001/XMLSchema-instance"
      xmlns="http://www.loc.gov/standards/alto/ns-v4#"
      xsi:schemaLocation="http://www.loc.gov/standards/alto/ns-v4# http://www.loc.gov/standards/alto/v4/alto-4-2.xsd">
  <Description>
    <MeasurementUnit>pixel</MeasurementUnit>
    <sourceImageInformation>
      <fileName>Moreno_026_7.jpg</fileName>
      
    </sourceImageInformation>
  </Description>
  
  <Tags>
    <OtherTag ID="BT12" LABEL="RunningTitleZone" DESCRIPTION="block type RunningTitleZone"/><OtherTag ID="BT14" LABEL="MainZone" DESCRIPTION="block type MainZone"/><OtherTag ID="BT16" LABEL="GraphicZone:ornamentation" DESCRIPTION="block type GraphicZone:ornamentation"/><OtherTag ID="BT17" LABEL="MusicZone" DESCRIPTION="block type MusicZone"/><OtherTag ID="BT19" LABEL="QuireMarksZone:signature" DESCRIPTION="block type QuireMarksZone:signature"/><OtherTag ID="BT20" LABEL="QuireMarksZone:catchwords" DESCRIPTION="block type QuireMarksZone:catchwords"/><OtherTag ID="BT21" LABEL="GraphicZone:illustration" DESCRIPTION="block type GraphicZone:illustration"/><OtherTag ID="BT25" LABEL="NumberingZone:page" DESCRIPTION="block type NumberingZone:page"/><OtherTag ID="BT28" LABEL="MarginTextZone:colophon" DESCRIPTION="block type MarginTextZone:colophon"/><OtherTag ID="BT29" LABEL="MarginTextZone:note" DESCRIPTION="block type MarginTextZone:note"/><OtherTag ID="BT95" LABEL="CustomZone:impresorNum" DESCRIPTION="block type CustomZone:impresorNum"/><OtherTag ID="BT97" LABEL="CustomZone:numero_pliego" DESCRIPTION="block type CustomZone:numero_pliego"/><OtherTag ID="BT205" LABEL="MainZone:columns" DESCRIPTION="block type MainZone:columns"/><OtherTag ID="BT206" LABEL="CustomZone:title" DESCRIPTION="block type CustomZone:title"/>
    <OtherTag ID="LT40" LABEL="CustomLine:trailer" DESCRIPTION="line type CustomLine:trailer"/><OtherTag ID="LT69" LABEL="CustomLine:propriedad" DESCRIPTION="line type CustomLine:propriedad"/><OtherTag ID="LT75" LABEL="DefaultLine" DESCRIPTION="line type DefaultLine"/><OtherTag ID="LT78" LABEL="HeadingLine" DESCRIPTION="line type HeadingLine"/>
  </Tags>
  
  <Layout>
    <Page WIDTH="1737"
          HEIGHT="2508"
          PHYSICAL_IMG_NR="175"
          ID="eSc_dummypage_">
      <PrintSpace HPOS="0"
                  VPOS="0"
                  WIDTH="1737"
                  HEIGHT="2508">
        
        <TextBlock HPOS="163"
                   VPOS="195"
                   WIDTH="677"
                   HEIGHT="1081"
                   ID="region_1601886059443_668"
                   TAGREFS="BT205">
          <Shape><Polygon POINTS="163 203 807 195 818 548 758 548 758 774 825 774 840 1250 184 1276"/></Shape>
          
          
          <TextLine ID="line_1601886122236_695"
                    TAGREFS="LT75"
                    BASELINE="193 269 644 260" 
                    HPOS="190"
                    VPOS="202"
                    WIDTH="453"
                    HEIGHT="80">
            <Shape><Polygon POINTS="192 267 190 211 225 223 307 213 307 213 309 213 309 213 409 221 430 209 432 209 432 209 434 209 434 209 434 209 436 209 436 209 501 219 537 204 537 204 539 204 539 204 539 204 637 202 643 259 643 265 192 282"/></Shape>
	    <String CONTENT="Tres trages de militar"
                    HPOS="190"
                    VPOS="202"
                    WIDTH="453"
                    HEIGHT="80"></String>
          </TextLine>

          
          
          <TextLine ID="line_1601886125635_702"
                    TAGREFS="LT75"
                    BASELINE="196 327 699 312" 
                    HPOS="190"
                    VPOS="254"
                    WIDTH="508"
                    HEIGHT="74">
            <Shape><Polygon POINTS="194 326 190 275 298 265 300 265 300 265 300 265 303 265 303 265 303 265 317 273 323 275 328 271 346 263 346 263 346 263 349 263 349 263 349 263 351 263 351 263 353 263 384 271 390 273 392 271 403 263 403 261 403 261 405 261 405 261 405 261 407 261 407 261 409 261 409 261 409 261 411 261 411 261 434 271 438 271 449 269 514 261 514 261 516 261 610 267 614 267 614 267 622 257 624 257 624 254 624 254 627 254 627 254 627 254 629 254 629 254 631 254 631 254 631 254 693 267 698 311 698 319 194 328"/></Shape>
	    <String CONTENT="recibireis de buen grado,"
                    HPOS="190"
                    VPOS="254"
                    WIDTH="508"
                    HEIGHT="74"></String>
          </TextLine>

          
          
          <TextLine ID="line_1601886129714_709"
                    TAGREFS="LT75"
                    BASELINE="193 373 714 358" 
                    HPOS="190"
                    VPOS="313"
                    WIDTH="522"
                    HEIGHT="71">
            <Shape><Polygon POINTS="192 372 190 315 234 326 265 313 269 313 269 313 271 313 271 313 273 313 708 313 712 357 712 367 192 384"/></Shape>
	    <String CONTENT="bordados de seda y plata,"
                    HPOS="190"
                    VPOS="313"
                    WIDTH="522"
                    HEIGHT="71"></String>
          </TextLine>

          
          
          <TextLine ID="line_1601886132996_716"
                    TAGREFS="LT75"
                    BASELINE="190 416 690 407" 
                    HPOS="181"
                    VPOS="363"
                    WIDTH="508"
                    HEIGHT="59">
            <Shape><Polygon POINTS="188 415 181 374 683 363 689 405 689 413 188 422"/></Shape>
	    <String CONTENT="con oro muy estremado,"
                    HPOS="181"
                    VPOS="363"
                    WIDTH="508"
                    HEIGHT="59"></String>
          </TextLine>

          
          
          <TextLine ID="line_1601886136107_723"
                    TAGREFS="LT75"
                    BASELINE="193 467 687 455" 
                    HPOS="190"
                    VPOS="401"
                    WIDTH="495"
                    HEIGHT="77">
            <Shape><Polygon POINTS="192 466 190 413 597 413 599 411 622 401 622 401 624 401 624 401 624 401 627 401 627 401 681 411 685 453 685 466 192 478"/></Shape>
	    <String CONTENT="forrados de finas martas"
                    HPOS="190"
                    VPOS="401"
                    WIDTH="495"
                    HEIGHT="77"></String>
          </TextLine>

          
          
          <TextLine ID="line_1601886139659_730"
                    TAGREFS="LT75"
                    BASELINE="193 516 766 504" 
                    HPOS="188"
                    VPOS="451"
                    WIDTH="577"
                    HEIGHT="67">
            <Shape><Polygon POINTS="192 514 188 468 319 453 319 453 321 453 321 453 374 461 382 461 758 451 765 503 765 509 192 518"/></Shape>
	    <String CONTENT="muertas en monte Tartáreo."
                    HPOS="188"
                    VPOS="451"
                    WIDTH="577"
                    HEIGHT="67"></String>
          </TextLine>

          
          
          <TextLine ID="line_1601886143134_737"
                    TAGREFS="LT75"
                    BASELINE="193 565 742 550" 
                    HPOS="188"
                    VPOS="497"
                    WIDTH="551"
                    HEIGHT="81">
            <Shape><Polygon POINTS="192 564 188 512 656 509 658 507 681 497 681 497 683 497 683 497 683 497 685 497 685 497 735 507 739 549 739 558 192 578"/></Shape>
	    <String CONTENT="Seis tapetes de oro y seda,"
                    HPOS="188"
                    VPOS="497"
                    WIDTH="551"
                    HEIGHT="81"></String>
          </TextLine>

          
          
          <TextLine ID="line_1601886147010_744"
                    TAGREFS="LT75"
                    BASELINE="193 614 696 602" 
                    HPOS="188"
                    VPOS="551"
                    WIDTH="505"
                    HEIGHT="67">
            <Shape><Polygon POINTS="192 612 188 568 384 564 399 551 399 551 401 551 401 551 401 551 403 551 403 551 405 551 689 558 693 601 691 608 192 618"/></Shape>
	    <String CONTENT="con un sedal de brocado"
                    HPOS="188"
                    VPOS="551"
                    WIDTH="505"
                    HEIGHT="67"></String>
          </TextLine>

          
          
          <TextLine ID="line_1601886150641_751"
                    TAGREFS="LT75"
                    BASELINE="202 666 632 653" 
                    HPOS="196"
                    VPOS="608"
                    WIDTH="435"
                    HEIGHT="67">
            <Shape><Polygon POINTS="200 664 196 614 624 608 631 652 631 660 200 675"/></Shape>
	    <String CONTENT="para arrear la galera"
                    HPOS="196"
                    VPOS="608"
                    WIDTH="435"
                    HEIGHT="67"></String>
          </TextLine>

          
          
          <TextLine ID="line_1601886153644_758"
                    TAGREFS="LT75"
                    BASELINE="202 708 665 699" 
                    HPOS="196"
                    VPOS="654"
                    WIDTH="468"
                    HEIGHT="60">
            <Shape><Polygon POINTS="200 706 196 662 658 654 664 698 664 708 200 714"/></Shape>
	    <String CONTENT="donde vais aposentado."
                    HPOS="196"
                    VPOS="654"
                    WIDTH="468"
                    HEIGHT="60"></String>
          </TextLine>

          
          
          <TextLine ID="line_1601886156448_765"
                    TAGREFS="LT75"
                    BASELINE="202 757 656 751" 
                    HPOS="198"
                    VPOS="704"
                    WIDTH="456"
                    HEIGHT="65">
            <Shape><Polygon POINTS="200 756 198 704 650 704 654 750 652 760 200 769"/></Shape>
	    <String CONTENT="Una cama de Turquia,"
                    HPOS="198"
                    VPOS="704"
                    WIDTH="456"
                    HEIGHT="65"></String>
          </TextLine>

          
          
          <TextLine ID="line_1601886159833_772"
                    TAGREFS="LT75"
                    BASELINE="199 809 669 800" 
                    HPOS="192"
                    VPOS="750"
                    WIDTH="476"
                    HEIGHT="71">
            <Shape><Polygon POINTS="198 808 192 758 662 750 668 798 666 810 198 821"/></Shape>
	    <String CONTENT="pabellon á lo persiano,"
                    HPOS="192"
                    VPOS="750"
                    WIDTH="476"
                    HEIGHT="71"></String>
          </TextLine>

          
          
          <TextLine ID="line_1601886163697_779"
                    TAGREFS="LT75"
                    BASELINE="199 851 781 836" 
                    HPOS="194"
                    VPOS="787"
                    WIDTH="585"
                    HEIGHT="82">
            <Shape><Polygon POINTS="198 850 194 808 652 800 698 787 700 787 700 787 702 787 702 787 775 798 779 836 777 846 198 869"/></Shape>
	    <String CONTENT="cobertor con vuestras armas"
                    HPOS="194"
                    VPOS="787"
                    WIDTH="585"
                    HEIGHT="82"></String>
          </TextLine>

          
          
          <TextLine ID="line_1601886167406_786"
                    TAGREFS="LT75"
                    BASELINE="199 903 720 891" 
                    HPOS="194"
                    VPOS="840"
                    WIDTH="525"
                    HEIGHT="77">
            <Shape><Polygon POINTS="198 902 194 856 620 852 622 850 639 840 641 840 641 840 643 840 643 840 643 840 645 840 645 840 714 850 719 890 719 904 198 917"/></Shape>
	    <String CONTENT="todo en perlas recamado,"
                    HPOS="194"
                    VPOS="840"
                    WIDTH="525"
                    HEIGHT="77"></String>
          </TextLine>

          
          
          <TextLine ID="line_1601886170322_793"
                    TAGREFS="LT75"
                    BASELINE="199 952 711 943" 
                    HPOS="196"
                    VPOS="890"
                    WIDTH="514"
                    HEIGHT="71">
            <Shape><Polygon POINTS="198 950 196 907 317 907 319 904 334 894 336 894 336 894 336 894 338 894 338 894 338 894 340 894 438 902 443 902 443 902 449 894 451 894 451 892 451 892 453 892 453 892 453 892 455 892 455 892 455 892 457 892 572 900 576 900 579 900 612 890 614 890 614 890 616 890 616 890 706 900 710 942 710 955 198 961"/></Shape>
	    <String CONTENT="un arnés de fuerte acero,"
                    HPOS="196"
                    VPOS="890"
                    WIDTH="514"
                    HEIGHT="71"></String>
          </TextLine>

          
          
          <TextLine ID="line_1601886173858_800"
                    TAGREFS="LT75"
                    BASELINE="202 1001 617 992" 
                    HPOS="196"
                    VPOS="944"
                    WIDTH="420"
                    HEIGHT="67">
            <Shape><Polygon POINTS="200 999 196 957 610 944 616 990 616 1001 200 1011"/></Shape>
	    <String CONTENT="un jaez para caballo"
                    HPOS="196"
                    VPOS="944"
                    WIDTH="420"
                    HEIGHT="67"></String>
          </TextLine>

          
          
          <TextLine ID="line_1601886177680_807"
                    TAGREFS="LT75"
                    BASELINE="205 1056 769 1043" 
                    HPOS="200"
                    VPOS="992"
                    WIDTH="567"
                    HEIGHT="67">
            <Shape><Polygon POINTS="204 1055 200 996 760 992 767 1042 765 1053 204 1059"/></Shape>
	    <String CONTENT="hecho á la turquesa usanza,"
                    HPOS="200"
                    VPOS="992"
                    WIDTH="567"
                    HEIGHT="67"></String>
          </TextLine>

          
          
          <TextLine ID="line_1601886181546_814"
                    TAGREFS="LT75"
                    BASELINE="205 1098 751 1086" 
                    HPOS="200"
                    VPOS="1040"
                    WIDTH="550"
                    HEIGHT="63">
            <Shape><Polygon POINTS="204 1097 200 1053 744 1040 750 1084 750 1099 204 1103"/></Shape>
	    <String CONTENT="de piedras finas sembrado;"
                    HPOS="200"
                    VPOS="1040"
                    WIDTH="550"
                    HEIGHT="63"></String>
          </TextLine>

          
          
          <TextLine ID="line_1601886186148_821"
                    TAGREFS="LT75"
                    BASELINE="208 1147 739 1135" 
                    HPOS="202"
                    VPOS="1090"
                    WIDTH="535"
                    HEIGHT="61">
            <Shape><Polygon POINTS="206 1145 202 1101 731 1090 737 1134 737 1141 206 1151"/></Shape>
	    <String CONTENT="dos alfanges damasquinos"
                    HPOS="202"
                    VPOS="1090"
                    WIDTH="535"
                    HEIGHT="61"></String>
          </TextLine>

          
          
          <TextLine ID="line_1601886189258_828"
                    TAGREFS="LT75"
                    BASELINE="211 1199 821 1184" 
                    HPOS="204"
                    VPOS="1126"
                    WIDTH="615"
                    HEIGHT="75">
            <Shape><Polygon POINTS="209 1197 204 1151 739 1126 742 1126 742 1126 815 1136 819 1182 819 1193 209 1201"/></Shape>
	    <String CONTENT="con vainas de oro esmaltados,"
                    HPOS="204"
                    VPOS="1126"
                    WIDTH="615"
                    HEIGHT="75"></String>
          </TextLine>

          
          
          <TextLine ID="line_1601886192643_835"
                    TAGREFS="LT75"
                    BASELINE="214 1242 775 1229" 
                    HPOS="209"
                    VPOS="1187"
                    WIDTH="564"
                    HEIGHT="81">
            <Shape><Polygon POINTS="213 1241 209 1199 767 1187 773 1228 769 1249 587 1247 568 1258 562 1260 562 1260 562 1260 560 1260 560 1260 560 1260 558 1260 558 1260 556 1260 547 1258 520 1251 470 1260 457 1262 457 1262 457 1262 455 1262 455 1262 453 1262 453 1262 451 1262 426 1251 403 1262 399 1264 399 1264 399 1264 397 1264 397 1264 395 1264 395 1264 384 1264 307 1254 213 1268"/></Shape>
	    <String CONTENT="y en las correas pendientes"
                    HPOS="209"
                    VPOS="1187"
                    WIDTH="564"
                    HEIGHT="81"></String>
          </TextLine>

          
        </TextBlock>
        
        <TextBlock HPOS="886"
                   VPOS="194"
                   WIDTH="664"
                   HEIGHT="1065"
                   ID="region_1601886065044_672"
                   TAGREFS="BT205">
          <Shape><Polygon POINTS="886 199 1413 194 1451 330 1548 369 1550 958 1486 958 1486 1252 897 1259"/></Shape>
          
          
          <TextLine ID="line_1601886197202_842"
                    TAGREFS="LT75"
                    BASELINE="906 254 1406 245" 
                    HPOS="900"
                    VPOS="192"
                    WIDTH="504"
                    HEIGHT="67">
            <Shape><Polygon POINTS="905 252 900 209 1149 192 1151 192 1400 200 1404 244 1402 259 905 259"/></Shape>
	    <String CONTENT="está tu nombre bordado."
                    HPOS="900"
                    VPOS="192"
                    WIDTH="504"
                    HEIGHT="67"></String>
          </TextLine>

          
          
          <TextLine ID="line_1601886199927_849"
                    TAGREFS="LT75"
                    BASELINE="918 303 1421 294" 
                    HPOS="913"
                    VPOS="244"
                    WIDTH="506"
                    HEIGHT="65">
            <Shape><Polygon POINTS="917 300 913 248 1413 244 1419 292 1419 305 917 309"/></Shape>
	    <String CONTENT="En fin, prícipe don Juan,"
                    HPOS="913"
                    VPOS="244"
                    WIDTH="506"
                    HEIGHT="65"></String>
          </TextLine>

          
          
          <TextLine ID="line_1601886203553_856"
                    TAGREFS="LT75"
                    BASELINE="915 352 1388 339" 
                    HPOS="907"
                    VPOS="296"
                    WIDTH="480"
                    HEIGHT="61">
            <Shape><Polygon POINTS="913 351 907 309 1381 296 1387 338 1387 344 913 357"/></Shape>
	    <String CONTENT="el presente ya contado"
                    HPOS="907"
                    VPOS="296"
                    WIDTH="480"
                    HEIGHT="61"></String>
          </TextLine>

          
          
          <TextLine ID="line_1601886207737_863"
                    TAGREFS="LT75"
                    BASELINE="912 400 1430 388" 
                    HPOS="905"
                    VPOS="344"
                    WIDTH="524"
                    HEIGHT="61">
            <Shape><Polygon POINTS="911 399 905 357 1423 344 1429 386 1429 399 911 405"/></Shape>
	    <String CONTENT="no os lo doy por amistad,"
                    HPOS="905"
                    VPOS="344"
                    WIDTH="524"
                    HEIGHT="61"></String>
          </TextLine>

          
          
          <TextLine ID="line_1601886211556_870"
                    TAGREFS="LT75"
                    BASELINE="925 452 1522 431" 
                    HPOS="919"
                    VPOS="376"
                    WIDTH="602"
                    HEIGHT="83">
            <Shape><Polygon POINTS="923 451 919 399 1452 388 1454 386 1467 376 1467 376 1469 376 1469 376 1469 376 1471 376 1471 376 1473 376 1473 376 1473 376 1517 386 1521 430 1521 449 923 459"/></Shape>
	    <String CONTENT="ni por nuedo que he tomado;"
                    HPOS="919"
                    VPOS="376"
                    WIDTH="602"
                    HEIGHT="83"></String>
          </TextLine>

          
          
          <TextLine ID="line_1601886214698_877"
                    TAGREFS="LT75"
                    BASELINE="918 495 1449 486" 
                    HPOS="909"
                    VPOS="432"
                    WIDTH="539"
                    HEIGHT="69">
            <Shape><Polygon POINTS="917 493 909 451 925 438 925 438 928 438 928 438 928 438 930 438 930 438 932 438 1302 443 1314 432 1314 432 1316 432 1316 432 1316 432 1318 432 1318 432 1318 432 1321 432 1444 443 1448 484 1444 501 915 499"/></Shape>
	    <String CONTENT="dòile yo por mis sobrinos"
                    HPOS="909"
                    VPOS="432"
                    WIDTH="539"
                    HEIGHT="69"></String>
          </TextLine>

          
          
          <TextLine ID="line_1601886217928_884"
                    TAGREFS="LT75"
                    BASELINE="918 550 1443 538" 
                    HPOS="913"
                    VPOS="478"
                    WIDTH="529"
                    HEIGHT="80">
            <Shape><Polygon POINTS="917 549 913 497 1390 478 1392 478 1392 478 1392 478 1438 489 1442 537 1442 543 917 558"/></Shape>
	    <String CONTENT="hijos de aquel desdichado"
                    HPOS="913"
                    VPOS="478"
                    WIDTH="529"
                    HEIGHT="80"></String>
          </TextLine>

          
          
          <TextLine ID="line_1601886222058_891"
                    TAGREFS="LT75"
                    BASELINE="921 592 1302 586" 
                    HPOS="915"
                    VPOS="535"
                    WIDTH="385"
                    HEIGHT="66">
            <Shape><Polygon POINTS="919 591 915 547 1022 535 1024 535 1295 541 1300 585 1298 599 919 601"/></Shape>
	    <String CONTENT="el famoso Alí Bajá,"
                    HPOS="915"
                    VPOS="535"
                    WIDTH="385"
                    HEIGHT="66"></String>
          </TextLine>

          
          
          <TextLine ID="line_1601886226303_898"
                    TAGREFS="LT75"
                    BASELINE="925 641 1382 635" 
                    HPOS="921"
                    VPOS="589"
                    WIDTH="460"
                    HEIGHT="56">
            <Shape><Polygon POINTS="923 639 921 589 1377 591 1381 633 1381 643 923 645"/></Shape>
	    <String CONTENT="el cual era mi cuñado,"
                    HPOS="921"
                    VPOS="589"
                    WIDTH="460"
                    HEIGHT="56"></String>
          </TextLine>

          
          
          <TextLine ID="line_1601886229187_905"
                    TAGREFS="LT75"
                    BASELINE="931 693 1497 681" 
                    HPOS="925"
                    VPOS="631"
                    WIDTH="571"
                    HEIGHT="67">
            <Shape><Polygon POINTS="930 691 925 645 1490 631 1496 679 1496 693 930 698"/></Shape>
	    <String CONTENT="muy querido de mi hermana"
                    HPOS="925"
                    VPOS="631"
                    WIDTH="571"
                    HEIGHT="67"></String>
          </TextLine>

          
          
          <TextLine ID="line_1601886232779_912"
                    TAGREFS="LT75"
                    BASELINE="925 742 1488 730" 
                    HPOS="1268"
                    VPOS="677"
                    WIDTH="218"
                    HEIGHT="64">
            <Shape><Polygon POINTS="1272 733 1268 689 1375 677 1375 677 1377 677 1481 687 1486 729 1486 741 1272 741"/></Shape>
	    <String CONTENT="de mi córte el mas privado,"
                    HPOS="1268"
                    VPOS="677"
                    WIDTH="218"
                    HEIGHT="64"></String>
          </TextLine>

          
          
          <TextLine ID="line_1601886235897_919"
                    TAGREFS="LT75"
                    BASELINE="934 794 1437 775" 
                    HPOS="1270"
                    VPOS="733"
                    WIDTH="166"
                    HEIGHT="59">
            <Shape><Polygon POINTS="1272 779 1270 733 1431 735 1436 773 1436 787 1272 792"/></Shape>
	    <String CONTENT="que los trateis como son,"
                    HPOS="1270"
                    VPOS="733"
                    WIDTH="166"
                    HEIGHT="59"></String>
          </TextLine>

          
          
          <TextLine ID="line_1601886239518_926"
                    TAGREFS="LT75"
                    BASELINE="931 836 1369 827" 
                    HPOS="1270"
                    VPOS="779"
                    WIDTH="97"
                    HEIGHT="63">
            <Shape><Polygon POINTS="1272 827 1270 779 1362 779 1367 825 1364 833 1272 842"/></Shape>
	    <String CONTENT="y asi estoy certificado"
                    HPOS="1270"
                    VPOS="779"
                    WIDTH="97"
                    HEIGHT="63"></String>
          </TextLine>

          
          
          <TextLine ID="line_1601886243760_933"
                    TAGREFS="LT75"
                    BASELINE="934 888 1470 870" 
                    HPOS="1268"
                    VPOS="821"
                    WIDTH="201"
                    HEIGHT="63">
            <Shape><Polygon POINTS="1272 875 1268 833 1463 821 1469 869 1467 884 1270 881"/></Shape>
	    <String CONTENT="que comen á vuestra mesa"
                    HPOS="1268"
                    VPOS="821"
                    WIDTH="201"
                    HEIGHT="63"></String>
          </TextLine>

          
          
          <TextLine ID="line_1601886247174_940"
                    TAGREFS="LT75"
                    BASELINE="931 937 1534 919" 
                    HPOS="1268"
                    VPOS="871"
                    WIDTH="264"
                    HEIGHT="77">
            <Shape><Polygon POINTS="1272 925 1268 881 1525 871 1532 917 1530 932 1400 948 1400 948 1398 948 1398 948 1396 948 1396 948 1367 936 1362 936 1272 938"/></Shape>
	    <String CONTENT="y van siempre á vuestro lado."
                    HPOS="1268"
                    VPOS="871"
                    WIDTH="264"
                    HEIGHT="77"></String>
          </TextLine>

          
          
          <TextLine ID="line_1601886251044_947"
                    TAGREFS="LT75"
                    BASELINE="925 986 1403 973" 
                    HPOS="1268"
                    VPOS="930"
                    WIDTH="134"
                    HEIGHT="58">
            <Shape><Polygon POINTS="1272 976 1268 934 1396 930 1402 971 1400 986 1272 988"/></Shape>
	    <String CONTENT="Alá os lo pague, señor,"
                    HPOS="1268"
                    VPOS="930"
                    WIDTH="134"
                    HEIGHT="58"></String>
          </TextLine>

          
          
          <TextLine ID="line_1601886254041_954"
                    TAGREFS="LT75"
                    BASELINE="934 1031 1388 1016" 
                    HPOS="1268"
                    VPOS="965"
                    WIDTH="119"
                    HEIGHT="69">
            <Shape><Polygon POINTS="1272 1019 1268 973 1350 965 1350 965 1352 965 1352 965 1354 965 1354 965 1385 978 1387 1015 1387 1028 1272 1034"/></Shape>
	    <String CONTENT="principe muy afamado,"
                    HPOS="1268"
                    VPOS="965"
                    WIDTH="119"
                    HEIGHT="69"></String>
          </TextLine>

          
          
          <TextLine ID="line_1601886257031_961"
                    TAGREFS="LT75"
                    BASELINE="937 1083 1458 1065" 
                    HPOS="1270"
                    VPOS="1019"
                    WIDTH="186"
                    HEIGHT="61">
            <Shape><Polygon POINTS="1272 1070 1270 1019 1452 1019 1456 1063 1454 1080 1270 1076"/></Shape>
	    <String CONTENT="y que os guarde de mi ira"
                    HPOS="1270"
                    VPOS="1019"
                    WIDTH="186"
                    HEIGHT="61"></String>
          </TextLine>

          
          
          <TextLine ID="line_1601886260568_968"
                    TAGREFS="LT75"
                    BASELINE="943 1126 1397 1117" 
                    HPOS="1270"
                    VPOS="1063"
                    WIDTH="126"
                    HEIGHT="67">
            <Shape><Polygon POINTS="1272 1118 1270 1063 1392 1074 1396 1116 1394 1128 1272 1130"/></Shape>
	    <String CONTENT="y de mi poder sobrado,"
                    HPOS="1270"
                    VPOS="1063"
                    WIDTH="126"
                    HEIGHT="67"></String>
          </TextLine>

          
          
          <TextLine ID="line_1601886264556_975"
                    TAGREFS="LT75"
                    BASELINE="949 1181 1400 1168" 
                    HPOS="1270"
                    VPOS="1118"
                    WIDTH="128"
                    HEIGHT="64">
            <Shape><Polygon POINTS="1272 1170 1270 1118 1394 1122 1398 1166 1398 1182 1272 1182"/></Shape>
	    <String CONTENT="que si Mahoma dormia,"
                    HPOS="1270"
                    VPOS="1118"
                    WIDTH="128"
                    HEIGHT="64"></String>
          </TextLine>

          
          
          <TextLine ID="line_1601886268506_982"
                    TAGREFS="LT75"
                    BASELINE="934 1229 1418 1217" 
                    HPOS="1270"
                    VPOS="1170"
                    WIDTH="147"
                    HEIGHT="69">
            <Shape><Polygon POINTS="1272 1220 1270 1170 1413 1172 1417 1216 1417 1224 1272 1239"/></Shape>
	    <String CONTENT="ahora estara desvelado."
                    HPOS="1270"
                    VPOS="1170"
                    WIDTH="147"
                    HEIGHT="69"></String>
          </TextLine>

          
        </TextBlock>
        
        <TextBlock HPOS="1436"
                   VPOS="117"
                   WIDTH="114"
                   HEIGHT="82"
                   ID="region_1601886039971_664"
                   TAGREFS="BT25">
          <Shape><Polygon POINTS="1436 120 1550 117 1546 196 1437 199"/></Shape>
          
          
          <TextLine ID="eSc_line_02dc83a1"
                    TAGREFS="LT75"
                    BASELINE="1455 180 1522 183" 
                    HPOS="1448"
                    VPOS="117"
                    WIDTH="73"
                    HEIGHT="81">
            <Shape><Polygon POINTS="1454 179 1454 117 1521 117 1521 181 1521 188 1486 198 1484 198 1481 198 1479 198 1448 186"/></Shape>
	    <String CONTENT="7"
                    HPOS="1448"
                    VPOS="117"
                    WIDTH="73"
                    HEIGHT="81"></String>
          </TextLine>

          
        </TextBlock>
        
        <TextBlock HPOS="282"
                   VPOS="1550"
                   WIDTH="1264"
                   HEIGHT="313"
                   ID="eSc_textblock_315ece27"
                   TAGREFS="BT206">
          <Shape><Polygon POINTS="1302 1550 1300 1713 1534 1722 1546 1839 292 1863 282 1760 379 1744 574 1744 574 1705 553 1702 562 1564"/></Shape>
          
          
          <TextLine ID="line_1601886290662_989"
                    TAGREFS="LT78"
                    BASELINE="595 1661 1250 1650" 
                    HPOS="591"
                    VPOS="1567"
                    WIDTH="658"
                    HEIGHT="113">
            <Shape><Polygon POINTS="593 1659 591 1582 1082 1582 1093 1580 1172 1567 1172 1567 1174 1567 1174 1567 1245 1580 1249 1649 1249 1655 1187 1672 1185 1672 1185 1672 1183 1672 1183 1672 1183 1672 1128 1659 1116 1657 1084 1661 1028 1667 1028 1667 1026 1667 946 1665 865 1661 859 1667 848 1676 848 1678 848 1678 846 1678 846 1678 846 1678 844 1678 844 1678 842 1678 842 1678 767 1669 744 1667 737 1669 725 1680 723 1680 723 1680 723 1680 721 1680 721 1680 721 1680 719 1680 591 1674"/></Shape>
	    <String CONTENT="TERCERA PARTE."
                    HPOS="591"
                    VPOS="1567"
                    WIDTH="658"
                    HEIGHT="113"></String>
          </TextLine>

          
          
          <TextLine ID="line_1601886297952_996"
                    TAGREFS="LT78"
                    BASELINE="334 1821 1518 1792" 
                    HPOS="330"
                    VPOS="1711"
                    WIDTH="1187"
                    HEIGHT="126">
            <Shape><Polygon POINTS="332 1820 330 1738 428 1763 579 1763 608 1751 610 1751 612 1751 716 1757 727 1749 727 1747 729 1747 731 1747 733 1747 788 1755 798 1747 798 1745 800 1745 802 1745 804 1745 806 1745 808 1745 825 1755 848 1745 850 1745 852 1745 1118 1747 1168 1717 1172 1715 1174 1715 1176 1715 1511 1711 1517 1791 1515 1799 1429 1814 1427 1814 1371 1803 1360 1803 1346 1805 1260 1818 1258 1818 1135 1812 1099 1809 1091 1812 1061 1822 1059 1822 1057 1822 850 1818 754 1818 725 1822 664 1832 662 1832 612 1826 585 1822 551 1828 495 1837 493 1837 459 1830 438 1826 332 1832"/></Shape>
	    <String CONTENT="De la respuesta que dió don Juan de Austria al Gran Turco."
                    HPOS="330"
                    VPOS="1711"
                    WIDTH="1187"
                    HEIGHT="126"></String>
          </TextLine>

          
        </TextBlock>
        
        <TextBlock HPOS="188"
                   VPOS="1880"
                   WIDTH="727"
                   HEIGHT="492"
                   ID="region_1601886089819_680"
                   TAGREFS="BT205">
          <Shape><Polygon POINTS="802 1944 848 2045 756 2045 756 2073 722 2073 722 2201 915 2201 912 2279 910 2344 215 2372 215 2226 188 2226 197 1978 257 1978 257 1890 694 1880 694 1936 793 1936"/></Shape>
          
          
          <TextLine ID="line_1601886654550_1003"
                    TAGREFS="LT75"
                    BASELINE="274 1972 686 1968" 
                    HPOS="269"
                    VPOS="1903"
                    WIDTH="416"
                    HEIGHT="82">
            <Shape><Polygon POINTS="273 1970 269 1918 351 1908 351 1908 353 1908 353 1908 355 1908 355 1908 382 1918 390 1920 399 1918 428 1908 430 1908 430 1908 430 1908 432 1908 432 1908 432 1908 434 1908 466 1918 472 1920 478 1918 516 1903 516 1903 518 1903 518 1903 518 1903 520 1903 520 1903 522 1903 568 1914 616 1903 616 1903 616 1903 618 1903 618 1903 620 1903 620 1903 620 1903 622 1903 622 1903 641 1918 641 1920 681 1920 685 1966 683 1972 273 1985"/></Shape>
	    <String CONTENT="A tí Selim el Sultan,"
                    HPOS="269"
                    VPOS="1903"
                    WIDTH="416"
                    HEIGHT="82"></String>
          </TextLine>

          
          
          <TextLine ID="line_1601886658786_1010"
                    TAGREFS="LT75"
                    BASELINE="231 2023 796 2014" 
                    HPOS="225"
                    VPOS="1956"
                    WIDTH="569"
                    HEIGHT="75">
            <Shape><Polygon POINTS="229 2021 225 1972 455 1972 461 1968 478 1960 478 1960 478 1960 480 1960 480 1960 480 1960 482 1960 597 1968 624 1968 633 1966 677 1956 679 1956 679 1956 681 1956 681 1956 790 1966 794 2012 794 2018 229 2031"/></Shape>
	    <String CONTENT="el que gran señor se llama,"
                    HPOS="225"
                    VPOS="1956"
                    WIDTH="569"
                    HEIGHT="75"></String>
          </TextLine>

          
          
          <TextLine ID="line_1601886662841_1017"
                    TAGREFS="LT75"
                    BASELINE="231 2071 643 2062" 
                    HPOS="225"
                    VPOS="2014"
                    WIDTH="416"
                    HEIGHT="63">
            <Shape><Polygon POINTS="229 2069 225 2018 635 2014 641 2060 639 2075 229 2077"/></Shape>
	    <String CONTENT="emperador sin tener"
                    HPOS="225"
                    VPOS="2014"
                    WIDTH="416"
                    HEIGHT="63"></String>
          </TextLine>

          
          
          <TextLine ID="line_1601886666264_1024"
                    TAGREFS="LT75"
                    BASELINE="228 2119 689 2110" 
                    HPOS="223"
                    VPOS="2064"
                    WIDTH="464"
                    HEIGHT="65">
            <Shape><Polygon POINTS="227 2117 223 2064 683 2067 687 2108 685 2129 227 2129"/></Shape>
	    <String CONTENT="la ceremonia romana."
                    HPOS="223"
                    VPOS="2064"
                    WIDTH="464"
                    HEIGHT="65"></String>
          </TextLine>

          
          
          <TextLine ID="line_1601886670293_1031"
                    TAGREFS="LT75"
                    BASELINE="233 2172 666 2163" 
                    HPOS="227"
                    VPOS="2110"
                    WIDTH="437"
                    HEIGHT="71">
            <Shape><Polygon POINTS="232 2171 227 2121 658 2110 664 2161 664 2171 232 2181"/></Shape>
	    <String CONTENT="A ti rey de reyes, rey"
                    HPOS="227"
                    VPOS="2110"
                    WIDTH="437"
                    HEIGHT="71"></String>
          </TextLine>

          
          
          <TextLine ID="line_1601886674411_1038"
                    TAGREFS="LT75"
                    BASELINE="233 2222 682 2211" 
                    HPOS="229"
                    VPOS="2154"
                    WIDTH="452"
                    HEIGHT="71">
            <Shape><Polygon POINTS="232 2221 229 2173 357 2173 361 2171 374 2161 376 2161 376 2161 376 2161 378 2161 378 2161 380 2161 380 2161 468 2169 474 2169 474 2169 484 2161 484 2158 484 2158 487 2158 487 2158 487 2158 489 2158 489 2158 491 2158 491 2158 576 2167 581 2167 581 2167 616 2154 616 2154 618 2154 618 2154 620 2154 620 2154 620 2154 677 2167 681 2209 681 2219 232 2225"/></Shape>
	    <String CONTENT="por tiránica demanda."
                    HPOS="229"
                    VPOS="2154"
                    WIDTH="452"
                    HEIGHT="71"></String>
          </TextLine>

          
          
          <TextLine ID="line_1601886678511_1045"
                    TAGREFS="LT75"
                    BASELINE="235 2268 902 2254" 
                    HPOS="229"
                    VPOS="2190"
                    WIDTH="671"
                    HEIGHT="81">
            <Shape><Polygon POINTS="234 2267 229 2213 679 2211 702 2196 706 2192 708 2192 708 2192 708 2192 710 2192 710 2192 712 2192 712 2192 712 2192 731 2194 796 2207 815 2192 815 2192 817 2192 817 2192 817 2192 819 2192 819 2192 819 2192 894 2190 900 2253 900 2259 234 2271"/></Shape>
	    <String CONTENT="Yo don Juan de Austraia, menor"
                    HPOS="229"
                    VPOS="2190"
                    WIDTH="671"
                    HEIGHT="81"></String>
          </TextLine>

          
          
          <TextLine ID="line_1601886682024_1052"
                    TAGREFS="LT75"
                    BASELINE="238 2311 801 2304" 
                    HPOS="234"
                    VPOS="2250"
                    WIDTH="566"
                    HEIGHT="107">
            <Shape><Polygon POINTS="236 2309 234 2259 541 2263 560 2253 562 2253 562 2253 562 2253 564 2253 564 2253 564 2253 712 2250 714 2250 714 2250 716 2250 716 2250 716 2250 719 2250 737 2261 794 2250 800 2303 800 2351 704 2353 702 2353 702 2353 700 2353 700 2353 700 2353 691 2349 664 2334 643 2347 641 2349 639 2349 639 2349 639 2349 637 2349 637 2349 635 2349 635 2349 635 2349 633 2349 633 2349 627 2347 610 2340 579 2344 507 2357 507 2357 505 2357 505 2357 503 2357 441 2340 401 2332 236 2334"/></Shape>
	    <String CONTENT="de los de la casa de Austria,"
                    HPOS="234"
                    VPOS="2250"
                    WIDTH="566"
                    HEIGHT="107"></String>
          </TextLine>

          
        </TextBlock>
        
        <TextBlock HPOS="944"
                   VPOS="1873"
                   WIDTH="646"
                   HEIGHT="475"
                   ID="region_1601886094502_684"
                   TAGREFS="BT205">
          <Shape><Polygon POINTS="945 1884 1455 1873 1455 1986 1583 1986 1590 2207 1469 2207 1472 2329 944 2348"/></Shape>
          
          
          <TextLine ID="line_1601886687249_1059"
                    TAGREFS="LT75"
                    BASELINE="954 1956 1442 1947" 
                    HPOS="948"
                    VPOS="1891"
                    WIDTH="492"
                    HEIGHT="75">
            <Shape><Polygon POINTS="953 1954 948 1901 1433 1891 1440 1945 1440 1952 953 1966"/></Shape>
	    <String CONTENT="de emperadores y reyes"
                    HPOS="948"
                    VPOS="1891"
                    WIDTH="492"
                    HEIGHT="75"></String>
          </TextLine>

          
          
          <TextLine ID="line_1601886690688_1066"
                    TAGREFS="LT75"
                    BASELINE="957 2007 1376 1995" 
                    HPOS="953"
                    VPOS="1941"
                    WIDTH="422"
                    HEIGHT="73">
            <Shape><Polygon POINTS="955 2006 953 1960 1074 1960 1076 1958 1086 1949 1086 1947 1086 1947 1089 1947 1089 1947 1089 1947 1091 1947 1091 1947 1093 1947 1093 1947 1164 1958 1176 1958 1187 1956 1254 1943 1254 1943 1254 1943 1256 1943 1256 1943 1258 1943 1258 1943 1289 1956 1310 1941 1312 1941 1312 1941 1312 1941 1314 1941 1314 1941 1314 1941 1316 1941 1316 1941 1318 1941 1373 1956 1375 1993 1375 2006 955 2014"/></Shape>
	    <String CONTENT="de catolica prosapia;"
                    HPOS="953"
                    VPOS="1941"
                    WIDTH="422"
                    HEIGHT="73"></String>
          </TextLine>

          
          
          <TextLine ID="line_1601886694669_1073"
                    TAGREFS="LT75"
                    BASELINE="954 2053 1566 2039" 
                    HPOS="946"
                    VPOS="1983"
                    WIDTH="619"
                    HEIGHT="88">
            <Shape><Polygon POINTS="953 2052 946 2006 1350 1989 1352 1989 1352 1989 1352 1989 1354 1989 1358 1989 1383 1998 1423 1987 1427 1987 1429 1987 1429 1987 1431 1987 1431 1987 1431 1987 1433 1987 1436 1987 1461 1995 1467 1987 1469 1987 1469 1987 1469 1985 1469 1985 1471 1985 1471 1985 1471 1985 1473 1985 1473 1985 1473 1985 1475 1985 1475 1985 1486 1985 1538 1993 1555 1983 1565 2037 1563 2058 1126 2058 953 2071"/></Shape>
	    <String CONTENT="conforme á lo que tú escribes,"
                    HPOS="946"
                    VPOS="1983"
                    WIDTH="619"
                    HEIGHT="88"></String>
          </TextLine>

          
          
          <TextLine ID="line_1601886697995_1080"
                    TAGREFS="LT75"
                    BASELINE="957 2101 1529 2087" 
                    HPOS="951"
                    VPOS="2041"
                    WIDTH="576"
                    HEIGHT="69">
            <Shape><Polygon POINTS="955 2100 951 2060 1195 2041 1197 2041 1523 2046 1527 2085 1525 2104 1454 2096 1285 2098 1279 2106 1279 2108 1277 2108 1277 2110 1277 2110 1275 2110 1275 2110 1275 2110 1272 2110 1272 2110 1270 2110 953 2108"/></Shape>
	    <String CONTENT="voy respondiendo á tu carta."
                    HPOS="951"
                    VPOS="2041"
                    WIDTH="576"
                    HEIGHT="69"></String>
          </TextLine>

          
          
          <TextLine ID="line_1601886701639_1087"
                    TAGREFS="LT75"
                    BASELINE="966 2153 1426 2140" 
                    HPOS="961"
                    VPOS="2090"
                    WIDTH="464"
                    HEIGHT="68">
            <Shape><Polygon POINTS="965 2152 961 2098 1419 2090 1425 2138 1425 2148 965 2158"/></Shape>
	    <String CONTENT="Tu presente he recibido"
                    HPOS="961"
                    VPOS="2090"
                    WIDTH="464"
                    HEIGHT="68"></String>
          </TextLine>

          
          
          <TextLine ID="line_1601886704926_1094"
                    TAGREFS="LT75"
                    BASELINE="957 2199 1508 2188" 
                    HPOS="948"
                    VPOS="2140"
                    WIDTH="559"
                    HEIGHT="69">
            <Shape><Polygon POINTS="955 2198 948 2150 1500 2140 1507 2186 1504 2202 955 2209"/></Shape>
	    <String CONTENT="de grandeza y mano franca"
                    HPOS="948"
                    VPOS="2140"
                    WIDTH="559"
                    HEIGHT="69"></String>
          </TextLine>

          
          
          <TextLine ID="line_1601886707941_1101"
                    TAGREFS="LT75"
                    BASELINE="957 2252 1412 2240" 
                    HPOS="951"
                    VPOS="2184"
                    WIDTH="459"
                    HEIGHT="81">
            <Shape><Polygon POINTS="955 2250 951 2202 1135 2190 1137 2190 1137 2190 1139 2190 1170 2198 1174 2198 1174 2198 1187 2188 1187 2188 1189 2188 1189 2188 1191 2188 1191 2188 1191 2188 1193 2188 1193 2188 1247 2196 1252 2196 1260 2196 1331 2184 1331 2184 1333 2184 1333 2184 1406 2194 1410 2238 1408 2255 1030 2255 955 2265"/></Shape>
	    <String CONTENT="por el baja Assam-bey,"
                    HPOS="951"
                    VPOS="2184"
                    WIDTH="459"
                    HEIGHT="81"></String>
          </TextLine>

          
          
          <TextLine ID="line_1601886710889_1108"
                    TAGREFS="LT75"
                    BASELINE="959 2300 1378 2288" 
                    HPOS="953"
                    VPOS="2236"
                    WIDTH="424"
                    HEIGHT="85">
            <Shape><Polygon POINTS="957 2299 953 2250 1371 2236 1377 2286 1375 2299 1264 2299 1233 2307 1214 2313 1212 2313 1212 2313 1212 2313 1210 2313 1210 2313 1208 2313 1208 2313 1208 2313 1206 2313 1201 2309 1187 2301 1158 2311 1151 2313 1149 2313 1149 2313 1149 2313 1147 2313 1147 2313 1139 2313 1086 2305 957 2321"/></Shape>
	    <String CONTENT="y privado de tu casa; "
                    HPOS="953"
                    VPOS="2236"
                    WIDTH="424"
                    HEIGHT="85"></String>
          </TextLine>

          
        </TextBlock>
        
        <TextBlock HPOS="545"
                   VPOS="1309"
                   WIDTH="781"
                   HEIGHT="175"
                   ID="eSc_textblock_2a73e5b2"
                   TAGREFS="BT16">
          <Shape><Polygon POINTS="545 1309 1320 1309 1326 1395 1168 1395 1168 1484 775 1484 775 1440 545 1440"/></Shape>
          
        </TextBlock>
        

        
      </PrintSpace>
    </Page>
  </Layout>
</alto>
