1684 2475
16 171 545 74 sin mirar que estos arrojos

14 226 489 77 Dios los castiga severo,

14 286 572 68 y que puede ser que al fin

16 336 545 68 lo pague para escarmiento

16 387 497 72 con temporales castigos,

18 451 487 60 cuando no sean eternos,

23 506 586 56 Y una noche, cuyas sombras

20 550 460 66 ayudaron sus intentos,

20 602 508 68 lomaron los dos amantes

20 651 454 75 fuga en el vajél lijero,

16 705 576 74 que álas le prestaba el aire

20 767 516 62 en el mar de sus deseos:

20 810 508 70 cual otro Paris Troya no,

18 860 596 74 que á Elena robó del Griego.

24 917 557 70 Mas en medio de este gozo,

22 969 510 72 de la noche en el sileció,

24 1029 502 66 se levantó una tormenta

26 1078 479 64 en aquel golfo soberbio

22 1134 498 70 que las olas de Nepluno

24 1190 566 64 dan con la nave en el cielo;

24 1235 545 78 porque enojadas las ondas

22 1287 510 72 ya bajando, ya subiendo,

24 1340 306 70 al azotado vajcl

26 1400 531 66 descuadernaban los leños,

26 1449 560 71 y bramando el mar furioso

28 1499 516 70 les quiso dar monumento

30 1553 533 68 en sus quebrados cristales

26 1617 531 59 como á Leandro y á Ero.

10 1658 493 70 Mlízose el vajél pedazos

26 1718 491 72 á la furia do los vientos,

24 1771 471 68 y á la fuerza de las olas

26 1817 529 68 el mar salió de su centro.

26 1868 570 76 Fluctuando entre las aguas,

30 1924 477 70 asidos á un frágil leño,

30 1986 487 62 sobre la fé de una tabla

28 2031 516 64 los dos amantes salieron,

37 2089 485 64 de milagro, á las orillas

33 2138 503 77 de dominios estrangeros,

35 2192 577 91 como monstruos de fortuna,

707 121 29 77 3

736 162 522 79 pues de furtuna vivieron.

742 224 479 66 Besan la mojada arena,

742 276 595 72 donde allí los dos se vieron;

740 336 452 62 ella Nereida del agua,

738 375 549 72 él Tritón del mar soberbio.

747 433 582 70 Después de aquesta tragedia

745 488 497 66 dándole gracias al cielo,

745 536 567 76 de haberles de ella librado,

742 594 551 84 llegan con gusto y contento

747 647 425 66 á Nápoles la famosa;

749 699 487 74 donde se casaron luogo,

745 750 458 83 y de himenéo gozaron

747 812 470 64 el logro de sus deseos.

749 864 404 66 De este matrimonio

749 915 443 66 tuvieron un hijo bello

749 963 547 72 á quien Julián le llamaron

749 1020 514 69 en el bautismo supremo.

753 1072 437 70 Criáronle santamente

751 1126 542 72 con educación y egemplo.

751 1177 604 68 Llegó á edad do quince años,

751 1231 611 72 dando á entender el mancebo

753 1289 489 64 en la lucha y en la caza

753 1342 501 64 el valor y el ardimiento.

755 1388 474 74 Saliendo á cazar un dia

749 1449 530 71 por unos montes espesos,

751 1507 545 58 en medio de una montaña,

753 1546 536 73 contento divisó un Ciervo,

751 1596 464 74 que veloz le penetraba

757 1656 510 72 á competencia del viento:

757 1709 479 66 síguele con la escopeta,

755 1761 623 70 haciendo en matcrle empeñó,

755 1815 530 70 huyele el Ciervo acosado,

755 1862 584 82 y el joven lo iba siguiendo,

749 1920 478 80 porfiando en el alcance

751 1977 530 75 para matarle al momento.

757 2029 472 66 Pero viéndose apretado

757 2083 506 62 el bruto montaráz, luego

755 2128 460 80 paró su veíóz carrera,

767 2196 535 74 se encaró con el mancebo,
