1765 2512
238 410 398 54 Tengo yo mi corazón

194 441 494 65 como la flor de un jardín,

194 494 408 54 cual mas bello serafín

194 527 515 69 y de muy buena intención;

194 577 381 59 recato y ostentacio-u

192 617 454 63 correspondido y pagado,

192 657 530 73 pues está de amor premiado

196 703 450 63 de una bella hermosura,

190 749 523 65 que el bien de una criatura

194 801 452 53 es el moreno agraciado.

240 839 450 65 Te quiero, bella deidad,

196 889 438 57 y por tí padezco penas,

194 923 463 62 te quiero, linda morena,

194 967 408 60 con toda mi voluntad;

196 1011 308 62 oscura tu deidad

196 1048 427 71 y hermoso tu corazón,

198 1105 438 54 tengo puesta mi afición

196 1140 471 63 en tu agraciado moreno,

200 1191 432 58 de modo que considero

200 1230 455 72 la mas bella perfección.

649 226 452 58 Es el moreno agraciado

605 265 458 63 la mas bella perfección,

600 309 404 67 y se lleva la atención

596 341 534 81 que Cupido lo ha premiado.

969 399 440 63 Eres para mí el reposo,

923 439 490 63 tú eres el bien que poseo,

923 487 498 57 tú eres mi mayor recreo,

923 527 362 59 eres clavel oloroso:

923 567 500 67 que me tengo por dichoso,

923 613 410 67 dueño de mi corazón,

923 655 366 67 arríame con afición,

919 697 437 62 que me das dulzura tal

923 745 483 65 dando consuelo á mi mal,

925 789 458 67 que.se lleva la atención.

969 839 452 54 Eres sol, luna y estrella;

925 883 423 61 eres clavel y eres rosa,

923 929 404 52 eres azucena olorosa,

927 965 463 64 y el imán queyo venero:

925 1008 408 59 tú eres sola mi recreo

927 1048 498 67 y el dueño de mi cuidado;

925 1103 435 58 eres el cielo estrellado,

927 1145 404 58 eres Minerva y Diana,

925 1186 417 61 eres como la manzana

923 1222 527 71 que Cupido la ha premiado.

642 1276 486 61 Hoy pregunta la memoria

594 1322 377 59 á til gran sabiduría,

594 1362 494 61 ¿qué cosa, mi Dios, liaría,

594 1406 505 71 antes de formar la gloria?

244 1454 444 57 Del Génesis la Escritura

198 1494 476 61 lea lodo aquel que quiera

196 1540 482 61 saber del modo y manera

196 1590 486 57 que hizo Dios la criatura;

198 1628 455 59 allí verá en su escritura

198 1672 478 59 de la tierra y de ia gloria,

198 1716 515 63 pues por la sagrada historia

198 1752 448 67 lodo se va trasluciendo,

203 1804 425 61 y luego viene diciendo:

205 1848 494 56 hoy pregunta la memoria.

244 1894 402 56 En dicho libro se lee,

200 1921 501 76 que el mundo un caos era,

203 1974 443 62 en el que nada existiera

200 2020 511 60 de cuanto en él hoy se vé,

203 2064 519 62 después por Dios hecho fue

203 2105 458 63 la noche y la luz del día,

203 2154 502 60 tierra, cielo, cuanto había,

203 2193 469 65 y luego por consiguiente,

203 2241 410 59 se lo hago boy patente

207 2281 375 74 á tu gran sabiduría.

973 1450 547 61 De un llágase, Omnipotente,

925 1494 440 67 formó peces en el mar,

925 1534 394 65 hizo la tierra brotar,

925 1576 484 67 y crió el sol ton ardiente,

925 1624 461 65 dio á la luna sabiamente

925 1664 446 67 su luz tan opaca y (Via,

927 1708 396 65 después a! sétimo dia

927 1752 549 69 formó el hombre y la muger;

927 1804 467 59 pero antes de esto hacer

925 1842 498 65 ¿qué cosa, mi Dios, baria?

975 1896 452 46 En la sagrada Escritura

929 1917 484 77 dice, cual verse se puede,

927 1971 496 63 que Dios de nada procede

929 2013 526 67 y sin Dios no hubiera nada;

929 2059 373 63 esta opinión sentada

931 2112 480 56 es bien pública y notoria,

927 2154 498 58 por lo tanto á tu memoria

931 2198 381 56 contesto este dia yo;

929 2281 396 19 que asi todo se formó

927 2277 479 78 a ules de formar la gloria.
