<?xml version="1.0" encoding="UTF-8"?>
<alto xmlns:xsi="http://www.w3.org/2001/XMLSchema-instance"
      xmlns="http://www.loc.gov/standards/alto/ns-v4#"
      xsi:schemaLocation="http://www.loc.gov/standards/alto/ns-v4# http://www.loc.gov/standards/alto/v4/alto-4-2.xsd">
  <Description>
    <MeasurementUnit>pixel</MeasurementUnit>
    <sourceImageInformation>
      <fileName>Moreno_172_7.jpg</fileName>
      
    </sourceImageInformation>
  </Description>
  
  <Tags>
    <OtherTag ID="BT12" LABEL="RunningTitleZone" DESCRIPTION="block type RunningTitleZone"/><OtherTag ID="BT14" LABEL="MainZone" DESCRIPTION="block type MainZone"/><OtherTag ID="BT16" LABEL="GraphicZone:ornamentation" DESCRIPTION="block type GraphicZone:ornamentation"/><OtherTag ID="BT17" LABEL="MusicZone" DESCRIPTION="block type MusicZone"/><OtherTag ID="BT19" LABEL="QuireMarksZone:signature" DESCRIPTION="block type QuireMarksZone:signature"/><OtherTag ID="BT20" LABEL="QuireMarksZone:catchwords" DESCRIPTION="block type QuireMarksZone:catchwords"/><OtherTag ID="BT21" LABEL="GraphicZone:illustration" DESCRIPTION="block type GraphicZone:illustration"/><OtherTag ID="BT25" LABEL="NumberingZone:page" DESCRIPTION="block type NumberingZone:page"/><OtherTag ID="BT28" LABEL="MarginTextZone:colophon" DESCRIPTION="block type MarginTextZone:colophon"/><OtherTag ID="BT29" LABEL="MarginTextZone:note" DESCRIPTION="block type MarginTextZone:note"/><OtherTag ID="BT95" LABEL="CustomZone:impresorNum" DESCRIPTION="block type CustomZone:impresorNum"/><OtherTag ID="BT97" LABEL="CustomZone:numero_pliego" DESCRIPTION="block type CustomZone:numero_pliego"/><OtherTag ID="BT205" LABEL="MainZone:columns" DESCRIPTION="block type MainZone:columns"/><OtherTag ID="BT206" LABEL="CustomZone:title" DESCRIPTION="block type CustomZone:title"/>
    <OtherTag ID="LT40" LABEL="CustomLine:trailer" DESCRIPTION="line type CustomLine:trailer"/><OtherTag ID="LT69" LABEL="CustomLine:propriedad" DESCRIPTION="line type CustomLine:propriedad"/><OtherTag ID="LT75" LABEL="DefaultLine" DESCRIPTION="line type DefaultLine"/><OtherTag ID="LT78" LABEL="HeadingLine" DESCRIPTION="line type HeadingLine"/>
  </Tags>
  
  <Layout>
    <Page WIDTH="1737"
          HEIGHT="2508"
          PHYSICAL_IMG_NR="108"
          ID="eSc_dummypage_">
      <PrintSpace HPOS="0"
                  VPOS="0"
                  WIDTH="1737"
                  HEIGHT="2508">
        
        <TextBlock HPOS="1494"
                   VPOS="101"
                   WIDTH="99"
                   HEIGHT="104"
                   ID="eSc_textblock_5f15462f"
                   TAGREFS="BT25">
          <Shape><Polygon POINTS="1494 101 1494 205 1590 188 1593 101"/></Shape>
          
          
          <TextLine ID="eSc_line_082f78f2"
                    TAGREFS="LT75"
                    BASELINE="1510 169 1560 169" 
                    HPOS="1507"
                    VPOS="98"
                    WIDTH="52"
                    HEIGHT="81">
            <Shape><Polygon POINTS="1509 167 1507 104 1557 98 1559 167 1557 179 1507 175"/></Shape>
	    <String CONTENT="7"
                    HPOS="1507"
                    VPOS="98"
                    WIDTH="52"
                    HEIGHT="81"></String>
          </TextLine>

          
        </TextBlock>
        
        <TextBlock HPOS="219"
                   VPOS="173"
                   WIDTH="693"
                   HEIGHT="2206"
                   ID="eSc_textblock_8aa02700"
                   TAGREFS="BT205">
          <Shape><Polygon POINTS="219 186 239 2379 844 2365 912 1862 898 782 870 294 755 173"/></Shape>
          
          
          <TextLine ID="eSc_line_0257023c"
                    TAGREFS="LT75"
                    BASELINE="246 246 790 233" 
                    HPOS="242"
                    VPOS="190"
                    WIDTH="546"
                    HEIGHT="73">
            <Shape><Polygon POINTS="244 244 242 190 783 190 788 231 788 250 244 263"/></Shape>
	    <String CONTENT="Ya no puedo escribir mas,"
                    HPOS="242"
                    VPOS="190"
                    WIDTH="546"
                    HEIGHT="73"></String>
          </TextLine>

          
          
          <TextLine ID="eSc_line_669379c0"
                    TAGREFS="LT75"
                    BASELINE="247 307 792 291" 
                    HPOS="242"
                    VPOS="242"
                    WIDTH="548"
                    HEIGHT="81">
            <Shape><Polygon POINTS="246 305 242 261 476 242 478 242 785 246 790 290 785 309 641 303 631 311 631 313 631 313 629 313 629 313 629 313 627 313 627 313 627 313 624 313 499 307 246 323"/></Shape>
	    <String CONTENT="porque las lelras se borran"
                    HPOS="242"
                    VPOS="242"
                    WIDTH="548"
                    HEIGHT="81"></String>
          </TextLine>

          
          
          <TextLine ID="eSc_line_21a56def"
                    TAGREFS="LT75"
                    BASELINE="243 360 757 351" 
                    HPOS="238"
                    VPOS="288"
                    WIDTH="518"
                    HEIGHT="96">
            <Shape><Polygon POINTS="242 359 238 313 336 313 340 311 367 296 367 296 367 296 369 296 369 296 372 296 372 296 372 296 374 296 409 309 411 309 413 309 438 294 438 294 438 294 441 294 441 294 441 294 443 294 614 298 645 288 645 288 647 288 647 288 650 288 650 288 752 303 756 349 756 376 691 378 689 378 689 378 687 378 687 378 687 378 683 376 660 363 652 374 650 374 650 376 650 376 650 376 647 376 647 376 647 376 645 376 645 376 645 376 643 376 624 376 524 367 512 374 501 382 499 382 499 382 499 382 497 382 497 382 497 382 426 384 424 384 424 384 422 384 422 384 392 372 384 369 365 372 284 384 284 384 282 384 282 384 282 384 280 384 238 369"/></Shape>
	    <String CONTENT="con el agua de mis ojos,"
                    HPOS="238"
                    VPOS="288"
                    WIDTH="518"
                    HEIGHT="96"></String>
          </TextLine>

          
          
          <TextLine ID="eSc_line_711eb74a"
                    TAGREFS="LT75"
                    BASELINE="250 420 725 408" 
                    HPOS="244"
                    VPOS="372"
                    WIDTH="479"
                    HEIGHT="62">
            <Shape><Polygon POINTS="248 418 244 380 716 372 723 407 723 428 248 434"/></Shape>
	    <String CONTENT="por estar tan pesarosa."
                    HPOS="244"
                    VPOS="372"
                    WIDTH="479"
                    HEIGHT="62"></String>
          </TextLine>

          
          
          <TextLine ID="eSc_line_3ef97e08"
                    TAGREFS="LT75"
                    BASELINE="246 476 745 465" 
                    HPOS="238"
                    VPOS="422"
                    WIDTH="506"
                    HEIGHT="62">
            <Shape><Polygon POINTS="244 474 238 432 737 422 744 463 744 482 244 484"/></Shape>
	    <String CONTENT="Con esto cerró ol papel,"
                    HPOS="238"
                    VPOS="422"
                    WIDTH="506"
                    HEIGHT="62"></String>
          </TextLine>

          
          
          <TextLine ID="eSc_line_88f41106"
                    TAGREFS="LT75"
                    BASELINE="249 534 754 523" 
                    HPOS="244"
                    VPOS="478"
                    WIDTH="508"
                    HEIGHT="73">
            <Shape><Polygon POINTS="248 532 244 493 349 478 349 478 351 478 748 482 752 522 750 532 248 551"/></Shape>
	    <String CONTENT="y á D. Diego se lo porta,"
                    HPOS="244"
                    VPOS="478"
                    WIDTH="508"
                    HEIGHT="73"></String>
          </TextLine>

          
          
          <TextLine ID="eSc_line_fa56d2af"
                    TAGREFS="LT75"
                    BASELINE="253 592 712 583" 
                    HPOS="246"
                    VPOS="526"
                    WIDTH="464"
                    HEIGHT="73">
            <Shape><Polygon POINTS="252 591 246 547 271 535 271 535 271 535 273 535 273 535 275 535 593 537 610 526 612 526 612 526 612 526 614 526 614 526 616 526 616 526 706 537 710 581 710 591 252 599"/></Shape>
	    <String CONTENT="el cual habiendo leido"
                    HPOS="246"
                    VPOS="526"
                    WIDTH="464"
                    HEIGHT="73"></String>
          </TextLine>

          
          
          <TextLine ID="eSc_line_7d093d2d"
                    TAGREFS="LT75"
                    BASELINE="246 650 827 641" 
                    HPOS="240"
                    VPOS="578"
                    WIDTH="585"
                    HEIGHT="80">
            <Shape><Polygon POINTS="244 649 240 601 336 601 340 597 355 585 355 585 357 585 357 585 357 585 359 585 359 585 359 585 361 585 453 593 468 593 472 591 491 583 491 583 491 583 493 583 493 583 495 583 495 583 495 583 497 583 524 589 545 595 570 589 599 581 601 581 601 581 604 581 604 581 604 581 606 581 627 587 652 593 681 585 700 578 702 578 702 578 702 578 704 578 704 578 735 583 798 591 815 578 825 639 825 658 244 658"/></Shape>
	    <String CONTENT="lo que las letras mencionan,"
                    HPOS="240"
                    VPOS="578"
                    WIDTH="585"
                    HEIGHT="80"></String>
          </TextLine>

          
          
          <TextLine ID="eSc_line_13858576"
                    TAGREFS="LT75"
                    BASELINE="251 706 723 701" 
                    HPOS="248"
                    VPOS="662"
                    WIDTH="473"
                    HEIGHT="69">
            <Shape><Polygon POINTS="250 704 248 662 716 662 721 700 719 716 482 729 482 731 418 731 415 729 415 729 413 729 413 729 413 729 411 729 411 729 401 718 397 716 330 716 321 718 303 729 303 729 303 729 300 729 300 729 298 729 298 729 298 729 248 718"/></Shape>
	    <String CONTENT="dijo con grande dolor:"
                    HPOS="248"
                    VPOS="662"
                    WIDTH="473"
                    HEIGHT="69"></String>
          </TextLine>

          
          
          <TextLine ID="eSc_line_4c1d6d72"
                    TAGREFS="LT75"
                    BASELINE="252 765 826 756" 
                    HPOS="248"
                    VPOS="714"
                    WIDTH="577"
                    HEIGHT="63">
            <Shape><Polygon POINTS="250 764 248 714 821 714 825 754 825 777 250 777"/></Shape>
	    <String CONTENT="Ya se acabaron mis glorias,"
                    HPOS="248"
                    VPOS="714"
                    WIDTH="577"
                    HEIGHT="63"></String>
          </TextLine>

          
          
          <TextLine ID="eSc_line_71dd5546"
                    TAGREFS="LT75"
                    BASELINE="258 825 875 814" 
                    HPOS="252"
                    VPOS="760"
                    WIDTH="623"
                    HEIGHT="84">
            <Shape><Polygon POINTS="257 823 252 777 867 760 873 813 875 823 852 836 852 836 852 836 850 836 850 836 850 836 848 836 848 836 779 827 779 827 779 827 750 838 750 838 748 838 748 838 746 838 746 838 664 831 639 829 257 844"/></Shape>
	    <String CONTENT="ya no he menester mas galas,"
                    HPOS="252"
                    VPOS="760"
                    WIDTH="623"
                    HEIGHT="84"></String>
          </TextLine>

          
          
          <TextLine ID="eSc_line_b90e66f1"
                    TAGREFS="LT75"
                    BASELINE="258 884 828 874" 
                    HPOS="252"
                    VPOS="817"
                    WIDTH="575"
                    HEIGHT="83">
            <Shape><Polygon POINTS="257 881 252 842 372 827 372 827 374 827 374 827 376 827 376 827 376 827 378 827 395 838 472 821 472 821 472 821 474 821 474 821 535 831 647 819 647 819 650 819 650 819 652 819 693 831 716 817 719 817 719 817 721 817 721 817 721 817 723 817 723 817 823 833 827 873 827 884 257 900"/></Shape>
	    <String CONTENT="ya mis riquezas me sobran,"
                    HPOS="252"
                    VPOS="817"
                    WIDTH="575"
                    HEIGHT="83"></String>
          </TextLine>

          
          
          <TextLine ID="eSc_line_e6f36deb"
                    TAGREFS="LT75"
                    BASELINE="252 943 669 933" 
                    HPOS="244"
                    VPOS="877"
                    WIDTH="424"
                    HEIGHT="86">
            <Shape><Polygon POINTS="250 942 244 900 662 877 668 932 664 953 445 946 418 959 418 959 418 959 415 959 415 959 413 959 413 959 413 959 411 959 411 959 382 948 250 963"/></Shape>
	    <String CONTENT="no sea yo desde hoy"
                    HPOS="244"
                    VPOS="877"
                    WIDTH="424"
                    HEIGHT="86"></String>
          </TextLine>

          
          
          <TextLine ID="eSc_line_732c8e96"
                    TAGREFS="LT75"
                    BASELINE="257 1000 710 991" 
                    HPOS="252"
                    VPOS="938"
                    WIDTH="456"
                    HEIGHT="81">
            <Shape><Polygon POINTS="255 999 252 948 315 957 338 948 355 942 355 942 357 942 357 942 359 942 359 942 359 942 361 942 361 942 378 948 392 955 441 948 537 938 537 938 539 938 539 938 541 938 541 938 574 950 581 953 587 950 608 940 608 940 608 940 610 940 610 940 612 940 612 940 704 953 708 990 708 1005 593 1019 593 1019 591 1019 591 1019 589 1019 589 1019 589 1019 587 1019 572 1009 570 1009 568 1009 539 1019 537 1019 537 1019 537 1019 535 1019 252 1017"/></Shape>
	    <String CONTENT="D. Diego de Peñaloza,"
                    HPOS="252"
                    VPOS="938"
                    WIDTH="456"
                    HEIGHT="81"></String>
          </TextLine>

          
          
          <TextLine ID="eSc_line_bc022e66"
                    TAGREFS="LT75"
                    BASELINE="257 1060 797 1048" 
                    HPOS="250"
                    VPOS="1003"
                    WIDTH="546"
                    HEIGHT="69">
            <Shape><Polygon POINTS="255 1059 250 1009 790 1003 796 1047 794 1072 255 1072"/></Shape>
	    <String CONTENT="si como mi amada prenda"
                    HPOS="250"
                    VPOS="1003"
                    WIDTH="546"
                    HEIGHT="69"></String>
          </TextLine>

          
          
          <TextLine ID="eSc_line_9fa00a14"
                    TAGREFS="LT75"
                    BASELINE="258 1119 718 1109" 
                    HPOS="252"
                    VPOS="1065"
                    WIDTH="464"
                    HEIGHT="63">
            <Shape><Polygon POINTS="257 1118 252 1072 710 1065 716 1107 716 1116 257 1128"/></Shape>
	    <String CONTENT="no parezca primorosa,"
                    HPOS="252"
                    VPOS="1065"
                    WIDTH="464"
                    HEIGHT="63"></String>
          </TextLine>

          
          
          <TextLine ID="eSc_line_d06ffa81"
                    TAGREFS="LT75"
                    BASELINE="258 1175 858 1163" 
                    HPOS="252"
                    VPOS="1105"
                    WIDTH="605"
                    HEIGHT="80">
            <Shape><Polygon POINTS="257 1174 252 1130 372 1113 372 1113 374 1113 374 1113 428 1122 445 1124 449 1122 464 1111 466 1111 466 1111 466 1111 468 1111 468 1111 468 1111 470 1111 470 1111 514 1118 539 1122 551 1118 568 1109 568 1109 570 1109 570 1109 570 1109 572 1109 572 1109 574 1109 597 1116 616 1120 622 1113 627 1109 627 1109 629 1109 629 1109 629 1109 631 1109 631 1109 631 1109 633 1109 670 1111 750 1118 850 1105 857 1162 857 1176 257 1185"/></Shape>
	    <String CONTENT="cuantos fueron causa de ello"
                    HPOS="252"
                    VPOS="1105"
                    WIDTH="605"
                    HEIGHT="80"></String>
          </TextLine>

          
          
          <TextLine ID="eSc_line_2992ce7f"
                    TAGREFS="LT75"
                    BASELINE="260 1233 813 1223" 
                    HPOS="257"
                    VPOS="1180"
                    WIDTH="554"
                    HEIGHT="67">
            <Shape><Polygon POINTS="259 1231 257 1180 806 1182 811 1222 811 1233 315 1247 313 1247 313 1247 257 1237"/></Shape>
	    <String CONTENT="han de morir en deshonra,"
                    HPOS="257"
                    VPOS="1180"
                    WIDTH="554"
                    HEIGHT="67"></String>
          </TextLine>

          
          
          <TextLine ID="eSc_line_776c0d48"
                    TAGREFS="LT75"
                    BASELINE="261 1291 765 1282" 
                    HPOS="252"
                    VPOS="1233"
                    WIDTH="510"
                    HEIGHT="79">
            <Shape><Polygon POINTS="259 1289 252 1251 294 1235 294 1235 296 1235 296 1235 298 1235 298 1235 298 1235 363 1247 378 1235 378 1233 378 1233 380 1233 380 1233 380 1233 382 1233 382 1233 384 1233 758 1243 762 1281 758 1304 683 1293 597 1306 597 1306 595 1306 595 1306 593 1306 593 1306 593 1306 570 1295 541 1306 541 1306 539 1306 539 1306 539 1306 537 1306 418 1297 401 1308 399 1308 399 1308 399 1308 397 1308 397 1308 395 1308 395 1308 300 1299 261 1312"/></Shape>
	    <String CONTENT="y D. Martin el primero,"
                    HPOS="252"
                    VPOS="1233"
                    WIDTH="510"
                    HEIGHT="79"></String>
          </TextLine>

          
          
          <TextLine ID="eSc_line_fb39d28e"
                    TAGREFS="LT75"
                    BASELINE="264 1352 844 1339" 
                    HPOS="257"
                    VPOS="1287"
                    WIDTH="585"
                    HEIGHT="75">
            <Shape><Polygon POINTS="263 1350 257 1312 290 1299 290 1299 292 1299 292 1299 294 1299 451 1306 480 1293 480 1293 482 1293 482 1293 482 1293 484 1293 484 1293 484 1293 487 1293 524 1304 746 1287 748 1287 748 1287 838 1299 842 1337 842 1354 263 1362"/></Shape>
	    <String CONTENT="para que el mundo conozca"
                    HPOS="257"
                    VPOS="1287"
                    WIDTH="585"
                    HEIGHT="75"></String>
          </TextLine>

          
          
          <TextLine ID="eSc_line_ee63c57a"
                    TAGREFS="LT75"
                    BASELINE="266 1403 838 1396" 
                    HPOS="257"
                    VPOS="1345"
                    WIDTH="579"
                    HEIGHT="69">
            <Shape><Polygon POINTS="265 1402 257 1366 273 1352 273 1352 273 1352 275 1352 275 1352 275 1352 278 1352 278 1352 280 1352 280 1352 382 1362 399 1350 399 1350 401 1350 401 1350 401 1350 403 1350 403 1350 403 1350 405 1350 543 1360 762 1345 765 1345 765 1345 765 1345 831 1358 836 1394 836 1410 265 1414"/></Shape>
	    <String CONTENT="de un fino amante el valor,"
                    HPOS="257"
                    VPOS="1345"
                    WIDTH="579"
                    HEIGHT="69"></String>
          </TextLine>

          
          
          <TextLine ID="eSc_line_eff34065"
                    TAGREFS="LT75"
                    BASELINE="267 1461 794 1456" 
                    HPOS="261"
                    VPOS="1408"
                    WIDTH="531"
                    HEIGHT="71">
            <Shape><Polygon POINTS="265 1460 261 1423 476 1408 478 1408 788 1417 792 1454 792 1465 614 1479 612 1479 263 1471"/></Shape>
	    <String CONTENT="que justa venganza toma."
                    HPOS="261"
                    VPOS="1408"
                    WIDTH="531"
                    HEIGHT="71"></String>
          </TextLine>

          
          
          <TextLine ID="eSc_line_de21b58a"
                    TAGREFS="LT75"
                    BASELINE="269 1524 668 1515" 
                    HPOS="257"
                    VPOS="1463"
                    WIDTH="409"
                    HEIGHT="81">
            <Shape><Polygon POINTS="267 1523 257 1485 269 1471 271 1471 271 1469 271 1469 273 1469 273 1469 273 1469 275 1469 275 1469 278 1469 278 1469 380 1479 426 1465 428 1465 428 1465 428 1465 430 1465 430 1465 430 1465 432 1465 474 1477 512 1463 512 1463 514 1463 514 1463 514 1463 516 1463 662 1475 666 1513 662 1534 363 1531 351 1542 351 1542 351 1542 349 1542 349 1542 349 1542 346 1542 346 1542 346 1544 267 1544"/></Shape>
	    <String CONTENT="Esto dijo valoroso,"
                    HPOS="257"
                    VPOS="1463"
                    WIDTH="409"
                    HEIGHT="81"></String>
          </TextLine>

          
          
          <TextLine ID="eSc_line_89523ee3"
                    TAGREFS="LT75"
                    BASELINE="273 1583 737 1571" 
                    HPOS="267"
                    VPOS="1529"
                    WIDTH="475"
                    HEIGHT="69">
            <Shape><Polygon POINTS="271 1582 267 1542 729 1529 735 1569 742 1575 731 1588 729 1588 729 1590 729 1590 727 1590 727 1590 727 1590 725 1590 725 1590 725 1590 723 1590 604 1584 271 1598"/></Shape>
	    <String CONTENT="y mudándose de ropa,"
                    HPOS="267"
                    VPOS="1529"
                    WIDTH="475"
                    HEIGHT="69"></String>
          </TextLine>

          
          
          <TextLine ID="eSc_line_5224370a"
                    TAGREFS="LT75"
                    BASELINE="274 1638 894 1627" 
                    HPOS="269"
                    VPOS="1575"
                    WIDTH="623"
                    HEIGHT="84">
            <Shape><Polygon POINTS="273 1636 269 1594 497 1592 497 1590 526 1580 526 1580 528 1580 528 1580 530 1580 530 1580 629 1590 637 1590 637 1590 645 1580 647 1580 647 1577 647 1577 650 1577 650 1577 652 1577 652 1577 652 1577 654 1577 654 1577 729 1588 729 1588 731 1588 811 1575 811 1575 813 1575 813 1575 888 1588 892 1626 890 1638 641 1653 639 1653 518 1651 309 1649 275 1659"/></Shape>
	    <String CONTENT="toma un trabuco, y un frasco,"
                    HPOS="269"
                    VPOS="1575"
                    WIDTH="623"
                    HEIGHT="84"></String>
          </TextLine>

          
          
          <TextLine ID="eSc_line_1792c28f"
                    TAGREFS="LT75"
                    BASELINE="270 1696 810 1687" 
                    HPOS="263"
                    VPOS="1642"
                    WIDTH="545"
                    HEIGHT="69">
            <Shape><Polygon POINTS="269 1694 263 1651 802 1642 808 1686 808 1697 269 1711"/></Shape>
	    <String CONTENT="y tambien cuatro pistolas,"
                    HPOS="263"
                    VPOS="1642"
                    WIDTH="545"
                    HEIGHT="69"></String>
          </TextLine>

          
          
          <TextLine ID="eSc_line_06c4cec7"
                    TAGREFS="LT75"
                    BASELINE="271 1756 806 1743" 
                    HPOS="261"
                    VPOS="1692"
                    WIDTH="543"
                    HEIGHT="80">
            <Shape><Polygon POINTS="269 1755 261 1715 280 1703 282 1703 282 1703 282 1703 284 1703 284 1703 286 1703 568 1705 650 1692 650 1692 652 1692 800 1701 804 1740 804 1751 269 1772"/></Shape>
	    <String CONTENT="y con grande sentimiento"
                    HPOS="261"
                    VPOS="1692"
                    WIDTH="543"
                    HEIGHT="80"></String>
          </TextLine>

          
          
          <TextLine ID="eSc_line_5cd4cd85"
                    TAGREFS="LT75"
                    BASELINE="267 1814 898 1801" 
                    HPOS="259"
                    VPOS="1747"
                    WIDTH="637"
                    HEIGHT="77">
            <Shape><Polygon POINTS="265 1812 259 1768 457 1749 457 1749 459 1749 459 1749 461 1749 512 1761 514 1761 516 1761 556 1747 556 1747 558 1747 558 1747 560 1747 892 1755 896 1799 896 1816 265 1824"/></Shape>
	    <String CONTENT="dijo: A Dios, Madre y Señora,"
                    HPOS="259"
                    VPOS="1747"
                    WIDTH="637"
                    HEIGHT="77"></String>
          </TextLine>

          
          
          <TextLine ID="eSc_line_c629a452"
                    TAGREFS="LT75"
                    BASELINE="267 1871 907 1860" 
                    HPOS="263"
                    VPOS="1805"
                    WIDTH="642"
                    HEIGHT="86">
            <Shape><Polygon POINTS="265 1870 263 1818 380 1824 395 1814 395 1814 395 1814 397 1814 397 1814 397 1814 399 1814 399 1814 401 1814 401 1814 411 1814 484 1822 898 1805 905 1858 905 1878 719 1883 716 1883 716 1883 714 1883 700 1878 673 1872 662 1878 658 1885 658 1885 656 1885 656 1885 656 1885 654 1885 654 1885 654 1885 652 1885 652 1885 618 1878 585 1874 545 1878 476 1889 476 1889 474 1889 474 1889 474 1889 424 1878 407 1876 388 1878 330 1891 330 1891 330 1891 328 1891 328 1891 326 1891 326 1891 326 1891 323 1891 323 1891 311 1878 309 1878 265 1878"/></Shape>
	    <String CONTENT="á Dios hermanos y hermanas,"
                    HPOS="263"
                    VPOS="1805"
                    WIDTH="642"
                    HEIGHT="86"></String>
          </TextLine>

          
          
          <TextLine ID="eSc_line_4d05a2e6"
                    TAGREFS="LT75"
                    BASELINE="276 1927 841 1919" 
                    HPOS="267"
                    VPOS="1864"
                    WIDTH="573"
                    HEIGHT="73">
            <Shape><Polygon POINTS="275 1926 267 1885 286 1870 286 1870 288 1870 288 1870 288 1870 290 1870 290 1870 292 1870 292 1870 409 1881 455 1868 457 1868 457 1868 459 1868 459 1868 551 1878 595 1866 597 1866 597 1866 597 1866 599 1866 599 1866 681 1876 765 1864 765 1864 767 1864 767 1864 767 1864 836 1876 840 1918 838 1937 275 1937"/></Shape>
	    <String CONTENT="á Dios mis doncellas todas,"
                    HPOS="267"
                    VPOS="1864"
                    WIDTH="573"
                    HEIGHT="73"></String>
          </TextLine>

          
          
          <TextLine ID="eSc_line_bbb84ece"
                    TAGREFS="LT75"
                    BASELINE="277 1985 827 1976" 
                    HPOS="271"
                    VPOS="1922"
                    WIDTH="554"
                    HEIGHT="71">
            <Shape><Polygon POINTS="275 1983 271 1943 330 1929 330 1929 330 1929 332 1929 332 1929 405 1939 430 1926 430 1926 430 1926 432 1926 432 1926 434 1926 434 1926 535 1937 543 1926 545 1926 545 1924 545 1924 547 1924 547 1924 547 1924 549 1924 549 1924 551 1924 551 1924 551 1924 553 1924 553 1924 556 1924 574 1937 677 1937 700 1922 702 1922 702 1922 704 1922 704 1922 706 1922 706 1922 821 1935 825 1975 825 1985 275 1993"/></Shape>
	    <String CONTENT="á Dios parientes y amigos,"
                    HPOS="271"
                    VPOS="1922"
                    WIDTH="554"
                    HEIGHT="71"></String>
          </TextLine>

          
          
          <TextLine ID="eSc_line_a26de058"
                    TAGREFS="LT75"
                    BASELINE="282 2041 765 2035" 
                    HPOS="278"
                    VPOS="1993"
                    WIDTH="484"
                    HEIGHT="57">
            <Shape><Polygon POINTS="280 2039 278 1993 758 1993 762 2033 762 2046 280 2050"/></Shape>
	    <String CONTENT="á Dios Reyna poderosa,"
                    HPOS="278"
                    VPOS="1993"
                    WIDTH="484"
                    HEIGHT="57"></String>
          </TextLine>

          
          
          <TextLine ID="eSc_line_cc8cf751"
                    TAGREFS="LT75"
                    BASELINE="288 2100 767 2092" 
                    HPOS="280"
                    VPOS="2037"
                    WIDTH="485"
                    HEIGHT="71">
            <Shape><Polygon POINTS="286 2098 280 2058 311 2046 311 2046 313 2046 313 2046 313 2046 315 2046 418 2052 434 2041 436 2041 436 2041 436 2041 438 2041 438 2041 438 2041 441 2041 441 2041 443 2041 484 2052 518 2039 518 2039 520 2039 520 2039 522 2039 522 2039 522 2039 524 2039 524 2039 549 2052 622 2052 650 2037 650 2037 650 2037 652 2037 652 2037 654 2037 654 2037 760 2050 765 2090 765 2108 286 2108"/></Shape>
	    <String CONTENT="virgen Santa del Pilar,"
                    HPOS="280"
                    VPOS="2037"
                    WIDTH="485"
                    HEIGHT="71"></String>
          </TextLine>

          
          
          <TextLine ID="eSc_line_3f97dac6"
                    TAGREFS="LT75"
                    BASELINE="283 2160 705 2152" 
                    HPOS="275"
                    VPOS="2100"
                    WIDTH="429"
                    HEIGHT="75">
            <Shape><Polygon POINTS="282 2158 275 2119 418 2104 418 2104 420 2104 420 2104 476 2115 484 2115 489 2115 520 2102 520 2102 522 2102 522 2102 524 2102 524 2102 524 2102 576 2112 583 2112 583 2112 597 2100 597 2100 599 2100 599 2100 599 2100 601 2100 601 2100 604 2100 604 2100 700 2110 704 2150 704 2158 282 2175"/></Shape>
	    <String CONTENT="Abogada, protectora"
                    HPOS="275"
                    VPOS="2100"
                    WIDTH="429"
                    HEIGHT="75"></String>
          </TextLine>

          
          
          <TextLine ID="eSc_line_89577a08"
                    TAGREFS="LT75"
                    BASELINE="288 2217 776 2208" 
                    HPOS="284"
                    VPOS="2169"
                    WIDTH="491"
                    HEIGHT="61">
            <Shape><Polygon POINTS="286 2215 284 2169 771 2169 775 2207 773 2223 286 2230"/></Shape>
	    <String CONTENT="de todos los pecadores,"
                    HPOS="284"
                    VPOS="2169"
                    WIDTH="491"
                    HEIGHT="61"></String>
          </TextLine>

          
          
          <TextLine ID="eSc_line_b3ef7ec1"
                    TAGREFS="LT75"
                    BASELINE="287 2275 792 2267" 
                    HPOS="282"
                    VPOS="2215"
                    WIDTH="508"
                    HEIGHT="77">
            <Shape><Polygon POINTS="286 2273 282 2236 409 2219 409 2219 411 2219 551 2227 614 2217 614 2217 616 2217 616 2217 616 2217 618 2217 654 2227 702 2215 704 2215 704 2215 706 2215 706 2215 785 2227 790 2265 790 2284 286 2292"/></Shape>
	    <String CONTENT="que aflígidos os invocan,"
                    HPOS="282"
                    VPOS="2215"
                    WIDTH="508"
                    HEIGHT="77"></String>
          </TextLine>

          
          
          <TextLine ID="eSc_line_7fee28e4"
                    TAGREFS="LT75"
                    BASELINE="287 2341 802 2335" 
                    HPOS="284"
                    VPOS="2273"
                    WIDTH="516"
                    HEIGHT="82">
            <Shape><Polygon POINTS="286 2340 284 2282 380 2292 449 2282 499 2276 499 2276 501 2276 501 2276 501 2276 503 2276 503 2276 503 2276 518 2284 530 2290 553 2284 581 2276 583 2276 583 2276 583 2276 585 2276 585 2276 587 2276 587 2276 610 2284 627 2290 675 2284 769 2273 769 2273 771 2273 771 2273 773 2273 773 2273 773 2273 798 2286 800 2334 798 2355 284 2351"/></Shape>
	    <String CONTENT="en vuestro nombre fiado"
                    HPOS="284"
                    VPOS="2273"
                    WIDTH="516"
                    HEIGHT="82"></String>
          </TextLine>

          
        </TextBlock>
        
        <TextBlock HPOS="940"
                   VPOS="171"
                   WIDTH="713"
                   HEIGHT="2210"
                   ID="eSc_textblock_767ae556"
                   TAGREFS="BT205">
          <Shape><Polygon POINTS="940 182 962 2381 1653 2339 1624 171"/></Shape>
          
          
          <TextLine ID="eSc_line_bc763066"
                    TAGREFS="LT75"
                    BASELINE="967 225 1435 217" 
                    HPOS="961"
                    VPOS="171"
                    WIDTH="472"
                    HEIGHT="67">
            <Shape><Polygon POINTS="965 223 961 179 1427 171 1433 215 1433 236 965 238"/></Shape>
	    <String CONTENT="hoy salgo de Zaragoza,"
                    HPOS="961"
                    VPOS="171"
                    WIDTH="472"
                    HEIGHT="67"></String>
          </TextLine>

          
          
          <TextLine ID="eSc_line_83e42d9e"
                    TAGREFS="LT75"
                    BASELINE="970 286 1603 276" 
                    HPOS="963"
                    VPOS="215"
                    WIDTH="638"
                    HEIGHT="98">
            <Shape><Polygon POINTS="969 284 963 242 1003 229 1005 229 1005 229 1005 229 1007 229 1139 234 1214 236 1245 229 1275 223 1275 223 1275 223 1277 223 1277 223 1304 227 1329 229 1335 225 1348 217 1350 217 1350 217 1350 217 1352 217 1352 217 1354 217 1354 217 1354 217 1356 217 1377 223 1394 227 1594 215 1601 275 1599 305 1293 290 1277 307 1277 307 1277 309 1277 309 1275 309 1275 309 1272 309 1272 309 1272 309 1270 309 1270 309 1270 309 1268 309 1268 309 1231 292 1164 292 1130 311 1128 311 1128 311 1126 311 1126 311 1126 311 1126 311 1124 311 1124 311 1124 311 1124 311 1122 311 1084 300 969 313"/></Shape>
	    <String CONTENT="y he de conseguir mi empresa,"
                    HPOS="963"
                    VPOS="215"
                    WIDTH="638"
                    HEIGHT="98"></String>
          </TextLine>

          
          
          <TextLine ID="eSc_line_71e23ccf"
                    TAGREFS="LT75"
                    BASELINE="960 345 1447 338" 
                    HPOS="951"
                    VPOS="282"
                    WIDTH="495"
                    HEIGHT="77">
            <Shape><Polygon POINTS="959 344 951 305 982 288 982 288 982 288 984 288 984 288 984 288 986 288 986 288 988 288 1045 303 1045 303 1045 303 1072 286 1074 286 1074 286 1076 286 1076 286 1076 286 1078 286 1078 286 1080 286 1080 286 1080 286 1082 286 1105 300 1147 288 1149 288 1149 288 1151 288 1151 288 1258 298 1262 298 1264 298 1316 282 1318 282 1318 282 1318 282 1321 282 1321 282 1323 282 1323 282 1364 296 1367 296 1440 296 1446 336 1442 359 1241 349 959 359"/></Shape>
	    <String CONTENT="siendo vos mi valedora."
                    HPOS="951"
                    VPOS="282"
                    WIDTH="495"
                    HEIGHT="77"></String>
          </TextLine>

          
          
          <TextLine ID="eSc_line_2e464778"
                    TAGREFS="LT75"
                    BASELINE="967 402 1566 394" 
                    HPOS="961"
                    VPOS="344"
                    WIDTH="604"
                    HEIGHT="82">
            <Shape><Polygon POINTS="965 401 961 357 1164 346 1166 346 1166 346 1235 355 1256 357 1268 355 1316 344 1316 344 1316 344 1318 344 1318 344 1318 344 1321 344 1354 355 1358 355 1371 355 1484 344 1486 344 1486 344 1561 355 1565 392 1561 420 1417 411 1279 424 1262 424 1260 424 1222 424 978 418 971 426"/></Shape>
	    <String CONTENT="Y entrándose por los montes,"
                    HPOS="961"
                    VPOS="344"
                    WIDTH="604"
                    HEIGHT="82"></String>
          </TextLine>

          
          
          <TextLine ID="eSc_line_eea3f265"
                    TAGREFS="LT75"
                    BASELINE="965 461 1493 453" 
                    HPOS="959"
                    VPOS="403"
                    WIDTH="533"
                    HEIGHT="69">
            <Shape><Polygon POINTS="963 459 959 420 1486 403 1492 451 1490 470 963 472"/></Shape>
	    <String CONTENT="en la espesura se engolfa:"
                    HPOS="959"
                    VPOS="403"
                    WIDTH="533"
                    HEIGHT="69"></String>
          </TextLine>

          
          
          <TextLine ID="eSc_line_edebd7d8"
                    TAGREFS="LT75"
                    BASELINE="971 518 1476 512" 
                    HPOS="965"
                    VPOS="468"
                    WIDTH="510"
                    HEIGHT="58">
            <Shape><Polygon POINTS="969 516 965 474 1469 468 1475 509 1475 524 969 526"/></Shape>
	    <String CONTENT="registrando sus malezas,"
                    HPOS="965"
                    VPOS="468"
                    WIDTH="510"
                    HEIGHT="58"></String>
          </TextLine>

          
          
          <TextLine ID="eSc_line_ff31e745"
                    TAGREFS="LT75"
                    BASELINE="968 574 1462 572" 
                    HPOS="963"
                    VPOS="516"
                    WIDTH="498"
                    HEIGHT="75">
            <Shape><Polygon POINTS="967 572 963 526 1454 516 1461 570 1458 581 967 591"/></Shape>
	    <String CONTENT="y á poco trecho se topa"
                    HPOS="963"
                    VPOS="516"
                    WIDTH="498"
                    HEIGHT="75"></String>
          </TextLine>

          
          
          <TextLine ID="eSc_line_4dea6cba"
                    TAGREFS="LT75"
                    BASELINE="970 633 1551 631" 
                    HPOS="965"
                    VPOS="574"
                    WIDTH="585"
                    HEIGHT="84">
            <Shape><Polygon POINTS="969 631 965 593 1070 578 1070 578 1072 578 1072 578 1074 578 1074 578 1074 578 1076 578 1091 589 1120 574 1120 574 1120 574 1122 574 1122 574 1124 574 1235 574 1235 574 1235 574 1237 574 1237 574 1237 574 1239 574 1239 574 1239 576 1254 591 1260 591 1310 591 1310 589 1325 576 1325 574 1325 574 1327 574 1327 574 1327 574 1329 574 1329 574 1331 574 1392 576 1392 576 1392 576 1394 576 1394 576 1394 576 1396 576 1396 576 1396 578 1408 589 1408 589 1544 589 1550 629 1548 658 1475 658 1473 656 1473 656 1473 656 1471 656 1471 656 1471 656 1469 656 1469 656 1454 643 1410 656 1408 656 1408 656 1408 656 1408 658 1266 658 1264 656 1264 656 1264 656 1262 656 1262 656 1262 656 1260 656 1239 643 1141 643 1101 656 1101 656 1099 656 1099 656 1099 656 1097 656 1097 656 1095 656 1017 643 971 656"/></Shape>
	    <String CONTENT="con D. Martin, y al instante"
                    HPOS="965"
                    VPOS="574"
                    WIDTH="585"
                    HEIGHT="84"></String>
          </TextLine>

          
          
          <TextLine ID="eSc_line_b1b03b39"
                    TAGREFS="LT75"
                    BASELINE="970 693 1427 688" 
                    HPOS="965"
                    VPOS="647"
                    WIDTH="460"
                    HEIGHT="57">
            <Shape><Polygon POINTS="969 691 965 652 1419 647 1425 687 1423 704 969 704"/></Shape>
	    <String CONTENT="le disparó una pistola"
                    HPOS="965"
                    VPOS="647"
                    WIDTH="460"
                    HEIGHT="57"></String>
          </TextLine>

          
          
          <TextLine ID="eSc_line_6b387378"
                    TAGREFS="LT75"
                    BASELINE="974 749 1502 747" 
                    HPOS="963"
                    VPOS="695"
                    WIDTH="537"
                    HEIGHT="65">
            <Shape><Polygon POINTS="971 748 963 708 984 695 986 695 986 695 986 695 988 695 988 695 990 695 1496 706 1500 746 1496 760 969 758"/></Shape>
	    <String CONTENT="con dos encendidas balas"
                    HPOS="963"
                    VPOS="695"
                    WIDTH="537"
                    HEIGHT="65"></String>
          </TextLine>

          
          
          <TextLine ID="eSc_line_70ab4ce0"
                    TAGREFS="LT75"
                    BASELINE="976 811 1552 805" 
                    HPOS="971"
                    VPOS="748"
                    WIDTH="579"
                    HEIGHT="73">
            <Shape><Polygon POINTS="974 810 971 760 1298 760 1304 758 1354 748 1354 748 1354 748 1356 748 1546 758 1550 804 1550 821 974 821"/></Shape>
	    <String CONTENT="le entró el tiro por la boca,"
                    HPOS="971"
                    VPOS="748"
                    WIDTH="579"
                    HEIGHT="73"></String>
          </TextLine>

          
          
          <TextLine ID="eSc_line_aac94ab9"
                    TAGREFS="LT75"
                    BASELINE="971 867 1468 865" 
                    HPOS="965"
                    VPOS="813"
                    WIDTH="502"
                    HEIGHT="71">
            <Shape><Polygon POINTS="969 865 965 821 1461 813 1467 863 1465 881 969 884"/></Shape>
	    <String CONTENT="y allí se lo dejó muerto"
                    HPOS="965"
                    VPOS="813"
                    WIDTH="502"
                    HEIGHT="71"></String>
          </TextLine>

          
          
          <TextLine ID="eSc_line_a9a2b2bc"
                    TAGREFS="LT75"
                    BASELINE="974 927 1552 924" 
                    HPOS="965"
                    VPOS="869"
                    WIDTH="588"
                    HEIGHT="84">
            <Shape><Polygon POINTS="971 925 965 888 1026 869 1028 869 1028 869 1028 869 1030 869 1030 869 1032 869 1032 869 1032 869 1034 869 1051 881 1063 869 1063 869 1066 869 1066 869 1066 869 1068 869 1068 869 1068 869 1070 869 1070 869 1160 884 1456 869 1458 869 1458 869 1458 869 1461 869 1461 869 1463 869 1463 869 1463 869 1477 884 1546 886 1550 923 1553 934 1504 950 1502 950 1502 950 1502 953 1321 953 1318 950 1318 950 1316 950 1316 950 1316 950 1314 950 1314 948 1300 938 1283 950 1283 950 1281 950 1281 950 1279 950 1279 950 1279 950 1277 950 1277 950 1275 950 1275 950 1235 936 1105 948 1105 948 1103 948 1103 948 1101 948 1101 948 1101 948 1099 948 1099 948 1084 936 971 936"/></Shape>
	    <String CONTENT="sobre las verdes alfombras,"
                    HPOS="965"
                    VPOS="869"
                    WIDTH="588"
                    HEIGHT="84"></String>
          </TextLine>

          
          
          <TextLine ID="eSc_line_c9046963"
                    TAGREFS="LT75"
                    BASELINE="976 987 1386 981" 
                    HPOS="969"
                    VPOS="940"
                    WIDTH="416"
                    HEIGHT="63">
            <Shape><Polygon POINTS="974 986 969 946 1379 940 1385 980 1381 1003 971 999"/></Shape>
	    <String CONTENT="sin ser oido ni visto"
                    HPOS="969"
                    VPOS="940"
                    WIDTH="416"
                    HEIGHT="63"></String>
          </TextLine>

          
          
          <TextLine ID="eSc_line_b43d7aa7"
                    TAGREFS="LT75"
                    BASELINE="980 1045 1490 1040" 
                    HPOS="976"
                    VPOS="994"
                    WIDTH="512"
                    HEIGHT="61">
            <Shape><Polygon POINTS="978 1045 976 994 1484 996 1488 1038 1486 1049 978 1055"/></Shape>
	    <String CONTENT="de ninguno de su tropa."
                    HPOS="976"
                    VPOS="994"
                    WIDTH="512"
                    HEIGHT="61"></String>
          </TextLine>

          
          
          <TextLine ID="eSc_line_ce4de55b"
                    TAGREFS="LT75"
                    BASELINE="983 1103 1398 1099" 
                    HPOS="980"
                    VPOS="1047"
                    WIDTH="416"
                    HEIGHT="71">
            <Shape><Polygon POINTS="982 1101 980 1057 1061 1059 1068 1057 1082 1049 1082 1049 1082 1049 1084 1049 1084 1049 1086 1049 1086 1049 1086 1049 1130 1057 1147 1059 1164 1057 1235 1047 1235 1047 1237 1047 1237 1047 1239 1047 1283 1057 1285 1057 1285 1057 1329 1047 1331 1047 1331 1047 1333 1047 1333 1047 1333 1047 1392 1059 1396 1097 1396 1113 982 1118"/></Shape>
	    <String CONTENT="En esta sazon serian"
                    HPOS="980"
                    VPOS="1047"
                    WIDTH="416"
                    HEIGHT="71"></String>
          </TextLine>

          
          
          <TextLine ID="eSc_line_60984df6"
                    TAGREFS="LT75"
                    BASELINE="987 1162 1507 1158" 
                    HPOS="984"
                    VPOS="1093"
                    WIDTH="520"
                    HEIGHT="85">
            <Shape><Polygon POINTS="986 1159 984 1111 1139 1111 1145 1105 1153 1097 1153 1097 1155 1097 1155 1097 1155 1097 1158 1097 1158 1097 1158 1097 1160 1097 1160 1097 1162 1097 1162 1097 1162 1097 1176 1103 1189 1109 1208 1103 1218 1099 1218 1099 1220 1099 1220 1099 1222 1099 1222 1099 1224 1099 1235 1101 1258 1107 1270 1099 1279 1095 1281 1095 1281 1095 1283 1095 1283 1095 1283 1095 1285 1095 1285 1095 1287 1095 1287 1095 1287 1095 1295 1099 1310 1107 1321 1099 1321 1097 1321 1097 1323 1097 1323 1097 1323 1097 1325 1097 1325 1097 1325 1097 1327 1097 1327 1097 1337 1097 1387 1105 1398 1095 1400 1095 1400 1093 1400 1093 1402 1093 1402 1093 1402 1093 1404 1093 1404 1093 1406 1093 1500 1093 1504 1157 1502 1168 986 1178"/></Shape>
	    <String CONTENT="de la larde las seis horas,"
                    HPOS="984"
                    VPOS="1093"
                    WIDTH="520"
                    HEIGHT="85"></String>
          </TextLine>

          
          
          <TextLine ID="eSc_line_0715ec43"
                    TAGREFS="LT75"
                    BASELINE="981 1219 1425 1216" 
                    HPOS="974"
                    VPOS="1162"
                    WIDTH="449"
                    HEIGHT="66">
            <Shape><Polygon POINTS="980 1218 974 1178 1007 1164 1007 1164 1009 1164 1009 1164 1011 1164 1011 1164 1011 1164 1068 1174 1176 1164 1176 1164 1178 1164 1178 1164 1180 1164 1180 1164 1180 1164 1183 1164 1197 1174 1229 1162 1229 1162 1231 1162 1231 1162 1231 1162 1233 1162 1233 1162 1312 1172 1383 1162 1383 1162 1385 1162 1385 1162 1385 1162 1387 1162 1421 1174 1423 1214 1421 1224 980 1228"/></Shape>
	    <String CONTENT="y el sol iba retirando"
                    HPOS="974"
                    VPOS="1162"
                    WIDTH="449"
                    HEIGHT="66"></String>
          </TextLine>

          
          
          <TextLine ID="eSc_line_d7130992"
                    TAGREFS="LT75"
                    BASELINE="980 1279 1522 1272" 
                    HPOS="971"
                    VPOS="1224"
                    WIDTH="550"
                    HEIGHT="73">
            <Shape><Polygon POINTS="978 1276 971 1235 1515 1224 1521 1270 1521 1285 1298 1295 1295 1295 1295 1295 1293 1295 1256 1285 1247 1285 1235 1285 1149 1297 1149 1297 1147 1297 976 1285"/></Shape>
	    <String CONTENT="al Occidente su antorcha,"
                    HPOS="971"
                    VPOS="1224"
                    WIDTH="550"
                    HEIGHT="73"></String>
          </TextLine>

          
          
          <TextLine ID="eSc_line_21b62672"
                    TAGREFS="LT75"
                    BASELINE="983 1335 1504 1332" 
                    HPOS="978"
                    VPOS="1281"
                    WIDTH="524"
                    HEIGHT="67">
            <Shape><Polygon POINTS="982 1333 978 1293 1032 1281 1032 1281 1034 1281 1498 1287 1502 1331 1500 1348 982 1348"/></Shape>
	    <String CONTENT="cuando oyó suaves voces"
                    HPOS="978"
                    VPOS="1281"
                    WIDTH="524"
                    HEIGHT="67"></String>
          </TextLine>

          
          
          <TextLine ID="eSc_line_96390160"
                    TAGREFS="LT75"
                    BASELINE="990 1391 1475 1391" 
                    HPOS="986"
                    VPOS="1341"
                    WIDTH="487"
                    HEIGHT="63">
            <Shape><Polygon POINTS="988 1389 988 1341 1473 1352 1473 1389 1471 1404 986 1402"/></Shape>
	    <String CONTENT="tan sentidas y quejosas,"
                    HPOS="986"
                    VPOS="1341"
                    WIDTH="487"
                    HEIGHT="63"></String>
          </TextLine>

          
          
          <TextLine ID="eSc_line_9b2d41a6"
                    TAGREFS="LT75"
                    BASELINE="994 1453 1458 1449" 
                    HPOS="988"
                    VPOS="1408"
                    WIDTH="468"
                    HEIGHT="65">
            <Shape><Polygon POINTS="992 1452 988 1412 1450 1408 1456 1448 1452 1471 1341 1460 1266 1469 1222 1473 1222 1473 1220 1473 990 1463"/></Shape>
	    <String CONTENT="tan tristes y delicadas,"
                    HPOS="988"
                    VPOS="1408"
                    WIDTH="468"
                    HEIGHT="65"></String>
          </TextLine>

          
          
          <TextLine ID="eSc_line_b63392c0"
                    TAGREFS="LT75"
                    BASELINE="993 1515 1587 1506" 
                    HPOS="988"
                    VPOS="1456"
                    WIDTH="598"
                    HEIGHT="75">
            <Shape><Polygon POINTS="992 1513 988 1471 1145 1456 1147 1456 1582 1460 1586 1504 1586 1515 1139 1531 1137 1531 990 1521"/></Shape>
	    <String CONTENT="que el corazón le aprisionan;"
                    HPOS="988"
                    VPOS="1456"
                    WIDTH="598"
                    HEIGHT="75"></String>
          </TextLine>

          
          
          <TextLine ID="eSc_line_ddb593c1"
                    TAGREFS="LT75"
                    BASELINE="992 1569 1497 1567" 
                    HPOS="986"
                    VPOS="1515"
                    WIDTH="510"
                    HEIGHT="71">
            <Shape><Polygon POINTS="990 1567 986 1529 1068 1515 1068 1515 1070 1515 1492 1527 1496 1565 1496 1586 990 1586"/></Shape>
	    <String CONTENT="que decian: Virgen pura"
                    HPOS="986"
                    VPOS="1515"
                    WIDTH="510"
                    HEIGHT="71"></String>
          </TextLine>

          
          
          <TextLine ID="eSc_line_f4472c9e"
                    TAGREFS="LT75"
                    BASELINE="1002 1628 1453 1625" 
                    HPOS="994"
                    VPOS="1571"
                    WIDTH="458"
                    HEIGHT="73">
            <Shape><Polygon POINTS="1001 1626 994 1586 1036 1571 1038 1571 1038 1571 1038 1571 1040 1571 1448 1584 1452 1623 1450 1640 1001 1644"/></Shape>
	    <String CONTENT="del Pilar de Zaragoza,"
                    HPOS="994"
                    VPOS="1571"
                    WIDTH="458"
                    HEIGHT="73"></String>
          </TextLine>

          
          
          <TextLine ID="eSc_line_34bec1f5"
                    TAGREFS="LT75"
                    BASELINE="997 1689 1579 1684" 
                    HPOS="992"
                    VPOS="1630"
                    WIDTH="586"
                    HEIGHT="79">
            <Shape><Polygon POINTS="994 1688 992 1642 1122 1644 1132 1642 1151 1634 1151 1634 1153 1634 1153 1634 1155 1634 1155 1634 1155 1634 1158 1634 1158 1634 1158 1634 1160 1634 1160 1634 1168 1642 1170 1644 1172 1642 1187 1632 1189 1632 1189 1632 1189 1632 1191 1632 1191 1632 1193 1632 1264 1632 1264 1632 1264 1632 1316 1642 1325 1642 1327 1642 1341 1632 1344 1632 1344 1632 1346 1632 1346 1632 1346 1632 1348 1632 1348 1632 1350 1632 1350 1632 1375 1642 1379 1642 1381 1642 1413 1630 1413 1630 1415 1630 1415 1630 1415 1630 1417 1630 1573 1642 1578 1682 1576 1694 994 1709"/></Shape>
	    <String CONTENT="pues sois Madre de afligidos,"
                    HPOS="992"
                    VPOS="1630"
                    WIDTH="586"
                    HEIGHT="79"></String>
          </TextLine>

          
          
          <TextLine ID="eSc_line_bd40ed84"
                    TAGREFS="LT75"
                    BASELINE="995 1745 1479 1740" 
                    HPOS="992"
                    VPOS="1694"
                    WIDTH="485"
                    HEIGHT="72">
            <Shape><Polygon POINTS="994 1743 992 1694 1473 1699 1477 1738 1475 1751 1074 1763 1072 1763 1072 1763 1070 1763 1070 1763 1028 1753 997 1766"/></Shape>
	    <String CONTENT="de tristes consoladora,"
                    HPOS="992"
                    VPOS="1694"
                    WIDTH="485"
                    HEIGHT="72"></String>
          </TextLine>

          
          
          <TextLine ID="eSc_line_e00b838a"
                    TAGREFS="LT75"
                    BASELINE="998 1803 1511 1797" 
                    HPOS="994"
                    VPOS="1747"
                    WIDTH="515"
                    HEIGHT="75">
            <Shape><Polygon POINTS="997 1801 994 1755 1101 1761 1114 1755 1122 1751 1122 1751 1122 1751 1124 1751 1124 1751 1124 1751 1126 1751 1126 1751 1128 1751 1128 1751 1128 1751 1130 1751 1137 1755 1147 1761 1174 1755 1208 1749 1208 1749 1208 1749 1210 1749 1210 1749 1249 1757 1270 1759 1298 1757 1379 1747 1379 1747 1381 1747 1381 1747 1383 1747 1383 1747 1383 1747 1385 1747 1400 1757 1402 1759 1504 1759 1509 1795 1509 1807 1237 1820 1235 1820 1235 1820 1176 1812 1174 1812 1172 1812 1139 1822 1137 1822 1137 1822 1137 1822 1135 1822 994 1812"/></Shape>
	    <String CONTENT="amparadme, madre nña,"
                    HPOS="994"
                    VPOS="1747"
                    WIDTH="515"
                    HEIGHT="75"></String>
          </TextLine>

          
          
          <TextLine ID="eSc_line_1e929cc6"
                    TAGREFS="LT75"
                    BASELINE="1000 1860 1429 1855" 
                    HPOS="992"
                    VPOS="1803"
                    WIDTH="435"
                    HEIGHT="71">
            <Shape><Polygon POINTS="999 1858 992 1822 1022 1805 1022 1805 1022 1805 1024 1805 1024 1805 1024 1805 1026 1805 1026 1805 1028 1805 1028 1805 1028 1805 1055 1820 1162 1820 1206 1803 1206 1803 1208 1803 1208 1803 1210 1803 1210 1803 1210 1803 1212 1803 1256 1816 1306 1803 1308 1803 1308 1803 1310 1803 1310 1803 1423 1818 1427 1853 1425 1866 999 1874"/></Shape>
	    <String CONTENT="en esta última hora,"
                    HPOS="992"
                    VPOS="1803"
                    WIDTH="435"
                    HEIGHT="71"></String>
          </TextLine>

          
          
          <TextLine ID="eSc_line_6eaff3cf"
                    TAGREFS="LT75"
                    BASELINE="995 1923 1537 1914" 
                    HPOS="988"
                    VPOS="1864"
                    WIDTH="548"
                    HEIGHT="69">
            <Shape><Polygon POINTS="994 1922 988 1878 1201 1864 1203 1864 1532 1868 1536 1912 1534 1926 994 1933"/></Shape>
	    <String CONTENT="y alcanza de vuestro Hijo"
                    HPOS="988"
                    VPOS="1864"
                    WIDTH="548"
                    HEIGHT="69"></String>
          </TextLine>

          
          
          <TextLine ID="eSc_line_e5bc95f0"
                    TAGREFS="LT75"
                    BASELINE="994 1980 1485 1975" 
                    HPOS="988"
                    VPOS="1920"
                    WIDTH="496"
                    HEIGHT="73">
            <Shape><Polygon POINTS="992 1979 988 1937 1112 1937 1116 1935 1145 1922 1145 1922 1147 1922 1147 1922 1147 1922 1149 1922 1149 1922 1218 1933 1220 1933 1224 1933 1270 1922 1270 1922 1270 1922 1272 1922 1272 1922 1350 1931 1350 1931 1350 1931 1362 1920 1362 1920 1364 1920 1364 1920 1364 1920 1367 1920 1367 1920 1367 1920 1369 1920 1479 1931 1484 1972 1481 1987 992 1993"/></Shape>
	    <String CONTENT="para mi alma la gloria."
                    HPOS="988"
                    VPOS="1920"
                    WIDTH="496"
                    HEIGHT="73"></String>
          </TextLine>

          
          
          <TextLine ID="eSc_line_179deaac"
                    TAGREFS="LT75"
                    BASELINE="992 2038 1495 2034" 
                    HPOS="984"
                    VPOS="1989"
                    WIDTH="510"
                    HEIGHT="61">
            <Shape><Polygon POINTS="990 2037 984 1991 1488 1989 1494 2033 1490 2050 988 2048"/></Shape>
	    <String CONTENT="Sobresaltado y confuso,"
                    HPOS="984"
                    VPOS="1989"
                    WIDTH="510"
                    HEIGHT="61"></String>
          </TextLine>

          
          
          <TextLine ID="eSc_line_99585814"
                    TAGREFS="LT75"
                    BASELINE="990 2097 1471 2092" 
                    HPOS="982"
                    VPOS="2037"
                    WIDTH="487"
                    HEIGHT="69">
            <Shape><Polygon POINTS="988 2096 982 2056 1172 2039 1174 2039 1174 2039 1174 2039 1176 2039 1220 2052 1308 2052 1329 2052 1329 2050 1348 2037 1350 2037 1350 2037 1350 2037 1352 2037 1352 2037 1354 2037 1354 2037 1465 2050 1469 2090 1467 2106 986 2104"/></Shape>
	    <String CONTENT="y con prisa muy celosa"
                    HPOS="982"
                    VPOS="2037"
                    WIDTH="487"
                    HEIGHT="69"></String>
          </TextLine>

          
          
          <TextLine ID="eSc_line_8d011e48"
                    TAGREFS="LT75"
                    BASELINE="998 2156 1535 2149" 
                    HPOS="994"
                    VPOS="2108"
                    WIDTH="540"
                    HEIGHT="61">
            <Shape><Polygon POINTS="997 2154 994 2108 1530 2108 1534 2148 1534 2169 997 2169"/></Shape>
	    <String CONTENT="fué por los ecos llegando"
                    HPOS="994"
                    VPOS="2108"
                    WIDTH="540"
                    HEIGHT="61"></String>
          </TextLine>

          
          
          <TextLine ID="eSc_line_9e9f148a"
                    TAGREFS="LT75"
                    BASELINE="1007 2212 1540 2209" 
                    HPOS="1001"
                    VPOS="2158"
                    WIDTH="537"
                    HEIGHT="63">
            <Shape><Polygon POINTS="1005 2211 1001 2173 1302 2158 1304 2158 1534 2169 1538 2207 1536 2217 1005 2221"/></Shape>
	    <String CONTENT="donde estaba esta Señora"
                    HPOS="1001"
                    VPOS="2158"
                    WIDTH="537"
                    HEIGHT="63"></String>
          </TextLine>

          
          
          <TextLine ID="eSc_line_388cbcad"
                    TAGREFS="LT75"
                    BASELINE="1004 2275 1540 2264" 
                    HPOS="999"
                    VPOS="2211"
                    WIDTH="539"
                    HEIGHT="85">
            <Shape><Polygon POINTS="1003 2273 999 2213 1070 2221 1141 2213 1155 2211 1155 2211 1158 2211 1158 2211 1158 2211 1160 2211 1160 2211 1162 2211 1162 2211 1162 2213 1183 2227 1220 2213 1224 2211 1224 2211 1226 2211 1226 2211 1229 2211 1229 2211 1229 2211 1231 2211 1235 2213 1277 2225 1532 2213 1538 2263 1536 2296 1344 2273 1318 2284 1318 2284 1316 2284 1316 2284 1316 2284 1314 2284 1314 2284 1312 2284 1283 2276 1264 2288 1264 2290 1264 2290 1262 2290 1262 2290 1260 2290 1260 2290 1260 2290 1258 2290 1258 2290 1256 2290 1256 2290 1256 2290 1252 2288 1233 2278 1216 2288 1206 2294 1203 2294 1203 2294 1203 2294 1201 2294 1201 2294 1199 2294 1199 2294 1199 2294 1197 2294 1197 2294 1197 2294 1180 2286 1176 2284 1172 2286 1158 2292 1158 2292 1155 2292 1155 2292 1155 2292 1153 2292 1153 2292 1078 2282 1053 2280 1049 2282 1034 2292 1032 2292 1032 2292 1032 2292 1030 2292 1030 2292 1028 2292 1028 2292 1028 2292 1026 2292 1026 2292 999 2280"/></Shape>
	    <String CONTENT="toda anegada en suspiros,"
                    HPOS="999"
                    VPOS="2211"
                    WIDTH="539"
                    HEIGHT="85"></String>
          </TextLine>

          
          
          <TextLine ID="eSc_line_1fa5ac6f"
                    TAGREFS="LT75"
                    BASELINE="1007 2332 1439 2327" 
                    HPOS="1001"
                    VPOS="2267"
                    WIDTH="439"
                    HEIGHT="90">
            <Shape><Polygon POINTS="1005 2330 1001 2290 1107 2269 1107 2269 1109 2269 1180 2269 1180 2269 1180 2269 1183 2269 1183 2269 1183 2269 1216 2286 1268 2267 1268 2267 1270 2267 1270 2267 1272 2267 1272 2267 1433 2286 1438 2326 1440 2334 1396 2353 1396 2353 1394 2353 1394 2353 1394 2353 1392 2353 1392 2353 1392 2353 1390 2353 1390 2353 1358 2338 1356 2338 1231 2338 1189 2347 1149 2355 1149 2355 1149 2357 1005 2357"/></Shape>
	    <String CONTENT="cuajada toda la ropa"
                    HPOS="1001"
                    VPOS="2267"
                    WIDTH="439"
                    HEIGHT="90"></String>
          </TextLine>

          
        </TextBlock>
        

        
      </PrintSpace>
    </Page>
  </Layout>
</alto>
