1753 2480
140.0 144.0 447.0 75.0 A las estrellas mas altas

97.0 206.0 436.0 60.0 dan unas pajas envidia,

99.0 254.0 591.0 64.0 que humildes logran lo que ellas

97.0 303.0 413.0 50.0 no merecen por altivas.

148.0 332.0 499.0 62.0 La hermosa altura del cielo

95.0 378.0 527.0 64.0 de esta ventura no es digna,

97.0 429.0 506.0 60.0 que cuando Dios baja, solo

97.0 473.0 471.0 56.0 es de lo humilde la dicha.

138.0 508.0 542.0 76.0 Corazón, si hoy á Dios buscas,

88.0 553.0 534.0 75.0 baja, que cuando se humilla,

95.0 607.0 465.0 62.0 quien mas abajo le busca

93.0 646.0 533.0 64.0 es quien mas de El participa.

142.0 698.0 434.0 58.0 Dijeron doctos profetas

95.0 741.0 554.0 67.0 que en Belen nacerá el Verbo,

93.0 779.0 485.0 68.0 y al Niño le viene el dicho

84.0 826.0 457.0 64.0 como nacido en el hecho.

142.0 876.0 463.0 56.0 Nace, y el fuego y el frio

90.0 915.0 515.0 68.0 puestos buscan compitiendo,

90.0 967.0 557.0 56.0 mas como con Dios pretenden

88.0 1010.0 470.0 75.0 se miran todos contentos.

831.0 136.0 436.0 97.0 Un pesebre le dá cuna,

787.0 202.0 430.0 72.0 de toda su vida empleo,

791.0 262.0 523.0 56.0 pues por un madero empieza

789.0 307.0 434.0 50.0 y acaba por un madero.

789.0 382.0 490.0 66.0 tan perfectamente cuerdos,

835.0 343.0 485.0 60.0 En él dos brutos le asisten

785.0 429.0 515.0 58.0 que de su aliento los humos

787.0 469.0 453.0 68.0 los aplican al Sol tierno.

831.0 520.0 448.0 64.0 El Portal para este Rey,

789.0 574.0 550.0 58.0 que es espejo, afirma el techo.

789.0 609.0 494.0 64.0 pues el Cielo en él se mira,

787.0 663.0 455.0 58.0 y por él se mira el Cielo.

785.0 735.0 418.0 71.0 el dichoso Nacimiento,

837.0 710.0 488.0 52.0 Antes que allí se ostentase

787.0 793.0 453.0 58.0 sin templo paredes eran,

791.0 832.0 515.0 69.0 y ahora paredes con templo.

787.0 921.0 490.0 60.0 se prendaron del Misterio,

841.0 880.0 428.0 56.0 Tan altamente las pajas

787.0 973.0 579.0 54.0 que no admiro que estén huecas

793.0 1018.0 492.0 81.0 gozando el mayor concepto.

140.0 1254.0 1259.0 149.0 ARUNCID DE LOS ANGELES A LOS PASTURE

132.0 1452.0 450.0 89.0 Los ángeles por los aires

86.0 1523.0 484.0 64.0 vinieron con resplandores,

88.0 1572.0 437.0 56.0 cantando divinas letras

86.0 1607.0 468.0 71.0 y avisando á los pastores.

134.0 1655.0 453.0 66.0 Con suaves consonancias

88.0 1700.0 445.0 56.0 alegrando van la sierra:

88.0 1748.0 546.0 58.0 «Gloria al Dios de las alturas

90.0 1795.0 538.0 62.0 y paz al hombre en la tierra.»

132.0 1841.0 502.0 58.0 Cuando oyeron los pastores

84.0 1874.0 474.0 72.0 lo que los ángeles cantan,

84.0 1922.0 486.0 66.0 unos brincan de contento,

88.0 1969.0 540.0 70.0 y otros de miedo se espantan.

136.0 2015.0 395.0 62.0 Todos fueron á Belén

88.0 2062.0 422.0 58.0 con regocijos y fiestas,

95.0 2110.0 442.0 57.0 y así que vieron al Niño

84.0 2151.0 430.0 116.0 tocaron las castanetas.

824.0 1465.0 472.0 78.0 De todos aquellos montes

783.0 1521.0 438.0 64.0 vinieron muy diligentes,

787.0 1572.0 395.0 56.0 y los pastores y zagalas

783.0 1609.0 509.0 73.0 trayendo muchos presentes,

833.0 1665.0 434.0 56.0 Armaron gran algazara

785.0 1700.0 467.0 64.0 con sus danzas pastoriles,

791.0 1746.0 441.0 68.0 y al Niño Dios alababan

787.0 1802.0 445.0 51.0 al son de los tamboriles.

824.0 1835.0 468.0 64.0 Sonando trompas y cajas

783.0 1884.0 552.0 71.0 dentro del Portal se entraron,

789.0 1934.0 443.0 60.0 y con grande reverencia

779.0 1977.0 488.0 54.0 al Rey Supremo adoraron.

833.0 2015.0 446.0 70.0 Muy alegres se despiden

787.0 2058.0 430.0 64.0 de Jesús, José y Maria,

791.0 2058.0 463.0 112.0 dea en?cada de alajeson.

789.0 2155.0 424.0 81.0 con contento y alegría.
