2148 3034
483.0 227.0 445.0 106.0 ojos de blanca paloma

488.0 310.0 478.0 74.0 seré tu amor verdadero.

536.0 356.0 473.0 78.0 A lejanas tierras me iré

483.0 412.0 488.0 75.0 si tú quieres venir niña,

490.0 460.0 443.0 86.0 padre y madre dejaré

488.0 520.0 521.0 101.0 pero no á tí prenda mia,

538.0 798.0 524.0 91.0 Señora los mandamientos

488.0 879.0 450.0 61.0 aquí los voy á cantar

488.0 925.0 463.0 66.0 si los quieres aprender

490.0 975.0 519.0 71.0 bien me puedes escuchar.

543.0 1029.0 567.0 70.0 1°. En el primero es amar

493.0 1069.0 478.0 76.0 un solo Dios verdadero

498.0 1132.0 587.0 66.0 mas que á mi vida te quiero,

498.0 1178.0 559.0 78.0 y en eso no hay que dudar.

543.0 1228.0 590.0 81.0 2°. En el segundo he jurado

495.0 1291.0 418.0 56.0 tuyo ser y no mas,

500.0 1329.0 405.0 74.0 ynó volveré atrás

498.0 1372.0 562.0 84.0 hasta que duerme á tu lado.

533.0 1436.0 549.0 70.0 3°. El tercero en la Misa

493.0 1489.0 519.0 76.0 nunca estoy con atencion

495.0 1534.0 585.0 79.0 siempre estoy pensando en tí

498.0 1585.0 453.0 86.0 prenda de mi corazon.

546.0 1638.0 572.0 73.0 4°. En el cuarto he perdido

495.0 1688.0 466.0 69.0 á mis padres el respeto

493.0 1739.0 443.0 71.0 solo por hablarte á tí

495.0 1790.0 476.0 75.0 en público y en secreto.

551.0 1850.0 584.0 71.0 5.° En el quinto no he muerto

495.0 1896.0 403.0 71.0 á ninguno vida mia

498.0 1946.0 460.0 81.0 si otro galan te gozára

503.0 2010.0 455.0 118.0 yo no se lo que haría.

779.0 601.0 852.0 182.0 MANDAMIENTOS.

1242.0 212.0 417.0 106.0 primero me moriré.

1302.0 280.0 506.0 89.0 Tu eres el sol que venero

1247.0 348.0 496.0 79.0 prenda del alma querida

1247.0 402.0 567.0 68.0 aunque me corten el cuello

1249.0 452.0 506.0 68.0 mas quiero perder la vida

1249.0 500.0 509.0 89.0 que olvidarte ángel bello.

1295.0 793.0 562.0 94.0 6°. El secsto no he gozado

1252.0 862.0 478.0 68.0 mujer en toda mi vida,

1252.0 910.0 392.0 70.0 viviré con castedad

1257.0 963.0 468.0 71.0 hasta que tú serás mia.

1242.0 1006.0 645.0 81.0 7°. El séptimo que es hurtar

1254.0 1069.0 565.0 66.0 no he hurtado nada á nadie

1249.0 1125.0 456.0 60.0 solo por venirte á ver

1252.0 1165.0 498.0 81.0 alguna vez á mis padres.

1310.0 1221.0 577.0 73.0 8°. El octavo no he quitado

1259.0 1271.0 438.0 69.0 falso testigo á ninguno

1257.0 1319.0 445.0 71.0 como mé quitan á mí

1254.0 1375.0 529.0 78.0 por ponerme mal contigo.

1310.0 1423.0 579.0 68.0 9°. En el nono no he deseado

1254.0 1484.0 471.0 70.0 muger en toda mi vida

1257.0 1539.0 362.0 58.0 solo te deseo á tí,

1249.0 1570.0 494.0 81.0 dueña del alma querida.

1310.0 1630.0 582.0 79.0 10.° El décimo no he deseado

1247.0 1686.0 488.0 71.0 á ninguno yo los bienes

1262.0 1742.0 534.0 55.0 no hay bienes en el mundo

1257.0 1787.0 536.0 78.0 mejores que los que tienes.

1302.0 1835.0 529.0 76.0 Señora esos mandamientos

1257.0 1893.0 516.0 68.0 son compuestos por amar

1257.0 1951.0 491.0 64.0 aunque me cueste la vida

1262.0 1999.0 458.0 112.0 contigo me he de casar.

1141.0 2111.0 98.0 96.0 FIN.

523.0 2447.0 1394.0 265.0 Barcelona: En casa Juan Llorens, calle de la Palma de sta. Catali.ª
