1860 2629
307 1200 1002 149 TROBOS DE AMOR, CATALANS

76 1327 1417 129 PER CANTAR Á LAS NOVAS LOS FADRINS QUE LAS ESTIMAN.

761 1551 41 74 1.

539 1575 439 96 Uns trobos te vull cantá

495 1649 568 75 prénda hermosa del meu cort:

500 1700 416 52 ab paraulas graciosas

500 1737 445 87 te vull esplicá lo amor.

94 1785 489 110 Com que yo soch Catalá

48 1855 469 68 y formál com lo primé

43 1901 568 72 no'm puch canssá de estimá,

46 1952 614 76 y aquí al mitx de aquest carré

41 2002 476 70 uns trobos te vull cantá.

78 2070 450 83 Ets tú lo milló tresort

37 2127 546 72 que en la vida he conegut:

37 2175 557 68 vals mes que la plata y ort,

39 2221 511 61 y de amor me tens perdut

32 2256 579 112 prenda hermosa del meu cort.

811 1814 483 78 Te voldria di unas cosas

758 1875 544 72 mol mes dolssas que la mel,

761 1923 561 68 frescas lo mateix que rosas:

756 1965 430 65 te dich angelét del Cel

752 2015 458 72 ab parauletas graciosas.

794 2087 528 84 Es tan gran lo meu amor,

754 2138 526 70 que no'm pot güañá niugú

752 2188 614 75 per mes que tingui 'l cort fort :

754 2234 599 83 ya hu sens « maca » sols á tú

747 2276 465 101 te vull esplica lo amor.
