1753 2480
59.0 148.0 625.0 85.0 . Qué es ante tí mi vida ? Atomo leve

39.0 221.0 639.0 68.0 Que un soplo tuyo destruir logréra !...

39.0 272.0 634.0 58.0 Tronco robusto que Aquilon no mueve

35.0 318.0 603.0 58.0 Y só tus plantas tu voz le doblara !

51 374 624 57 Llama débil que ajita el tiempo breve

47.0 417.0 645.0 60.0 Y á tu capricho al punto se apagára!...

41.0 469.0 612.0 66.0 Esto es mi vida !! A tí ya censagrada

41.0 508.0 560.0 89.0 Lánzala en el abismo de la NADA.

47.0 609.0 668.0 77.0 .. . . . .. . . . . . . . .

57.0 671.0 660.0 70.0 . . . . . . . . . . . . .

347.0 64.0 78.0 82.0 III.

828.0 70.0 548.0 68.0 Porque con tal delirlo yo te adoro

831.0 130.0 638.0 58.0 Que solo en tí encontrar podré ventura :

831.0 169.0 593.0 74.0 Mas ah! es mi corazon solo el tesoro

828.0 221.0 538.0 64.0 Que podia ofrecer á tu ternura...

837.0 274.0 603.0 69.0 Te to entregué!... Eeliz juré adoratte

839.0 320.0 498.0 89.0 Y jamás á la te podré faltarte!

380.0 737.0 56.0 75.0 IV.

93.0 820.0 508.0 74.0 Quisiera poscer montes de oro

884.0 535.0 575.0 80.0 Permita el justo cielo que si un dia

839.0 609.0 579.0 48.0 Oso olvidar la fe de un juramento,

837.0 642.0 572.0 60.0 Rayo de maldicion mi frente impía

828.0 692.0 621.0 62.0 Hunda en el polvo con furor violento.

841.0 750.0 637.0 56.0 Mas no será! que hasta la tumba fria...

839.0 783.0 601.0 64.0 Hasta exhalar mi postrimer aliento,

843.0 839.0 591.0 57.0 Luchando azás con mi destino duro

841.0 880.0 550.0 74.0 Podré ser infeliz mas no perjuro.

1170.0 434.0 47.0 82.0 V.

305 1295 933 188 57. INSPIRACION.

1422.0 26.0 56.0 81.0 7I

1292.0 915.0 246.0 89.0 --J. A. C.--

107 1691 580 69 Perdon mi duce LIRA si olvidada

74.0 1756.0 639.0 58.0 Un tiempo te dejé: tus cuerdas de oro

72.0 1804.0 647.0 64.0 No escucha en noche oscura y sosegada

49.0 1853.0 604.0 64.0 Pulsar en su loor el bien que adoro.

113.0 1901.0 542.0 54.0 Dejó de hendir el aura placentera

76.0 1940.0 527.0 87.0 El eco de tus sones y armonías :

843 1698 661 58 Perdon!... no te olvidé : la suerte fiera

853.0 1746.0 608.0 60.0 El númen me vedó por muchos dias.

893.0 1787.0 678.0 70.0 Mas hoy siento otra vez mi pobre mente

855.0 1847.0 689.0 64.0 De inspiraciones llena: ¡ ó grato iustante !

859.0 1899.0 757.0 78.0 Que entre el placer que absorto el pecho siente

862.0 1936.0 618.0 74.0 Vuelvo á pulsarte, ó LIRA, delirante.

74.0 2165.0 643.0 85.0 De fria y negra noche entre el silencio

78.0 2242.0 569.0 60.0 Al pié de la ventana de mi amada,

72.0 2283.0 560.0 62.0 Te pulsaré otra vez LiRA adorada

179.0 2335.0 335.0 83.0 Cantando mi dolor :

808.0 2046.0 27.0 95.0 I.

872.0 2161.0 610.0 89.0 Y hesta que el dulce trino de las aves

870.0 2236.0 574.0 64.0 Salude á la risueña y bella aurora,

866.0 2283.0 614.0 66.0 Escuchará, mi bien, cuanto la adora

967.0 2337.0 337.0 83.0 Su pobre Trovador.

66.0 882.0 643.0 79.0 Para ofrecerle humilde á tu hermosura,
