1860 2629
704 111 164 73 — 7 —

4 162 592 72 BEN. Si que las matéu baratu

8 199 698 87 JAYU. Mallá, un altre te 'n ey mort.

10 258 612 70 BEN. Buenu, buenu, altu, próu;

59 317 561 59 no 'n matéu cap mes per ara;

52 352 489 66 treyéuma aixó de la cara

52 396 502 66 perque tot lo cap me cou.

13 433 598 75 JAYU. Vina aquí, acotxe 'l cap

173 488 625 53 (Se acosta á la ferrada y ho fá)

61 530 717 65 bons grapats de áigüa ¿A que saltas?

65 578 498 57 Ara fregat fort las galtas.

63 617 546 68 Buenu; aixugat an quet dráp

67 670 560 59 Veus, las moscas ya an fuigit

63 709 537 68 ¿Que 't fa mal ara 'l caixál?

15 744 673 81 BEN. No. ¿hi ara? Ya no 'm fa mal

17 790 717 88 JAYU. Veus home, si ya te ho ey dit.

63 841 489 74 Mira, si no has de fer res

65 885 463 72 ten nirás ha cal Esteva,

59 931 412 70 hi si es ha casa séva

65 963 553 73 digas que 't deixi 'ls neulés.

15 1012 776 96 BEN. ¿Que 'ls demanaré als seus mossus

65 1069 443 61 si per cas éll sen anát?

19 1104 678 70 JAYU. Si éll ya hi es; hi em quedát

74 1154 687 77 que 'm deixará aquells mes grossus.

72 1213 246 51 Torna luego.

21 1250 490 60 BEN. Hó si 'm despatxa.

26 1288 638 65 JAYU. Si home que ya ho sap éll.

70 1342 500 53 Mira; tinch de Castellvell

72 1388 487 51 un carratéll de granatxa.

76 1430 443 57 Demá las neulas farém

72 1472 537 68 y ab granatxa con te ey dit,

72 1522 634 57 demá es lo meu sán, hi ha la nit,

74 1568 535 53 veurás quin gallu armarém.

26 1605 603 60 BEN. Men hi vay ben acurrens:

39 1649 750 75 (Se aganxa laveta de la espardenya y cau)

67 1697 505 68 Batua.. sempre ensopegu.

269 1741 529 62 (Se alsa y martxa acurrens)

32 1794 656 55 JAYU. Va atxécat, áu torna luego.

74 1829 605 66 Digas, son p' el Jayu ¿ho sens?

83 1881 520 62 ¡Miréu com corra 'l tanoca!

78 1927 538 60 Mallá, altre cop per terra...

83 1976 546 57 yó no se com no se esguerra;

83 2019 513 57 es mes tontu que una soca.

87 2057 439 57 Veyám aquets balladós

76 2107 511 53 si acaban ho que em de fe.

83 2155 511 48 me sembla que 'm cremaré

81 2190 456 57 sinó tocan luegu 'l dos.

35 2197 772 101 (Se 'n va dal á la sala del báll) (Surt lo

37 2274 757 68 Crospu ab un garrot á la má y anán cóix)

35 2322 587 105 CROS. ¿Ahont es aquell vellót?

826 157 498 75 si per cas no 'm vol pagá.

831 203 533 75 lo guix que me ha fet pastá,

835 258 511 57 lo báldo ha cops de garrót.

835 295 538 68 Ya dich que me ha fumut be

833 350 651 61 h me ha enganyat..,. per miracle;

833 396 520 64 y', senbrava un tavernacle

835 435 527 71 passán pel mitg de 'l carre.

831 479 557 59 Pero que yó, no me ho creya

831 525 594 62 que aquét Jayu me enganyava!

840 573 517 62 ¡Quina vergonya 'm donava

837 613 542 59 cuan tota la gen se 'n reya!!

840 661 568 57 Plantát allí pop de una hora

837 709 568 53 aquells brutus me han deixát,

840 753 550 55 hasta que un home ha passat

837 797 492 59 hi ha desfét la portadora.

840 841 535 63 Después ha poch ha poquét,

840 891 478 55 ab caidado, anán rescán,

842 935 561 53 me ha anát tot lo guix tallán

840 977 432 59 ab un tros de ganivét.

833 1016 638 61 Després me han vingut las feyas

846 1058 724 72 «que aixó 's lo que 'm sap mes greu»

840 1106 548 63 de clavarme un vidre al peu;

842 1145 612 68 ¡com que no portu esperdenyas!

848 1200 424 59 Mira, encara son aquí,

842 1231 730 98 calsemse, no ho perdém tot: (selas posa)

846 1288 413 63 Malahit siga 'l vellót

844 1327 493 72 hi la burra que 'l va parí.

846 1373 606 68 Ep, mestre. ¿Ahont se ha ficát?

851 1408 721 90 Enganya béstias, soch yó. (cridán)

848 1470 461 59 Potser de pó se amagat.

866 1496 702 79 (se fica al estable). Sur lo Jayu á

866 1555 649 72 la porta de dal y 's para al replá.

807 1601 636 72 JAYU. Nada, no 'n puch surtí be,

835 1651 597 66 ni me an sentit ni 'm escoltan.

851 1686 596 64 ¡Cristu de Deu, hi com boltan!!

842 1743 432 51 Pero ya 'ls arreglaré.

851 1787 524 55 Heche usté balsa que balsa,

846 1827 549 61 hi anán seguin la brumete.

811 1866 752 68 (mira á terra) ¿Aques aixó: ¿una pesseta?

815 1910 650 77 (lo plega) una pela, pero es falsa.

857 1965 391 61 Yó ya la faré passá.

855 2011 434 59 Aurá caygút del aréus

848 2048 481 63 de la gran vila de Reus.

855 2098 518 59 Molta fatxenda hi poch pá.

815 2125 751 83 Surt lu Crospu Ep, vos que'm eu en¬

851 2177 717 86 au, depressa. vull cobrá [ganyát:

842 2225 539 68 lo guix que me eu fet pastá

815 2280 562 53 sinó us fay quedá esgarrát.

824 2311 590 127 JAYU. Be home, no se enfadéu:
