1753 2480
204.0 84.0 387.0 56.0 Se casó con un viudo

159.0 165.0 500.0 27.0 aallado ccadamn de mata,

165.0 175.0 471.0 60.0 que solamente en dinero,

167.0 217.0 438.0 62.0 siete mil duros contaba;

161.0 262.0 444.0 60.0 tenia además tres viñas,

163.0 305.0 442.0 58.0 seis cortijos de labranza.

161.0 355.0 401.0 54.0 con un hijo que tenia

159.0 390.0 496.0 66.0 que á seis años no llegaba,

161.0 431.0 417.0 65.0 nunca madrasta le dijo.

159.0 483.0 465.0 56.0 de tanto que la estimaba,

159.0 527.0 494.0 62.0 igualmente que á la madre

159.0 572.0 409.0 62.0 lo mismo la respetaba.

208.0 615.0 422.0 62.0 Todos le tenian envidia

157.0 659.0 475.0 66.0 de lo bien que se llevaba:

155.0 706.0 523.0 77.0 no hallaban gusto que darle

155.0 752.0 365.0 58.0 sino lo que deseaba

157.0 799.0 436.0 54.0 A los tres años y medio

150.0 828.0 480.0 77.0 que ya se hallaba casada,

146.0 886.0 449.0 54.0 de un mozo se enamoró.

148.0 927.0 513.0 62.0 sirviendo en la misma casa,

152.0 969.0 406.0 64.0 llamado José Morales;

152.0 1006.0 445.0 72.0 y al año que se trataban

144.0 1054.0 403.0 70.0 donde lo llegó á saber

146.0 1101.0 408.0 64.0 el amo lo que pasaba;

148.0 1142.0 488.0 69.0 como no estaba muy fijo,

146.0 1188.0 476.0 72.0 con grande recelo andaba

148.0 1237.0 385.0 60.0 ni de noche ni de dia

150.0 1283.0 397.0 60.0 no paraba de celarla;

146.0 1324.0 362.0 64.0 ella lo llegó á saber

144.0 1368.0 459.0 62.0 que su esposo la celaba,

148.0 1411.0 412.0 68.0 y á su querido le dijo.

140.0 1459.0 424.0 60.0 estas picaras palabras:

192.0 1498.0 523.0 64.0 José Morales, me encuentro

146.0 1550.0 478.0 57.0 de mi esposo despreciada,

146.0 1597.0 552.0 56.0 no sé quien se lo habrá dicho

144.0 1634.0 478.0 60.0 de que tú conmigo tratas.

144.0 1671.0 523.0 67.0 Por saber quien habria sido

144.0 1729.0 463.0 54.0 al demonio ma entregara

142.0 1771.0 482.0 55.0 le habia de hacer pedazos

140.0 1814.0 420.0 64.0 á fuerza de puñaladas

186.0 1855.0 465.0 67.0 Anda, no seas ignorante,

142.0 1903.0 407.0 62.0 el querido contestaba:

142.0 1953.0 343.0 55.0 déjate de tonterías

142.0 1996.0 558.0 56.0 que por bien más se adelanta.

140.0 2033.0 449.0 62.0 Dí ¿qué vas á adelantar

138.0 2081.0 475.0 58.0 con hablar esas palabras?

136.0 2124.0 467.0 60.0 si tu esposo te abandona,

140.0 2170.0 457.0 62.0 yo jamás te despreciara.

179.0 2211.0 397.0 109.0 Entonces le dijo ella

886.0 70.0 437.0 85.0 Si tú me das la palabra,

886.0 142.0 447.0 54.0 en est́a noche que viene

880.0 183.0 527.0 60.0 le damos la muerte amarga,

880.0 221.0 455.0 66.0 á mi esposo y á su hijo,

884.0 266.0 405.0 60.0 y tambien á la criada,

884.0 312.0 408.0 55.0 á deshora de la noche

880.0 353.0 531.0 68.0 sin que nadie entienda nada.

924.0 394.0 465.0 58.0 Para que nada se piense

880.0 446.0 521.0 56.0 yo tambien quedo amarrada

880.0 493.0 428.0 56.0 atada de piés y manos,

878.0 533.0 511.0 62.0 con la cara ensangrentada.

924.0 572.0 483.0 74.0 Te entrego todo el dinero,

876.0 615.0 434.0 69.0 y te marchas á tu casa,

878.0 673.0 376.0 56.0 y al rato principiaré

868.0 706.0 436.0 66.0 á decir en voces altas:

924.0 752.0 401.0 62.0 Vecinos, favorecedme

870.0 789.0 479.0 70.0 de esta hora desgraciada;

872.0 839.0 612.0 80.0 le han dado muerte á mi esposo,

870.0 884.0 432.0 66.0 á mi hijo y á la criada;

868.0 936.0 397.0 51.0 acudirán los vecinos,

872.0 973.0 521.0 66.0 y al verme tan mal tratada,

868.0 1025.0 374.0 53.0 nunca se calcularán

874.0 1058.0 473.0 66.0 que yo tal cosa pensara.

919.0 1103.0 534.0 77.0 Pues has pensado muy bien,

870.0 1149.0 415.0 60.0 el querido contestaba:

870.0 1192.0 424.0 64.0 á las doce de la noche

870.0 1244.0 417.0 60.0 está puesta la palabra;

876.0 1293.0 469.0 56.0 para que nada se piensen

870.0 1333.0 527.0 64.0 te acuestas en su compaña

872.0 1370.0 453.0 62.0 deja entornada la puerta

874.0 1421.0 420.0 62.0 de la calle y de la sala.

919.0 1457.0 490.0 88.0 Ya se quedaron conformes

868.0 1510.0 347.0 58.0 para la hora citada,

870.0 1556.0 409.0 58.0 por un pícaro interés

868.0 1597.0 424.0 62.0 le dió cierta la palabra

911.0 1640.0 416.0 65.0 A deshora de la noche

864.0 1690.0 421.0 58.0 aquella mujer ingrata

862.0 1729.0 456.0 69.0 con mucha dispertacion,

864.0 1777.0 428.0 56.0 al querido le esperaba.

905.0 1812.0 459.0 68.0 Cuando el querido llegó

862.0 1868.0 454.0 62.0 ya prevenida se hallaba,

859.0 1909.0 420.0 60.0 con aquel mal corazon

859.0 1946.0 385.0 66.0 á la cama se llegaba,

853.0 1996.0 519.0 76.0 con un martillo muy fuerte

857.0 2041.0 397.0 54.0 en la cabeza le daba,

857.0 2077.0 484.0 70.0 le abrieron siete agujeros,

859.0 2128.0 464.0 58.0 sin compasión le tiraban.

897.0 2172.0 440.0 64.0 Lo dejaron sin aliento,

859.0 2219.0 435.0 112.0 con la muerte pelcaba,
