1753 2480
678.0 1089.0 609.0 124.0 CONVERSION

907.0 1192.0 157.0 91.0 DE LA

343.0 1250.0 1283.0 213.0 SAMARITANA

285.0 1533.0 481.0 79.0 Un viernes partió el señor

245.0 1583.0 447.0 72.0 á la ciudad de Samaria,

248.0 1632.0 535.0 77.0 y antes de entrar en poblado

243.0 1680.0 368.0 74.0 el calor le fatigaba,

250.0 1731.0 523.0 79.0 mas á un pozo que allí había

250.0 1779.0 519.0 70.0 derecho á él se encaminaba;

248.0 1837.0 465.0 62.0 sobre el brocal recostóse

254.0 1891.0 475.0 62.0 como que cansado estaba.

248.0 1938.0 380.0 66.0 Al punto vido venir

250.0 1986.0 459.0 60.0 á la misma que esperaba

250.0 2031.0 490.0 60.0 con un cántaro en la mano,

252.0 2081.0 382.0 64.0 y era la Samaritana:

250.0 2124.0 496.0 79.0 pidió el Señor que le diese

252.0 2180.0 382.0 70.0 una bebida de agua,

254.0 2232.0 477.0 66.0 que El en premio le daría

248.0 2271.0 384.0 109.0 otra de importancia,

1062.0 1521.0 416.0 72.0 que jamás tendría sed

1062.0 1566.0 453.0 77.0 como llegase a gustarla:

1062.0 1616.0 407.0 74.0 á lo que le respondió,

1064.0 1665.0 519.0 73.0 sin saber con quien hablaba:

1060.0 1717.0 459.0 72.0 pues si tienes tal virtud,

1060.0 1762.0 525.0 71.0 dadme, Señor, de esa agua,

1062.0 1816.0 407.0 68.0 para nunca tener sed;

1064.0 1862.0 513.0 70.0 y el Señor le dijo: aguarda,

1062.0 1917.0 500.0 69.0 anda y ljama á tu marido,

1066.0 1969.0 476.0 72.0 y ven con él en compaña:

1066.0 2021.0 538.0 64.0 que no es bien que una mujer

1064.0 2060.0 445.0 66.0 de la ciudad sola salga;

1068.0 2116.0 511.0 68.0 respondió: Señor, no tengo

1068.0 2161.0 416.0 64.0 marido ni soy casada.

1068.0 2209.0 478.0 72.0 El Señor dijo: es verdad,

1068.0 2258.0 443.0 108.0 dices bien, Samaritana,
