1860 2629
94.0 249.0 1476.0 127.0 RELACION DE UN GANZO DE UN COR-

98.0 346.0 1476.0 125.0 tijo, manifestando el chasco que le sucedió la no-

274.0 446.0 1134.0 110.0 che de S. Juan, en este presente año.

103.0 606.0 649.0 106.0 Dios gracias, aca estamos toos

96.0 694.0 599.0 64.0 carambita que me entrampan,

94.0 729.0 601.0 72.0 ¿es Sivilla esta Zuidad?

105.0 773.0 590.0 68.0 por que segun por la mapa

96.0 825.0 599.0 68.0 de muchachas y mancebos

96.0 860.0 546.0 77.0 no es otra cosa, mal haya,

100.0 911.0 283.0 59.0 tal tierra amen

100.0 931.0 419.0 85.0 y tengo razon sobraa

103.0 992.0 377.0 68.0 para jablar isparates

103.0 1020.0 484.0 88.0 de Sivilla y su comarca

103.0 1086.0 447.0 57.0 Sobre que estoy escamao

107.0 1130.0 480.0 64.0 por porquito dejo el alma.

105.0 1178.0 419.0 53.0 en tan pustifera tierra

105.0 1204.0 460.0 79.0 á mano de mi desgracia:

105.0 1257.0 399.0 57.0 vaya solo un berrion

100.0 1288.0 522.0 87.0 de mi historia bien forman.

111.0 1340.0 511.0 77.0 Yo salí de mi Cortijo,

111.0 1384.0 511.0 79.0 en hora buena ó en mala,.

105.0 1430.0 517.0 72.0 noche de S. Juan Batista

111.0 1478.0 511.0 73.0 macuerdo que se llamaba

107.0 1524.0 515.0 73.0 y vine á parar al puente.

103.0 1559.0 519.0 79.0 erecho alla por Triana

103.0 1605.0 519.0 79.0 Ojalá que en el camino

105.0 1654.0 517.0 70.0 se me quebrara una pata,

107.0 1691.0 515.0 70.0 y hubiera guelto al Cortijo

103.0 1746.0 519.0 68.0 entre dos jaldas de paja

100.0 1792.0 522.0 59.0 por no pasar tal virguenza.

105.0 1835.0 517.0 66.0 Apenas puse las patas..

109.0 1875.0 513.0 66.0 en las calles de Sivilla

107.0 1916.0 515.0 77.0 repare que siceaba

100.0 1965.0 419.0 63.0 una mozuela, y desde

105.0 2004.0 344.0 59.0 una ventanita alta

103.0 2057.0 403.0 52.0 me jiso señas, mas yo

105.0 2096.0 436.0 59.0 que no me merezco naa

96.0 2142.0 577.0 64.0 me arrime aya ¡que muchacha!

103.0 2175.0 307.0 66.0 ¡que cachigorda!

105.0 2219.0 566.0 70.0 ¡que patas que me enseñaba!

109.0 2274.0 520.0 76.0 y que buen troncho de pelo

100.0 2317.0 397.0 66.0 que tenía la malvaa;

105.0 2363.0 478.0 62.0 al ver tan grande proigio

103.0 2409.0 405.0 62.0 yo me jise una batata

107.0 2449.0 379.0 83.0 sin saber que le iria,

897.0 615.0 434.0 88.0 con los ojos me jablaba

901.0 683.0 426.0 68.0 y soltando de su boca.

892.0 733.0 474.0 60.0 la sal que se le erramaba

899.0 771.0 421.0 70.0 ¿que me traes? me ijo:

910.0 814.0 410.0 71.0 yo naa, le respondi,

910.0 869.0 294.0 55.0 mas si te agraa

903.0 907.0 527.0 67.0 aqui traigo algunos cuartos

908.0 955.0 484.0 59.0 y me respondió pues baya

910.0 996.0 460.0 68.0 si algo traes yo te espero

901.0 1045.0 439.0 59.0 ¿y pelaremos la paba.

899.0 1077.0 471.0 66.0 Sali como un torbellino,

910.0 1130.0 474.0 66.0 y compre piñones, pasas,

897.0 1172.0 607.0 68.0 y un panal de aquellos grandes

914.0 1224.0 467.0 55.0 que dan para vever agua.

899.0 1242.0 588.0 83.0 Tambien le compre un muñeco

905.0 1303.0 474.0 68.0 de una manera tan rara.

914.0 1353.0 465.0 62.0 que tirandole de un jilo

899.0 1399.0 5.0 62.0 I

899.0 1445.0 480.0 64.0 Cuando golvi la encontré

916.0 1485.0 492.0 57.0 risueña como una pascua:

919.0 1533.0 500.0 64.0 me mandó que suba arriba,

908.0 1579.0 405.0 55.0 y por una reja falsa

905.0 1623.0 511.0 63.0 qme encaramé muy ligero:

908.0 1662.0 467.0 62.0 y le hi lo que llevava.

919.0 1708.0 370.0 62.0 ¿pero que jembra?

919.0 1752.0 486.0 64.0 si se me ablandó la panza

914.0 1798.0 404.0 59.0 y toditito mi cuerpo

908.0 1851.0 515.0 52.0 ese me gizo una sarandaja.

910.0 1884.0 474.0 63.0 y yo como no soy lerdo:

908.0 1925.0 535.0 75.0 ccuando vi que se arrimaba

919.0 1982.0 522.0 64.0 por entre los mismos jierros

919.0 2026.0 418.0 55.0 arrempujé con pijanza

919.0 2063.0 401.0 55.0 la cabeza por pegalle

923.0 2107.0 401.0 55.0 tan solo una tarascaa.

923.0 2149.0 388.0 63.0 Ella juyo y yo quee

921.0 2201.0 423.0 55.0 sin poer sacar la gaita;

899.0 2230.0 449.0 65.0 paso entre paso se fue

929.0 2287.0 474.0 57.0 y yo mientras mas tiraba

921.0 2333.0 482.0 65.0 el misuio Demonio amigo

921.0 2377.0 463.0 61.0 parece que me apretaba,

919.0 2414.0 434.0 61.0 cual quearia mi cuerpo

914.0 2453.0 509.0 86.0 cuando vi entrar en la sala
