1724 2339
329 181 1221 72 entrególe su señor tan del todo el gobierno de la casa, que ya él mis¬

341 237 1215 63 mo no sabia lo que tenia, contentándose con que lo supiera José: él

333 290 1223 53 que mandando en todos los criados, siendo él esclavo como ellos,

339 333 1215 49 consiguió ser querido de todos. Los bienes de Putifar en manos de

339 370 1213 60 José cada día iban en aumento. El cielo bendecia al hijo de Jacob; y

341 413 1209 58 todo cuanto éste emprendia en beneficio de su señor, el mas próospero

329 458 521 58 resultado pagaba sus afanes.

390 506 1166 53 Mas como en este mundo nada es duradero, cuando menos podia

335 545 1217 61 imaginárselo, una desgracia, pues tal puede llamarse, hizo desapare¬

335 598 1223 53 cer toda la felicidad de que gozaba, poniendo su virtud en el más

327 635 589 58 alto grado de esplendor y gloria.

403 678 1153 62 La juventud y hermosura de José, fueron cautivando el corazon

335 723 1227 54 de su ama, creciendo el amor hasta el extremo de convertirse en fu¬

337 771 1219 57 riosa pasion. En vez de combatirla daba ella misma pábulo à su

329 812 1219 61 adúltero intento y no perdonaba medio para tentar al incauto José.

337 857 1219 61 Mas este con una virtud á toda prueba procuraba y apartaba los ojos

327 906 1233 52 de su señora cuando esta fijaba lascivamente en él los suyos. Por más

333 945 1225 60 que buscaba ella ocasiones, José las huia, hasta que ya un dia no

337 990 1213 62 pudiendo contenerse, siendo su pasion mayor que todo su decoro y

337 1040 1225 55 dignidad, espuso sin rebozo y con toda claridad su intento al jóven

327 1085 234 51 mayordomo.

391 1118 1161 69 Resistióse José, afeándole al mismo tiempo su comportamiento;

337 1169 1221 62 pero ni el desprecio, ni las razones, ni el deber de esposa encontraron

329 1220 1235 50 eco en ella. Vuestro esposo y mi señor, la decia José, que me compró

329 1259 1227 60 por muy poco dinero, satisfecho de mi conducta me ha confiado su

327 1303 1229 57 casa y sus intereses todos, y yo seria un infame si no me portara

335 1348 1221 59 como él se merece. ¿De qué castigo no sería yo digno si mancillando

323 1399 1227 53 su honra, pago los beneficios con agravios? Y aun cuando no me obli¬

331 1440 1229 56 gara lo que á vuestro esposo debo, aun cuando no me obligara mi

325 1483 1227 60 honradez para ofender á un hombre, el ser ofensa de Dios fuera freno

335 1528 1217 62 que corrigiera mis desmanes; «¿pues cómo puedo hacer maldad y

331 1574 404 61 pecar contra mi Dios?»

390 1611 1168 63 Insistia su ama en su lascivo intento, y José en disuadirla; pero

335 1668 1217 49 ella ciega y desesperada apeló à la fuerza, y hallándose en una oca¬

333 1703 1217 62 sion á solas con José, quiso conseguir á la violencia lo que con per¬

323 1754 1237 50 suasiones no habia conseguido. En apuro tal el casto jóven, no vió

329 1793 1223 56 otro camino más que la fuga; pero advirtiéndolo su señora, le agarró

337 1836 1221 60 de la capa para detenerle, mas en vano: el virtuoso pudo disasirse y

331 1882 747 57 el manto quedó en manos de la adúltera.

393 1929 1169 51 Viéndose de tal manera burlada, cambió de repente el amor en

343 1968 1213 64 tra, y juré vengarse de quien tan mal habia pagado sus lascivos de¬

337 2013 1221 60 seos. En cuanto llegó su marido se fué á él y presentándole la capa

331 2058 1225 62 de José, valiéndose de mil zalamerías, le contó como el jóven la

343 2105 1215 74 habia querido seducir; que no habiendo alcanzado nada con ha¬

934 130 41 64 6
