2148 3034
326.0 310.0 587.0 109.0 Llegó el pastor, pero viendo

331.0 394.0 440.0 68.0 suceso tan impensado

336.0 432.0 488.0 76.0 como la dama le cuenta,

339.0 487.0 526.0 71.0 quedó admirado del caso.

344.0 536.0 495.0 68.0 Y en la cristalina fuente

341.0 566.0 620.0 86.0 tomando el niño en los brazos,

344.0 634.0 503.0 76.0 y de la fuente el cristal,

346.0 672.0 592.0 81.0 con una concha en su mano

349.0 723.0 559.0 68.0 dijo : en el nombre de Dios

349.0 766.0 612.0 78.0 Padre, Hijo y Espíritu Santo,

351.0 824.0 423.0 65.0 te bautizo, Valentin,

349.0 849.0 703.0 96.0 que es el nombre que le ha dado.

354.0 907.0 480.0 81.0 Llevó á la triste señora

356.0 963.0 473.0 73.0 á su cabaña, y llegando

359.0 1001.0 569.0 81.0 se la entregaba á su esposa,

359.0 1051.0 541.0 139.0 para que con gran cnidado.

1047.0 283.0 491.0 106.0 la asista, cuide y regale,

1055.0 348.0 619.0 99.0 que está muy débil del parto.

1057.0 417.0 445.0 73.0 Recogieron la señora,

1057.0 462.0 478.0 76.0 y á su hijo acariciando,

1055.0 493.0 579.0 93.0 dió en sus pechos alimento,

1065.0 543.0 584.0 94.0 dándole el pastor su amparo.

1065.0 604.0 488.0 76.0 En el segundo romance

1065.0 642.0 496.0 78.0 se prosigue este fracaso,

1067.0 692.0 514.0 86.0 donde allí verá el curioso

1070.0 750.0 427.0 64.0 este caso tan estraño

1072.0 786.0 483.0 86.0 que sucedió con el niño

1072.0 841.0 476.0 71.0 que la osa está criando,

1075.0 887.0 491.0 81.0 y cómo fue descubierto

1075.0 932.0 440.0 76.0 este testimonio falso,

1075.0 986.0 420.0 75.0 castigada la maldad,

1082.0 1016.0 565.0 116.0 y en lo cierto el desengaño.

860.0 1127.0 435.0 144.0 SEGUNDA PARTE.

422.0 1274.0 541.0 103.0 Ya dice el primer romance

369.0 1357.0 526.0 68.0 como quedó en la cabaña

371.0 1405.0 451.0 66.0 recogida esta señora,

376.0 1453.0 388.0 69.0 asistida y regalada

376.0 1486.0 524.0 79.0 de los humildes pastores;

379.0 1547.0 493.0 73.0 y volvamos á que estaba

379.0 1575.0 577.0 83.0 con muy grande sentimiento

384.0 1638.0 554.0 68.0 don Claudio de ver la falta

379.0 1688.0 458.0 66.0 de su bella Margarita,

382.0 1729.0 569.0 76.0 la cual, con ansías sobradas

389.0 1782.0 514.0 68.0 se acordaba por instantes

389.0 1835.0 476.0 61.0 del esposo de su alma,

389.0 1865.0 516.0 89.0 y de aquel infante tierno

392.0 1931.0 523.0 63.0 que nació de sus entrañas,

392.0 1972.0 450.0 70.0 el que se llevó la osa

389.0 2017.0 463.0 71.0 á la cueva, y la crianza

397.0 2053.0 592.0 85.0 que tuvo fue entre animales,

394.0 2118.0 544.0 66.0 entre bosques y montañas :

397.0 2164.0 493.0 73.0 vestido ardaba de pieles

394.0 2214.0 504.0 64.0 de animales; y era tanta

399.0 2260.0 661.0 88.0 su monstruosidad, que asombra

397.0 2313.0 483.0 324.0 con lo feroz de su cara;

1092.0 1248.0 403.0 112.0 pues una clava traia

1095.0 1299.0 653.0 111.0 en sus hombros, que por armas

1095.0 1380.0 438.0 66.0 de defensa le servia,

1100.0 1405.0 590.0 89.0 asombrando á cuantos pasan;

1098.0 1476.0 612.0 71.0 los que le ven se amedrentan,

1103.0 1527.0 475.0 68.0 los pastores se recatan,

1103.0 1567.0 528.0 81.0 pues en viéndole le dejan

1103.0 1620.0 569.0 79.0 solo el ganado que guardan.

1105.0 1658.0 486.0 76.0 Llegó á Paris la noticia,

1105.0 1701.0 552.0 91.0 y don Clandio se aprestaba

1110.0 1767.0 440.0 73.0 para salir á buscarle;

1113.0 1812.0 465.0 74.0 toma recados de caza,

1115.0 1860.0 552.0 64.0 y partió con los monteros,

1118.0 1908.0 536.0 66.0 llevándose en su compaña

1118.0 1954.0 468.0 76.0 criados y mayordomos,

1118.0 1994.0 549.0 81.0 y de esta suerte les habla:

1118.0 2050.0 465.0 71.0 voy á buscar esta fiera

1118.0 2073.0 620.0 88.0 que tanto asombra y espanta.

1120.0 2146.0 608.0 71.0 Dando ya vista á los montes,

1118.0 2194.0 544.0 73.0 permitió Dios que llegára

1123.0 2242.0 554.0 68.0 á donde encontró al pastor

1125.0 2293.0 549.0 376.0 que el ganado apacentaba.
