1753 2480
231 179 41 62 2

190 231 494 60 ya se le vendrá á la mano

183 264 478 66 la cuerda que ha de tirar.

223 314 488 72 El que corteja á una fea

179 351 463 70 bien se puede preparar,

179 396 540 69 que ellas tienen mucha idea,

175 446 503 60 al fin le vendrá á engañar

177 493 503 67 por buen sacristan que sea.

219 531 481 74 El que pretenda alcanzar

173 580 438 54 debe ser su pretension

173 617 552 79 bolsa abierta antes de hablar;

171 669 558 62 mas como no haga esta accion

167 717 382 72 no llegará á repicar.

485 785 48 76 2.

210 874 540 84 Todo el mundo nos murmura

163 919 440 77 que te sientas á mi lado,

163 977 397 56 en estando yo gustoso

161 1018 488 62 todo el mundo está pagado.

208 1062 399 62 Mi fina fé te asegura

157 1099 469 79 de nunca mas olvidarte,

165 1155 440 56 pero por mi desventura

159 1196 574 60 si alguna vez llego á hablarte,

157 1244 527 55 todo el mundo nos murmura.

200 1279 515 72 De que yo te he idolatrado

155 1324 483 68 se vé por cosa muy clara:

150 1364 552 78 vida y alma te he entregado,

157 1413 456 66 y hay sujeto que repara

159 1463 440 58 que te sientas á mi lado.

202 1496 455 72 Yo te quiero sin rebozo,

155 1545 405 69 y sin recelo de nada,

157 1595 537 60 ponme el semblante amoroso,

150 1634 418 68 jamás estés disgustada

150 1688 401 50 en estando yo gustoso.

196 1719 539 79 Ya sabes que te he estimado,

144 1762 432 64 á tí y á nadie mas no:

142 1818 434 62 de nada te dé cuidado,

150 1855 538 75 porque en queriendo los dos,

142 1905 488 62 todo el mundo está pagado.

467 1994 33 99 3.

181 2058 451 91 Todo el resto de mi vida

142 2118 389 64 yo te tengo de querer:

138 2163 364 104 dificulto el olvidarte

893 239 425 54 porque no sé aborrecer.

940 281 438 68 lla sido mortal herida

895 326 518 58 que has dado á mi corazon

893 363 518 77 en dudar que eres querida;

888 409 397 66 será firme mi pasion

890 456 447 66 todo el resto de mi vida.

934 504 471 64 Firme mi amor ha de ser

886 543 453 60 á costa de mis desvelos:

888 591 594 74 mudanza en mí no ha de haber,

888 632 536 64 aunque me atormenten zelos

890 677 412 71 yo te tengo de querer.

934 717 477 74 Muy fino seré en amarte,

886 758 399 72 y te puedo asegurar,

882 816 463 52 que jamás he de faltarte

884 851 538 68 pues llegándome á enterrar,

878 892 383 69 dificulto el olvidarte.

926 942 432 62 Será eterno mi querer,

878 975 540 74 sin que la muerte lo impida

878 1025 380 60 si mudas de parecer

874 1066 469 81 sabré yo perder la vida,

876 1122 426 74 porque no sé aborrecer.

1201 1202 37 87 4.

917 1266 478 89 Ten paciencia, dueño mio,

870 1335 467 68 que ya vendrá la ocasion,

872 1388 500 54 que en tus amorosos brazos

870 1426 382 66 descanse mi corazon.

911 1463 515 68 Lograr vuestro bien confio,

870 1516 523 56 porque no ha de ser eterno

862 1552 483 80 hado que nos trata impío,

862 1612 438 49 él perderá su gobierno:

859 1647 472 68 ten pacienvia, dueño mio.

905 1688 453 64 Un volcan es tu pasion,

864 1738 442 62 y es un vesubio la mia:

859 1789 375 56 ten ánimo, corazon,

859 1824 480 64 no desmayes, prenda mia,

864 1872 450 64 que ya vendrá la ocasion.

909 1911 471 75 Ya despues de mis acasos

855 1953 480 64 no espero mayor ventura

855 1998 550 72 que es disfrutar tus regazos,

853 2046 416 57 enlazando mi ventura

857 2097 420 48 en tus amorosos brazos.

897 2134 438 64 Despues de la salvacion

855 2180 453 111 no espero mayor laurel,
