1753 2480
179.0 115.0 381.0 62.0 Bendita sea tu sal

138.0 167.0 500.0 60.0 tu sandunga y tu salero,

136.0 217.0 473.0 62.0 por tu tan lindo meneo

136.0 264.0 527.0 64.0 yo te quiero y te requiero.

181.0 307.0 408.0 81.0 Eres diosa universal

140.0 382.0 383.0 58.0 para mi sin recelar;

140.0 417.0 393.0 64.0 y para curar mi mal

138.0 469.0 362.0 64.0 te digo sin vacilar

138.0 510.0 380.0 58.0 bendita sea tu sal.

188.0 555.0 535.0 62.0 Ya sabes que por tí muero,

138.0 593.0 546.0 66.0 que por tí yo pierdo el tino,

138.0 648.0 540.0 52.0 que estoy en un desespero:

140.0 688.0 542.0 58.0 del mundo es lo más divino

138.0 737.0 502.0 56.0 tu sandunga y ta salero.

186.0 785.0 510.0 56.0 Que eres pura yo lo creo,

142.0 822.0 490.0 60.0 que eres hermosa mejor:

144.0 863.0 482.0 71.0 pues matas ya sin rodeo

142.0 919.0 453.0 60.0 a tu constante amador,

142.0 956.0 484.0 60.0 con tu tan lindo meneo.

186.0 1004.0 461.0 58.0 De la mañana el lucero

144.0 1043.0 418.0 64.0 tú para siempre será,

146.0 1089.0 488.0 62.0 por tu traje sandunguero

146.0 1132.0 463.0 62.0 y frescura con que vas,

146.0 1175.0 525.0 91.0 yo te quiero y te requiero.

188.0 1295.0 430.0 75.0 Nacistes si, para mí,

144.0 1357.0 447.0 58.0 no lo tengo de dudar;

146.0 1395.0 443.0 66.0 si eso no fuese cierto,

146.0 1436.0 389.0 74.0 me verías reventar.

192.0 1502.0 508.0 76.0 Cuando en el mundo naci

155.0 1558.0 361.0 60.0 yo no tenia razón,

155.0 1597.0 487.0 66.0 y al instante en que te ví

152.0 1643.0 490.0 64.0 dije con buena intención,

152.0 1694.0 408.0 52.0 tu nacistes para mé.

192.0 1738.0 461.0 53.0 Quien había de esperar

152.0 1777.0 451.0 64.0 que una tórtula tan fiel

155.0 1829.0 396.0 64.0 yo tenía que adorar,

157.0 1866.0 403.0 70.0 y que no serás cruel

155.0 1907.0 461.0 70.0 no lo tengo que dudar.

200.0 1961.0 486.0 54.0 Al mirarte yo no acierto,

155.0 2000.0 531.0 60.0 tan siquiera andar un paso,

155.0 2046.0 525.0 59.0 ando recto, marcho tuerto,

157.0 2097.0 390.0 56.0 y moriría en el caso

157.0 2134.0 531.0 64.0 si ta amor no fuese cierto.

200.0 2186.0 459.0 52.0 Si cambiaras de pensar

155.0 2232.0 508.0 103.0 engañando mi fe humana,

884.0 115.0 436.0 60.0 ya verias pues tronar;

882.0 161.0 476.0 64.0 lo mismito que una rana

884.0 212.0 393.0 56.0 me vertas reventar.

930.0 320.0 409.0 74.0 Cogerta una pistola

882.0 372.0 521.0 76.0 para matar a cualquiera,

886.0 421.0 422.0 66.0 si tocase alguna flor

888.0 469.0 521.0 72.0 de tu hermosa primavera.

886.0 589.0 561.0 55.0 sangre muy fiel y arrogante,

936.0 527.0 494.0 72.0 Nací de sangre española,

888.0 628.0 507.0 56.0 si un villano una vez sola

890.0 677.0 482.0 58.0 dijera yo soy tu amante,

884.0 721.0 443.0 56.0 cogera una pistola...

886.0 812.0 494.0 53.0 tengo el alma en frenesí:

938.0 764.0 482.0 60.0 Yo no sé de qué manera

890.0 857.0 466.0 54.0 serás alguna hechicera:

888.0 896.0 352.0 60.0 eres capaz sola tí

888.0 932.0 521.0 74.0 para matar a cualquiera.

934.0 992.0 355.0 53.0 Mataría sin temor

890.0 1039.0 385.0 56.0 (elegante querubín)

890.0 1080.0 377.0 58.0 al infame seductor,

888.0 1122.0 387.0 56.0 si de tu lindo jardin

888.0 1157.0 443.0 62.0 el tocase alguna flor.

932.0 1204.0 525.0 71.0 De canciones la Habanera

888.0 1250.0 530.0 68.0 es la más digna de amores

893.0 1297.0 502.0 58.0 la que el alma desespera,

893.0 1347.0 516.0 62.0 pues yo prefiero las flores

895.0 1392.0 518.0 83.0 de tu hermosa primavera.

942.0 1527.0 480.0 51.0 Te dejo tierna memoria

895.0 1564.0 475.0 62.0 con mis palabras de fe,

897.0 1614.0 529.0 57.0 amor son del dios Cupido

897.0 1663.0 461.0 58.0 (irme como el sol seré.

938.0 1711.0 517.0 89.0 Si quieres ver en la gloria

897.0 1771.0 426.0 66.0 piensa conmigo vivir,

899.0 1808.0 535.0 70.0 adiós, pues, luz de victoria

899.0 1866.0 463.0 64.0 por no pensar en sufrir,

899.0 1915.0 477.0 50.0 te dejo fierna memoria.

944.0 1953.0 436.0 55.0 Dios sabe si te tendré

901.0 2000.0 486.0 58.0 para consolar mis penas,

901.0 2041.0 415.0 64.0 piensa que no dejaré

899.0 2085.0 424.0 68.0 esa tan linda azusena

899.0 2136.0 475.0 58.0 con mis palabras de fe.

950.0 2178.0 492.0 54.0 Yo no sé porque perdido

899.0 2227.0 554.0 79.0 siempre me tengo de hallar,
