1860 2629
870.0 186.0 106.0 74.0 —32

484.0 271.0 880.0 164.0 24 LA DESPEDIDA

344.0 405.0 1215.0 201.0 DE UN TROVADOR

524.0 808.0 46.0 52.0 I.

140.0 885.0 638.0 76.0 Al acercarse ¡ay! el cruel momento

144.0 931.0 588.0 65.0 De separarme de mi dulce amor,

142.0 981.0 597.0 70.0 Cubre mi rostro nube de tristeza

144.0 1027.0 592.0 59.0 Y ayes exhala el pecho de dolor.

142.0 1073.0 744.0 59.0 Mas ¡ay! que en vano me lamento y lloro

142.0 1119.0 684.0 61.0 Que acrecerá del hado el cruel rigor...

144.0 1163.0 634.0 68.0 Oye, mi bien, oye el adios postrero

144.0 1215.0 573.0 75.0 Que te dedica amante trovador.

515.0 1266.0 46.0 103.0 II.

135.0 1356.0 801.0 92.0 No esperes, no, que el tiempo y la distancia

142.0 1417.0 590.0 64.0 Puedan borrar amor que te juré:

144.0 1461.0 689.0 79.0 Te guardaré yo una eterna constancia

144.0 1513.0 584.0 66.0 Y la distancia y tiempo burlaré.

142.0 1551.0 744.0 72.0 Mas ¡ay! que en vano me lamento y lloro

144.0 1610.0 687.0 61.0 Que acrecerá del hado el cruel rigor...

142.0 1660.0 632.0 55.0 Oye, mi bien, oye el adios postrero

142.0 1706.0 564.0 90.0 Que te dedica amante trovador.

1294.0 814.0 63.0 64.0 III.

925.0 885.0 671.0 74.0 No olvidaré, mi bien, los juramentos

925.0 942.0 663.0 72.0 Que ante tus piés me viste formular:

925.0 981.0 684.0 83.0 Conservaré en la mente tu recuerdo...

925.0 1025.0 568.0 66.0 Y á tanta fé jamás podre faltar.

925.0 1069.0 737.0 76.0 Mas ¡ay! que en vano me lamento y lloro

923.0 1128.0 689.0 63.0 Que acrecerá del hado el cruel rigor...

923.0 1172.0 636.0 65.0 Oye, mi bien, oye el adios postrero

923.0 1215.0 568.0 75.0 Que te dedica amante trovador.

1280.0 1277.0 62.0 105.0 IV.

962.0 1373.0 641.0 70.0 Tu ingratitud, fatal presentimiento

919.0 1421.0 576.0 66.0 Anuncia ya al doliente corazon:

921.0 1478.0 745.0 68.0 ¡Oh! dulce bien, no olvides mi memoria...

919.0 1527.0 686.0 52.0 Nunca me olvides ¡ay! por compasion.

910.0 1568.0 752.0 59.0 Mas ¡ay! que en vano me lamento y lloro

916.0 1612.0 689.0 74.0 Que acrecerá del hado el cruel rigor...

916.0 1660.0 636.0 68.0 Oye, mi bien, oye el adios postrero

914.0 1711.0 570.0 74.0 Que te dedica amante trovador.

1524.0 1765.0 101.0 86.0 I. D.

193.0 2260.0 1452.0 73.0 Se hallará de venta en casa los sucesores de Antonio Bosch, Bou de la Plaza Nueva, 13.

440.0 2311.0 968.0 105.0 Barcelona.—Tipografía Española, calle del Hospital, núm. 87.
