1753 2480
1593.0 45.0 58.0 107.0 47

568.0 95.0 742.0 202.0 37 INFIDELIDAD.

804.0 376.0 293.0 117.0 Á DELIO.

907.0 491.0 66.0 93.0 I.

254.0 570.0 469.0 70.0 Era un dia felice que tus ojos

210.0 622.0 573.0 74.0 Fijaste en una virjen, y azás tierno

212.0 667.0 521.0 77.0 Tu labio la jurára amor eterno,

210.0 721.0 563.0 66.0 Ante su faz postrándote de hinojos.

252.0 766.0 521.0 66.0 Era un dia feliz!! ¡Cual deliraba

208.0 810.0 668.0 78.0 Tu mente al contemplarla en el momento

208.0 872.0 569.0 60.0 Que seductor tu apasionado acento,

208.0 919.0 589.0 62.0 Un suspiro de amor la demandaba !!

250.0 958.0 568.0 75.0 Y piedad implorabas por tu suerte

208.0 1012.0 647.0 70.0 Llamándola tu bien !.. tu luz querida!

206.0 1051.0 563.0 79.0 Jurando por su amor le diera vida,

208.0 1103.0 660.0 103.0 Cual su desden te diera horrible muerte.

990.0 572.0 622.0 101.0 Y la llamaste cruel!!... cuando inocente

946.0 638.0 571.0 79.0 Su corazón en lágrimas deshecho,

942.0 688.0 521.0 64.0 Se condolía de tu amante pecho

944.0 733.0 672.0 73.0 Que abrasaba de amor fuego inclemente !

983.0 791.0 536.0 62.0 De la infeliz enardeciste el alma

942.0 828.0 600.0 89.0 Que abrigaba tambien secreto fuego,

944.0 880.0 573.0 72.0 Y conmovida por tu amante ruego

944.0 925.0 569.0 79.0 Quiso á la tuva devolver la calma.

979.0 969.0 612.0 89.0 Su silencio temió le diera agravios...

944.0 1023.0 563.0 74.0 Y una ilusion fijóse en la su menta,

944.0 1080.0 591.0 64.0 Que arrancara de su pecho inocente

946.0 1118.0 666.0 88.0 Un sí de amor, que feneció en sus labios!

938.0 1173.0 684.0 93.0 . . . . . . . . . . . .

909.0 1273.0 50.0 76.0 II.

339.0 1353.0 365.0 79.0 De enlonces mil veces

345.0 1411.0 250.0 64.0 El tuyo jurára

200.0 1434.0 604.0 95.0 A tanta hermosura, constante pasion,

318.0 1498.0 322.0 80.0 Rindiéndo a preces

320.0 1552.0 314.0 70.0 De amor en el ara,

204.0 1576.0 536.0 106.0 Que un dia erijste en tu corazon.

314.0 1711.0 302.0 84.0 De noche la brisa

314.0 1775.0 306.0 72.0 Con plácidos jiros,

198.0 1806.0 585.0 105.0 Meciendo las flores Del Prado gentil,

314.0 1870.0 273.0 76.0 Lijera y sumisa,

316.0 1930.0 326.0 66.0 Tus tiernos suspiros

190.0 1963.0 589.0 101.0 Condujo a su lecho, mil veces y mil.

314.0 2108.0 293.0 74.0 Y entonres oyera

312.0 2151.0 289.0 72.0 La joven querida

192.0 2186.0 552.0 91.0 Tu labio decirla con tierno cantar:

314.0 2248.0 376.0 74.0 «!Cuán grato me fuera,

314.0 2302.0 347.0 64.0 «Oh! luz de mi vida,

194.0 2339.0 593.0 101.0 «Virir á tu lado... tu aliento aspirar!

1064.0 1345.0 395.0 91.0 «Cuan dulce en el valle

944.0 1461.0 554.0 82.0 «Oir los gorjeos de algun ruiseñor,

1060.0 1417.0 428.0 71.0 «De un sauce á la sombra,

1056.0 1514.0 318.0 69.0 a ñendo tu talle...

934.0 1603.0 643.0 102.0 «Sentados cantarte mil trobas de amor.

1054.0 1566.0 407.0 66.0 «Y en la verde alfombra

1054.0 1698.0 341.0 116.0 «Y oir el murmullo.

934.0 1835.0 581.0 80.0 «De fuente que baña pensil seductor,

1052.0 1789.0 407.0 77.0 «De un cerro en la loma,

1054.0 1888.0 345.0 81.0 «Y el plácido arrullo

932.0 1977.0 560.0 75.0 «Y el eco de flauta del rudo pastor.

1052.0 1936.0 322.0 76.0 «De blanca paloma,

1046.0 2108.0 345.0 72.0 «Mas temo, mi bella,

1043.0 2167.0 387.0 69.0 «Mi bien !..mi tesoro!

928.0 2205.0 601.0 93.0 ¿Que un dia infelice tu amor perderé.

1041.0 2275.0 255.0 60.0 —Y díjole ella

1046.0 2302.0 384.0 82.0 «No temas... te adoro!

932.0 2364.0 653.0 82.0 «tu vida es mi vida!.. tu amor es mi fé.
