1860 2629
513.0 219.0 699.0 98.0 TRAGICO SUCESO

214.0 333.0 1332.0 83.0 acaecido en Barcelona en tiempo de los Condes y de los Sarracenos en

280.0 392.0 1268.0 105.0 España, en cuyo relato se verá que por conato de casamiento uno de

280.0 462.0 1266.0 101.0 los Mires con una hija de los Condes de Barcelona y no poderse ve-

280.0 523.0 921.0 114.0 rificar, sufrió toda especie de estragos y desmanes.

252.0 709.0 412.0 57.0 La opulenta Barcelona,

210.0 753.0 452.0 68.0 testigo de tantos hechos,

210.0 799.0 441.0 57.0 hoy un caso nos refiere

212.0 841.0 531.0 59.0 de los muchos que, desechos

214.0 893.0 430.0 55.0 en llanto sus habitantes,

212.0 933.0 485.0 66.0 sufrieron sin mas consuelo

219.0 990.0 471.0 52.0 que mirarse unos á otros,

214.0 1023.0 454.0 59.0 sin poderse dar remedio.

219.0 1071.0 403.0 52.0 Por el siglo nono fue

217.0 1119.0 476.0 50.0 sobre poco mas ó menos :

212.0 1163.0 353.0 48.0 regian á Barcelona

212.0 1202.0 588.0 57.0 los Condes, que en aquel tiempo

214.0 1250.0 380.0 53.0 eran reyes y señores

217.0 1288.0 583.0 65.0 y amaban mucho á sus pueblos.

212.0 1338.0 443.0 53.0 Gobernaba por entonces

217.0 1375.0 515.0 62.0 un Señor de los mas bellos,

214.0 1424.0 457.0 52.0 hombre rígido , prudente

217.0 1463.0 561.0 68.0 y en todas armas muy diestro.

219.0 1511.0 423.0 57.0 Le rodeaba una familia

212.0 1553.0 454.0 63.0 que halagaba sus deseos,

219.0 1601.0 436.0 59.0 esposa , hija y dos hijos

212.0 1645.0 380.0 59.0 escelentes caballeros.

217.0 1686.0 438.0 62.0 La hija era en su clase

212.0 1732.0 441.0 57.0 la única en estos reinos

212.0 1774.0 498.0 59.0 blanca , rubia , pelo blondo

214.0 1822.0 498.0 57.0 buena planta , talle esbelto,

212.0 1870.0 454.0 57.0 rostro fino , y resaltaban

217.0 1923.0 458.0 55.0 en él un par de gemelos

219.0 1965.0 410.0 48.0 que se llevaban tras sí

214.0 1998.0 494.0 59.0 á todo el que osaba verlos.

219.0 2048.0 357.0 53.0 El hijo mayor casó

217.0 2096.0 449.0 51.0 con una dama de fueros

217.0 2140.0 405.0 50.0 que tenia en vasallage

221.0 2184.0 472.0 52.0 muchos estados y buenos.

223.0 2225.0 430.0 57.0 Hicieron para las bodas

221.0 2269.0 430.0 62.0 toros , cañas y torneos ,

219.0 2309.0 447.0 120.0 asistieron muchas gentes

932.0 709.0 392.0 49.0 é infinitos caballeros.

940.0 753.0 536.0 57.0 Entre ella vino un Mir moro ,

938.0 797.0 500.0 57.0 Señor de los cuatro reinos

938.0 847.0 492.0 51.0 de Andalucía , dó entonces

938.0 885.0 467.0 59.0 mandaban los Sarracenos,

936.0 922.0 535.0 61.0 Joven , gallárdo , buen mozo ,

936.0 977.0 494.0 57.0 orgulloso y muy dispuesto;

938.0 1014.0 476.0 61.0 y asi que vió á la Señora

936.0 1058.0 483.0 63.0 la de los blondos cabellos,

938.0 1104.0 380.0 57.0 dijo para su capote :

938.0 1150.0 410.0 63.0 esta dama me la llevo

938.0 1191.0 410.0 62.0 aunque supiera perder

938.0 1233.0 487.0 70.0 por ella mis cuatro reinos.

945.0 1292.0 410.0 53.0 Animado de esta idea

947.0 1323.0 502.0 65.0 se lució tanto en los juegos

943.0 1371.0 579.0 59.0 de las armas , que , entre todos,

947.0 1408.0 443.0 70.0 él se llevaba los premios

945.0 1459.0 443.0 70.0 que ofrecia á la Señora

940.0 1505.0 454.0 61.0 muy galante y caballero.

943.0 1553.0 408.0 59.0 Solo el conde competia,

943.0 1590.0 566.0 66.0 que era en las armas muy diestro.

947.0 1638.0 469.0 66.0 Cuando acababan las fiestas

945.0 1684.0 474.0 62.0 todos se iban á sus pueblos;

947.0 1728.0 410.0 57.0 solo el moro se quedara

945.0 1772.0 388.0 68.0 para lograr sus deseos.

947.0 1820.0 406.0 59.0 Un dia le dijo al Conde

947.0 1857.0 450.0 70.0 quiero que seas mi suegro

949.0 1899.0 507.0 79.0 por que amó mucho á tu hija,

949.0 1954.0 353.0 59.0 y ya sabes que poseo

947.0 1984.0 441.0 75.0 cuatro reinos en mi tierra

947.0 2044.0 469.0 61.0 que son estados muy bellos.

947.0 2081.0 559.0 57.0 Es verdad , respondió el Conde ;

949.0 2127.0 527.0 68.0 pero algo hay que ver en esto ;

949.0 2171.0 443.0 63.0 por que eres mahometano

956.0 2223.0 412.0 64.0 y yo soy cristiano viejo,

954.0 2265.0 394.0 63.0 y no permiten las leyes

956.0 2300.0 421.0 109.0 nuestros enlaces por eso.
