1860 2629
228.0 1101.0 1324.0 241.0 LA SOGRA Y LA NORA

590.0 1340.0 592.0 94.0 PRIMERA PART

313.0 1452.0 1149.0 92.0 ilusions de bon viure y projectes de felicitat

164.0 1559.0 610.0 84.0 Sra. Maria Benchida sigui l'hora

243.0 1608.0 443.0 59.0 que la guapa Margarida.

203.0 1645.0 446.0 57.0 que la guapa Margarida,

241.0 1682.0 471.0 53.0 a casa entrará per nora.

342.0 1715.0 434.0 55.0 Prompte' m. dirá mare:

318.0 1750.0 410.0 53.0 i a n en Joseph pare:

311.0 1783.0 379.0 57.0 i es que tambe' l noy

315.0 1822.0 336.0 53.0 qu'es ben bonicoy,

318.0 1857.0 337.0 55.0 he tingut bon gust,

302.0 1888.0 340.0 57.0 i aixís es molt Just

239.0 1932.0 493.0 44.0 que li estimen la promesa,

195.0 1962.0 539.0 53.0 i entri a casa com marquesa

342.0 2000.0 351.0 48.0 I ara veig que ve

309.0 2037.0 335.0 50.0 pel cap del carré:

302.0 2074.0 283.0 42.0 la vull espará.

239.0 2076.0 544.0 77.0 la veurán que que carinyosa

230.0 2131.0 553.0 64.0 quem' parla. ¡Si es tan hermosa!

166.0 2168.0 641.0 60.0 Margarida ¡ Hola, senyora Maria !

247.0 2206.0 424.0 54.0 qué ve de la Boquería?

239.0 2234.0 528.0 64.0 i a fé que li he ben huscada,

241.0 2280.0 522.0 53.0 pero en cap lloch l'he trobada.

243.0 2309.0 564.0 72.0 N'he comprat uns xichs de molls

241.0 2355.0 388.0 43.0 moscatell i picapolls,

304.0 2388.0 296.0 52.0 i ara n'hi daré

311.0 2423.0 355.0 76.0 perque esmorsi be;

1101.0 1562.0 315.0 57.0 i pel seu Quimet

1092.0 1601.0 362.0 53.0 aqueix presseguet,

1033.0 1634.0 432.0 55.0 i li diu que aquesta nit

1028.0 1671.0 410.0 59.0 luego de ficado al ilit

1039.0 1711.0 360.0 52.0 m'he posat a somié

1030.0 1739.0 413.0 55.0 que' ns veniem de casá.

1022.0 1774.0 421.0 55.0 i que tothom aplaudia

1030.0 1807.0 424.0 68.0 lo nostra goig Palegria.

969.0 1840.0 608.0 74.0 Sra. M. Casi'm moro de contenta

1028.0 1886.0 448.0 52.0 al pensá s'acosta l'hora

1033.0 1921.0 460.0 52.0 de que tinguí jo per nora

1033.0 1958.0 427.0 50.0 una noya tan prudenta.

1039.0 1991.0 529.0 59.0 M' han dit que eras, orgullosa,

1037.0 2030.0 483.0 49.0 un xich bruta i llaminera,

1041.0 2061.0 351.0 53.0 fins beata farinera,

1037.0 2096.0 434.0 59.0 mal feinera i peresoss,

1044.0 2138.0 408.0 46.0 malgastadora, coqueta,

1035.0 2164.0 452.0 59.0 la mes dropa dormidora

1041.0 2199.0 470.0 61.0 que's coneix a Barcelona.

1035.0 2243.0 447.0 52.0 i una hipócrita perfecta.

971.0 2271.0 606.0 57.0 Marg. Es dí que tindé més faltes

1044.0 2311.0 530.0 55.0 que el burro d'una tarrayre,

1037.0 2342.0 533.0 61.0 hi ha una gent mes xarrayre,

1044.0 2383.0 465.0 61.0 que tot ho tira a les galtes.

1039.0 2409.0 371.0 114.0 Si sobía qui li ha dit.
