1753 2480
148.0 214.0 561.0 69.0 F. Está mala y tu ten rius ?

186.0 266.0 458.0 81.0 á fe que jo no voldria

183.0 318.0 490.0 64.0 tenir senblant malaltia.

140.0 365.0 552.0 79.0 M. Tampoc ho voldria jo;

183.0 419.0 521.0 62.0 mes si estimaba al miñó,

183.0 465.0 441.0 76.0 deu estar desesperada

186.0 514.0 558.0 72.0 de que axis la hagi dexada.

186.0 568.0 492.0 85.0 ¿ y el ten set aporta be?

138.0 615.0 604.0 83.0 F. Aixís.. aixís.. ¿ quet diré?

183.0 682.0 402.0 59.0 sino ſos tan cabilós

188.0 723.0 401.0 74.0 y avegadas regañòs

186.0 775.0 611.0 72.0 que m' reña perque enrahono

190.0 828.0 512.0 64.0 ab altres, no men adono

192.0 874.0 570.0 78.0 y veig que m' fa mala cara:

190.0 927.0 471.0 83.0 ¿y tú not casas encara?

115.0 975.0 594.0 76.0 MM. Yo per ara mels espiño;

186.0 1031.0 502.0 60.0 ell me té bastant cariño,

188.0 1078.0 475.0 71.0 mes fins que surti fadrí

188.0 1124.0 601.0 85.0 diu que no s' vol casá ab mí;

188.0 1182.0 576.0 74.0 sempre diu que el matrimoni

186.0 1231.0 580.0 75.0 es mes pesát que un dimoni:

190.0 1293.0 554.0 68.0 jó li dich que sí ho probés

188.0 1339.0 514.0 66.0 estich certa que el trobés

188.0 1390.0 651.0 73.0 molt mes llauger que una palla;

183.0 1438.0 534.0 76.0 se entén no tenint caualla.

144.0 1494.0 517.0 60.0 F. ¿ Y regalos no ten fá ?

146.0 1533.0 600.0 79.0 M. Jo fas mes que ell no fará

196.0 1593.0 494.0 72.0 puig li compro cada dia

188.0 1638.0 527.0 71.0 si no dos, un ou del dia:

188.0 1692.0 411.0 62.0 las natas del dematí

192.0 1742.0 488.0 76.0 y á voltas li pago el ví;

194.0 1795.0 599.0 77.0 per supuesto lo amo ho paga,

194.0 1857.0 481.0 69.0 puig qui sisa sen amaga

194.0 1897.0 510.0 74.0 y estich certa si ho sabía

194.0 1948.0 481.0 64.0 que al diable m' tiraria.

142.0 1996.0 600.0 74.0 F. ¿ Y lo amo si fas tardadas

186.0 2052.0 556.0 66.0 no t' reña moltas vegadas?

140.0 2095.0 550.0 72.0 M. Poc li costa el regaña,

188.0 2151.0 583.0 68.0 mes tinch la escusa à la má;

186.0 2203.0 624.0 68.0 si es á la font, dich mestressa,

186.0 2256.0 570.0 71.0 no vulgui veurer mes pressa

186.0 2304.0 543.0 72.0 de la que habia en la fon;

188.0 2353.0 454.0 91.0 dos fornés ab lo sifon

919.0 214.0 393.0 67.0 umplian una samal

921.0 260.0 472.0 66.0 he estat una hora cabal

921.0 318.0 470.0 62.0 esperant que sen anesin

926.0 357.0 628.0 85.0 y umplí els cantis me dexesin:

924.0 411.0 444.0 76.0 altres vegadas li dich,

924.0 465.0 448.0 72.0 si la font de monjuich

924.0 518.0 494.0 66.0 gota de aigua en rajaba :

928.0 566.0 641.0 80.0 y ella m' respon, si ets tan faba,

928.0 622.0 440.0 62.0 vesten á la clavaguera

924.0 667.0 489.0 79.0 que alli ningu se espera.

969.0 721.0 597.0 78.0 Cuan tardo á vení de plassa

921.0 783.0 548.0 54.0 me diu, vaya una cachassa

921.0 820.0 588.0 70.0 com tens per aná á comprá ;

924.0 870.0 591.0 70.0 jo dich que he hagut de rodá

926.0 930.0 552.0 70.0 per poder trobà col verda;

924.0 977.0 545.0 60.0 ella me engega à la merda,

928.0 1027.0 490.0 70.0 pero de ella non fas cas,

921.0 1072.0 513.0 70.0 sols penso ab lo bordegás

926.0 1128.0 407.0 70.0 y desitjo lo endemà

924.0 1184.0 448.0 72.0 per poderhi enrahoná.

882.0 1233.0 658.0 71.0 F. També es cosa que m' agrada

924.0 1285.0 487.0 68.0 fer petá alguna xarrada;

921.0 1333.0 501.0 68.0 la milló estona que tinch

919.0 1382.0 600.0 66.0 mentres que á la plassa vinch

921.0 1434.0 441.0 64.0 es la de tení al costàt

926.0 1490.0 477.0 64.0 parlant lo meu estimát;

926.0 1535.0 425.0 77.0 y te aseguro, Maria,

924.0 1587.0 446.0 72.0 que si pogués cada dia

921.0 1638.0 340.0 64.0 aprofitá la ocasió

921.0 1680.0 503.0 74.0 de, enrahoná ab lo miñó

924.0 1738.0 587.0 78.0 per mes que el amo m' reñés

921.0 1791.0 424.0 60.0 no se men daria rés.

932.0 1841.0 492.0 72.0 Trauria el comte següen,

926.0 1895.0 469.0 64.0 tenint lo xicót content,

928.0 1944.0 591.0 66.0 que es qui tinch de acontentà

928.0 1998.0 477.0 62.0 que sen fadin poc me fa

926.0 2048.0 593.0 72.0 tant lo amo com la mestressa,

924.0 2103.0 510.0 67.0 ni mes ni menos depressa

921.0 2143.0 395.0 68.0 aniría del meu pas.

884.0 2196.0 571.0 69.0 M. Francisca tampoc fas cas

926.0 2256.0 456.0 60.0 tocant al meu interés;

924.0 2304.0 533.0 70.0 sempre penso que val mes

924.0 2353.0 539.0 87.0 allo que mes me acomoda:

1535.0 161.0 54.0 82.0 3
