2148 3034
771.0 316.0 380.0 93.0 En aquesta soledad

723.0 386.0 529.0 64.0 Lloro un bien que no poseo,

726.0 437.0 478.0 53.0 Pues sin libertad me veo

728.0 477.0 478.0 86.0 En lo mejor de mi edad.

402.0 500.0 503.0 101.0 El sol, estrellas y Luna,

364.0 576.0 481.0 68.0 Signos y demas planetas,

366.0 627.0 461.0 58.0 Vístanse negras vayetas

364.0 670.0 475.0 53.0 Al ver mi mala fortuna:

359.0 702.0 513.0 61.0 Lloren desde su alta cuna

364.0 740.0 488.0 61.0 Mi suerte, mi iniquidad,

361.0 786.0 499.0 60.0 Publiquen pues la verdad

361.0 826.0 575.0 61.0 De estos acentos que espreso,

366.0 864.0 504.0 66.0 Pues estoy amás de preso

354.0 900.0 382.0 68.0 En aquesta soledad.

402.0 948.0 506.0 58.0 El hombre, peces y aves,

364.0 975.0 508.0 74.0 El aire, tierra y el fuego,

361.0 1029.0 547.0 60.0 Al ver mi gran desconsuelo,

359.0 1061.0 503.0 66.0 Pidan creces á los mares:

359.0 1109.0 478.0 56.0 Cesen el canto las aves,

356.0 1147.0 453.0 56.0 Callen su dulce gorgeo,

364.0 1185.0 460.0 58.0 Mirando el estado fiero.

364.0 1211.0 551.0 75.0 Y penas que estoy pasando,

356.0 1259.0 582.0 65.0 Pues amás de estan penando,

359.0 1312.0 546.0 86.0 Lloro un bien que no poseo.

1067.0 485.0 501.0 119.0 Las rosas y demas flores,

1032.0 563.0 592.0 71.0 Aunque en su abril divertidas,

1029.0 621.0 440.0 56.0 De fino color vestidas

1032.0 657.0 506.0 61.0 Publiquen mis sinsabores:

1029.0 690.0 537.0 68.0 Vistanse todas de horrores,

1022.0 733.0 551.0 65.0 De llanto el hermoso suelo,

1027.0 778.0 531.0 71.0 Y hasta las plantas anhelo

1027.0 824.0 503.0 60.0 Que me ayuden á llorar,

1027.0 864.0 488.0 58.0 Lloren, lloren sin cesar,

1024.0 902.0 486.0 58.0 Pues sin libertad me veo.

1062.0 935.0 514.0 63.0 Hasta las mas duras rocas

1027.0 973.0 579.0 66.0 Que incapaces son de hablar,

1027.0 1021.0 425.0 63.0 Para sentir mi penar,

1024.0 1049.0 519.0 76.0 Abran de su centro bocas:

1029.0 1104.0 504.0 64.0 Y si estas parecen pocas,

1027.0 1145.0 384.0 55.0 Pide mi temeridad,

1024.0 1173.0 483.0 65.0 Diga tambien la verdad

1027.0 1208.0 577.0 76.0 Cuanto este mundo contiene,

1024.0 1261.0 615.0 76.0 Quién es quien preso, me tiene

1019.0 1307.0 496.0 98.0 En la mejor de mi edad.

786.0 1367.0 357.0 56.0 Una paloma maté

743.0 1408.0 415.0 68.0 Pero mucho me costó,

738.0 1431.0 549.0 83.0 No hay duda que ella cayó,

738.0 1489.0 544.0 73.0 Despues de muerta se fué.

399.0 1532.0 466.0 86.0 Señores, voy a contar

359.0 1587.0 602.0 79.0 Lo que à mi me ha sucedido,

351.0 1638.0 537.0 68.0 Aquel que fuere entendido

351.0 1673.0 539.0 66.0 Sabrá este asunto esplicar:

354.0 1719.0 382.0 60.0 A ficionado à cazar

354.0 1749.0 468.0 73.0 Desde niñó me enseñé,

356.0 1797.0 425.0 58.0 Una escopeta compré

354.0 1833.0 501.0 70.0 Con polvora y municion,

361.0 1876.0 481.0 60.0 Y en una cierta ocasion

354.0 1916.0 354.0 63.0 Una paloma maté.

392.0 1936.0 566.0 86.0 Mucho tiempo fui buscando,

354.0 1997.0 493.0 66.0 Sin poder vaciar, el tiro,

351.0 2032.0 574.0 74.0 Cuando en un árbol la miro,

351.0 2080.0 537.0 61.0 Como se estaba espulgando:

349.0 2116.0 516.0 68.0 Ella á otro árbol pasando.

349.0 2154.0 432.0 60.0 Muy corrido me dejó,

346.0 2194.0 448.0 71.0 Mas lurgo la seguí yo

344.0 2237.0 420.0 61.0 Sin poderla asegurar,

344.0 2267.0 518.0 76.0 En fin la víne à apuntar

336.0 2318.0 440.0 172.0 Pero mucho me costó.

1062.0 1537.0 511.0 76.0 Con toda aquella armonia

1022.0 1592.0 493.0 66.0 Que requiere la ocasion,

1032.0 1630.0 458.0 58.0 Vine á ver el perdigon

1024.0 1668.0 531.0 79.0 Que entraba en la caseria:

1027.0 1711.0 420.0 61.0 La mucha melancolia

1027.0 1747.0 526.0 86.0 De aquel lugar me apartó,

1017.0 1787.0 399.0 66.0 Pero siguiéndola yo

1019.0 1835.0 390.0 58.0 Hasta poderle tirar,

1017.0 1868.0 483.0 66.0 En fin la vine à matar,

1017.0 1908.0 544.0 66.0 No hay duda que ella cayó.

1065.0 1949.0 513.0 68.0 ¡Quién mas infeliz que yo

1017.0 1992.0 549.0 58.0 En el mundo habrá nacido!

1024.0 2035.0 547.0 58.0 ¡A quién le habrá sucedido

1019.0 2073.0 547.0 73.0 Lo que à mí me sucedió!

1017.0 2116.0 399.0 60.0 La única que cayó,

1017.0 2144.0 503.0 73.0 Despues que tanio afané,

1019.0 2194.0 488.0 58.0 Y dos mil trabajos pasé

1017.0 2235.0 501.0 55.0 Por cogerla, ella volando

1012.0 2267.0 533.0 71.0 Sin saher cómo ni cuando,

1012.0 2313.0 513.0 169.0 Después de muerta se fue.
