2148 3034
564.0 257.0 498.0 104.0 Estas prudentes medidas

511.0 326.0 544.0 88.0 que el hombre debe tomar,

513.0 379.0 534.0 73.0 sen por Dios establecidas;

508.0 422.0 423.0 86.0 si las ha de observar

508.0 465.0 524.0 93.0 debe tener tres partidas.

559.0 523.0 478.0 76.0 La prudencia y el valor

513.0 573.0 486.0 76.0 regularàn sus acciones,

518.0 629.0 511.0 73.0 la honradez y pundonor

518.0 670.0 554.0 75.0 à mas de estas perfecciones

518.0 718.0 592.0 88.0 hablar bien y obrar mejor.

571.0 778.0 476.0 63.0 La inocencia protegida

523.0 824.0 494.0 76.0 por el hombre debe ser,

526.0 867.0 440.0 73.0 la pobreza socorrida,

528.0 925.0 403.0 71.0 oculto si puede ser,

528.0 958.0 532.0 101.0 y no alabarse en su vida.

1214.0 235.0 448.0 108.0 y te adoro con fervor,

1216.0 316.0 476.0 75.0 pero estoy en amargura

1214.0 366.0 577.0 81.0 que otro ha de coger la flor.

1270.0 409.0 622.0 81.0 Yo siempre estoy maquinandó,

1219.0 460.0 458.0 73.0 y si la ocasion llegàra,

1216.0 508.0 517.0 78.0 muerte le diera al tirano,

1216.0 561.0 471.0 73.0 si asi la flor maltratára

1216.0 606.0 484.0 94.0 del jardin de mi regalo.

726.0 1061.0 283.0 79.0 TROVO IV.

589.0 1142.0 476.0 94.0 El corazon tengo triste,

528.0 1193.0 658.0 98.0 porque siempre estoy pensando

538.0 1259.0 554.0 70.0 que otro ha de coger la flor

541.0 1309.0 526.0 79.0 del jardin de mi regalo.

589.0 1355.0 635.0 126.0 A mí nohay quien me conquiste

546.0 1456.0 544.0 76.0 ni me ponga en bien estar,

551.0 1499.0 622.0 73.0 soy como un leon que embiste:

551.0 1549.0 529.0 76.0 de que me pongo à pensar

551.0 1602.0 478.0 74.0 el corazon tengo triste.

602.0 1630.0 549.0 96.0 Mi alma se halla pensando,

561.0 1699.0 514.0 73.0 y siempre de noche y día

561.0 1747.0 488.0 70.0 mi corazon suspirando;

561.0 1797.0 501.0 73.0 conmigo no hay alegria

559.0 1822.0 675.0 102.0 porque siempre estoy pensando.

617.0 1886.0 511.0 88.0 No encuentro cosa mejor

566.0 1944.0 575.0 83.0 que es amar á tu hermosura,

1432 712 265 56 TROVO V.

1277.0 791.0 529.0 71.0 Por tu flor bella madama

1234.0 849.0 476.0 73.0 solo en ta jardin entré,

1234.0 900.0 531.0 75.0 no pude alcanzar el árbol,

1234.0 940.0 382.0 83.0 la fruta sí la caté.

1285.0 991.0 432.0 75.0 El dinero me gastaba

1242.0 1051.0 402.0 58.0 con cosillas para tí,

1242.0 1094.0 458.0 71.0 à mí poco se me daba,

1242.0 1145.0 445.0 68.0 que lo hacia con el fin

1237.0 1185.0 544.0 84.0 por tu flor bella madama.

1305.0 1243.0 531.0 56.0 Yo muy bien lo esplicaré

1244.0 1281.0 564.0 74.0 á los que escuchando estàn,

1247.0 1342.0 351.0 61.0 á solas te lo diré,

1237.0 1380.0 526.0 81.0 que por la fruta de Adan

1254.0 1436.0 489.0 75.0 solo en tu jardin entrè.

1308.0 1474.0 569.0 88.0 Yo no desciendo de hidalgo,

1254.0 1532.0 544.0 65.0 soy del segundo Afavonio,

1249.0 1580.0 509.0 76.0 mira si te digo algo,

1254.0 1628.0 552.0 73.0 que por culpa del demonio

1254.0 1678.0 570.0 79.0 nopude alcanzar el árbol

1308.0 1729.0 442.0 68.0 Es cierto me enamoré

1259.0 1782.0 438.0 68.0 resalada prenda mia,

1267.0 1827.0 473.0 69.0 de lo que intenté logré,

1259.0 1878.0 519.0 78.0 lo logré con alma y vida,

1259.0 1929.0 388.0 91.0 lafruta si la caté.

1216.0 2156.0 99.0 86.0 FIN.

807.0 2313.0 953.0 169.0 Madrid. Imprenta de Josè M. Marès.= 1844.
