1860 2629
243.0 269.0 577.0 107.0 un calentador de azefar,

239.0 346.0 476.0 83.0 abanico de Verano,

241.0 396.0 485.0 77.0 el rizar a la Señera

243.0 446.0 553.0 86.0 en los dias celebrados,

245.0 497.0 660.0 85.0 que sin manteca, ni polvos,

236.0 545.0 683.0 88.0 se van treinta y quatro quartos.

239.0 609.0 487.0 67.0 A todo esto se sigue

239.0 652.0 581.0 79.0 los vomitos del preñado

239.0 703.0 581.0 74.0 de un hijo que sera suyo

239.0 760.0 561.0 76.0 tuerto coxo ó jorobado:

239.0 799.0 633.0 86.0 lo que en tal caso se ofrece

239.0 854.0 587.0 81.0 no se si sabré explicarlo,

239.0 904.0 491.0 81.0 atiéndame si es así,

241.0 957.0 618.0 79.0 el que lo hubiere pasado,

241.0 1009.0 590.0 79.0 pues al punto le precisa

241.0 1062.0 568.0 72.0 el prevenir de contado

236.0 1099.0 667.0 92.0 el hatillo en que envolverlo,

239.0 1161.0 664.0 76.0 el víno cos que labarlo,

243.0 1215.0 454.0 77.0 jarave de peonís,

241.0 1264.0 667.0 81.0 para quando liegue el parto

943.0 284.0 566.0 77.0 la Comadre, la bebida,

947.0 341.0 553.0 77.0 el Médico, el Cirujano,

951.0 400.0 582.0 66.0 los aceytes, los jaraves,

949.0 449.0 632.0 70.0 las mesas de los emplastos,

945.0 495.0 570.0 74.0 alhucema, escorzionera,

945.0 554.0 585.0 66.0 sin otras cosas de gastos,

945.0 595.0 581.0 73.0 el Ama que crie el Niño

947.0 666.0 680.0 59.0 porque tene un pecho malo,

945.0 701.0 517.0 72.0 y esta lleva cada mes

947.0 747.0 612.0 74.0 de tres à quatro ducados,

943.0 799.0 561.0 72.0 sin llenarle la barriga,

949.0 854.0 687.0 70.0 que esto suele ser mas caro:

947.0 900.0 579.0 74.0 si el Ama tiene Marido

945.0 953.0 689.0 76.0 son muchos mas los cuidados,

949.0 1001.0 639.0 79.0 y quando ménos se piensa

943.0 1058.0 535.0 63.0 sale con un embarazo;

927.0 1106.0 632.0 68.0 mas à pocos mesas vemos

930.0 1156.0 519.0 70.0 al infante encanijado:

932.0 1200.0 616.0 81.0 y así amigo, si pudieres,

949.0 1250.0 654.0 75.0 librate de este gran chasco.

243.0 1443.0 1384.0 90.0 Con licencia: En Córdoba, en la Oficina de D. Luìs Ramos

322.0 1507.0 1237.0 92.0 y Coria, Plazuela de las Cañas, donde se hallará todo

546.0 1564.0 785.0 94.0 género de surtimiento y Estampas.

877.0 1345.0 147.0 85.0 FIN.
