1753 2480
556.0 183.0 485.0 93.0 ¿Para qué me acariciabas

508.0 264.0 496.0 60.0 y me dabas tantas glorias,

510.0 312.0 455.0 62.0 si me habias de olvidar,

510.0 353.0 459.0 62.0 ingrata, de tu memoria?

202.0 382.0 459.0 78.0 Triste y confuso, á morir

155.0 436.0 502.0 70.0 voy en brazos de mi suerte,

152.0 481.0 387.0 64.0 dias pasaré sin verte

155.0 531.0 401.0 55.0 en continuado gemir :

157.0 574.0 363.0 60.0 corto será mi sufrir

152.0 620.0 453.0 59.0 al considerar me amabas

157.0 669.0 411.0 58.0 y por otro me dejabas

150.0 704.0 350.0 62.0 oly dándote de mí;

155.0 752.0 409.0 62.0 y supuesto que es así,

155.0 783.0 485.0 82.0 ¿para qué me acariciabas?

202.0 834.0 529.0 75.0 ¿Qué se hicieron las ternezas

157.0 884.0 430.0 68.0 que recibt de tu pecho?

152.0 915.0 629.0 77.0 ¿dónde fueron? ¿qué se han hecho

155.0 975.0 446.0 62.0 tantas colmadas finezas?

148.0 1025.0 455.0 62.0 se cambiaron en tibiezas,

152.0 1062.0 453.0 62.0 siendo mi dicho ilusoria,

155.0 1109.0 450.0 58.0 pues toda fue transitoria

152.0 1151.0 492.0 62.0 de aquel tiempo ya pasado

157.0 1204.0 469.0 56.0 que de tí me ví estimado,

157.0 1252.0 504.0 68.0 y me dabas tantas glorias.

880.0 363.0 453.0 93.0 Con tu proceder estraño

839.0 442.0 475.0 62.0 me llenaste de amargura,

837.0 481.0 392.0 62.0 de dolor y pena dura

839.0 529.0 432.0 62.0 al reconocer tu engaño;

841.0 578.0 422.0 64.0 para mayor desengaño

839.0 620.0 444.0 66.0 de mi tormento y pesar,

841.0 665.0 386.0 62.0 te quisiera preguntar

839.0 713.0 494.0 57.0 en medio de mi quebranto;

839.0 748.0 500.0 72.0 ¿para qué me amabas tanto

839.0 793.0 455.0 66.0 si me habias de olvidar?

882.0 826.0 509.0 83.0 Mis suspiros lleve el viento,

839.0 888.0 362.0 62.0 el lvido á mi dolor

831.0 927.0 454.0 65.0 y mis lágrimas de amor

841.0 981.0 426.0 56.0 sepulte mi sentimiento

843.0 1014.0 480.0 71.0 ya me faltó el sufrimiento

837.0 1064.0 424.0 56.0 al verte con vanagloria

839.0 1103.0 457.0 66.0 de conseguir la victoria;

843.0 1134.0 570.0 89.0 pues me acuerdo me has amado

849.0 1206.0 492.0 58.0 y despues me has olvidado,

837.0 1242.0 457.0 76.0 ingrata, de tu memoria?

202.0 1376.0 424.0 62.0 Casarme yo me casara

155.0 1434.0 427.0 49.0 como hacen los demas,

152.0 1475.0 457.0 50.0 si una mujer á mi gusto

155.0 1516.0 407.0 65.0 fuera facil encontrar.

196.0 1560.0 393.0 62.0 Si cariñosa es celosa

150.0 1601.0 391.0 68.0 y si esquiva celos da,

155.0 1655.0 434.0 52.0 si constante dura poco,

155.0 1696.0 396.0 58.0 si seria, suele cansar,

152.0 1742.0 476.0 60.0 si alegre, con sus locuras

152.0 1789.0 484.0 52.0 se da muy poco á estimar,

159.0 1829.0 469.0 66.0 y si grave, tiene siempre,

152.0 1878.0 523.0 60.0 de ceño, una cuarta y mas.

429.0 1922.0 253.0 55.0 Casarme, etc.

198.0 1969.0 475.0 58.0 Si pobre, todo es miseria,

152.0 2004.0 335.0 66.0 y si rica vanidad,

152.0 2050.0 534.0 66.0 si discreta, ha de engañarme,

155.0 2101.0 492.0 50.0 si tonta la han de engañar,

157.0 2145.0 572.0 58.0 si es muchacha de edad tierna,

157.0 2186.0 411.0 60.0 es un potro sin domar,

155.0 2225.0 430.0 62.0 y si vieja, una guitarra

159.0 2277.0 529.0 95.0 que está siempre por templar.

419.0 2316.0 267.0 95.0 Casarme, etc.

882.0 1386.0 486.0 56.0 Si fea no está aun segura,

841.0 1428.0 496.0 55.0 si hermosa, se hace rogar,

839.0 1473.0 448.0 58.0 si delgada es una flanta,

843.0 1519.0 424.0 62.0 y si gorda es un costal,

839.0 1564.0 453.0 54.0 si pequeña es un juguete

839.0 1601.0 453.0 68.0 que no se vé dónde está,

835.0 1653.0 434.0 60.0 y si alta, una fantasma

839.0 1696.0 467.0 73.0 que asusta por donde va.

1110.0 1736.0 254.0 62.0 Casarme, etc.

878.0 1785.0 496.0 58.0 Con la cruz del matrimonio

845.0 1837.0 480.0 56.0 yo no me atrevo á cargar,

835.0 1874.0 339.0 60.0 en caso de cirineo

841.0 1915.0 451.0 64.0 quiero una plaza buscar :

843.0 1961.0 442.0 64.0 perdónenme las mujeres

835.0 2000.0 430.0 64.0 si no he sabido esplicar

837.0 2050.0 523.0 60.0 sus faltas, porque son tantas

841.0 2093.0 451.0 66.0 que no las puedo contar.

884.0 2184.0 451.0 62.0 Mejor me será, señores,

1114.0 2145.0 264.0 60.0 Casarme, etc.

843.0 2236.0 426.0 55.0 el quedarme sin casar,

841.0 2279.0 498.0 56.0 que cargar con una maula

835.0 2314.0 463.0 81.0 por toda ana eternidad.

252.0 1293.0 1170.0 114.0 COPLAS PARA CANTAR LOS MOZOS CON LA GUITARRA.
