1753 2480
136 142 455 106 y con la ropa que visten

132 225 461 56 hacen de noche la cama:

136 270 504 52 las sayas son los colchones,

134 312 502 60 con las mantillas se tapan;

136 347 457 68 estas no gastan puchero,

140 398 407 56 ni cazuela ni cuchara,

148 425 509 79 porque en siendo medio dia

142 483 564 60 á cualquier bodegon marchan,

152 527 428 66 y se sientan en la mesa;

152 572 459 66 piden lo que les dá gana,

146 613 465 62 callos, chanfaina, potage,

152 659 435 64 y como en estos parajes

152 694 389 70 jamás arrieros faltan,

152 748 414 60 enredan conversacion,

155 781 483 64 les hacen cuatro monadas,

161 828 459 68 y de esto viene á resultar

161 870 514 72 que son ellos los que pagan.

332 913 346 56 Alerta jovenes, etc.

210 952 470 62 Y tambien los carreteros,

163 992 475 74 que es la gente mas ufana

167 1043 508 66 que andan por los caminos,

167 1091 413 60 esos llogan de mañana

167 1126 467 66 á Madrid, y al medio dia

173 1167 407 75 ya tienen la cita dada,

167 1202 498 71 el cómo, la casa y cuando,

165 1252 494 64 donde han de ir á pillarla;

169 1302 608 70 no entiendan de que es la mona,

171 1345 436 64 ni del sueño la jornada,

173 1382 521 64 que es la niña muy bonita,

173 1428 395 62 cariñosa y currutaca,

173 1469 521 68 que unos llaman la gachona,

175 1521 467 55 otros la llaman hermana,

177 1566 432 56 otros la llaman morena,

177 1599 414 60 otros la llaman salada,

181 1645 482 66 y otros la llaman demonio

179 1688 519 64 cuando les dejan sin hlanca.

355 1729 343 71 Alerta jóvenes, etc.

225 1777 426 56 Luego salen de Madrid

186 1822 413 54 los carreteros de fama,

179 1866 439 56 contándose unos á otros

181 1909 443 56 sus regocijos y hazañas :

183 1955 391 57 uno le dice, ¿que tal,

181 1977 575 79 se ha portado bien la hermana?

181 2039 486 54 otro responde: y Manuela,

181 2070 472 77 ¿qué te dijo esta mañana?

190 2122 475 58 ¿qué me dijo? que Juanillo

183 2163 476 62 iba ayer tarde con Juana;

186 2207 454 66 ese es el que no le gusta,

190 2256 469 79 y en fin, en esto rematan;

857 126 437 103 uno dice que está malo,

859 200 414 64 otra que poco le falta,

859 250 402 62 otro dice con secreto:

868 287 500 74 yo no puedo entrar en casa

872 322 517 81 porque voy algo indispuesto,

870 380 523 64 y á cargar voy á otra banda,

868 413 481 68 á ver si me pongo bueno,

868 460 467 77 que no lo conozca el ama.

1050 500 345 64 Alerta jóvenes, etc.

913 537 554 74 No entienda que es á uno solo

872 595 486 66 al que estas cosas le pasan,

874 638 436 60 que son á todos los mas

876 675 496 69 los que por caminos andan,

878 731 389 60 arrieros y carreteros,

882 760 455 77 y en fin, gente aficionada

876 812 374 66 al jaleo y á las tias,

886 845 579 82 y á gastar mas que ellos ganan:

884 892 449 64 así se quedan sin mulas,

888 946 461 56 y si alguna tienen, mala,

886 989 408 60 el carro viejo y fiado,

886 1025 521 62 en fin, todo es una trampa,

895 1072 388 64 y sus hijos ayunando,

888 1118 420 55 su muger hilando lana

893 1157 454 70 para juntar para un pan

895 1200 456 60 y al cabo de esta jornada

890 1246 482 62 llega á casa sin un cuarto

888 1291 443 60 la ropa muy derrotada,

899 1337 407 60 y todo lleno de piojos,

895 1366 483 80 con lo demás que se calla.

1077 1409 341 70 Alerta jóvenes, etc.

942 1461 478 64 Muchas de estas por el dia

899 1500 440 72 no suelen salir de casa,

901 1545 450 62 hasta que llega la nocbe

901 1597 502 58 que buscan donde pegarla:

901 1632 440 60 sus paseos siempre son,

907 1676 411 62 plazuela de la Cebada,

903 1727 422 58 bodegones y cuarteles,

905 1771 424 60 las tabernas y posadas,

907 1800 463 70 y tambien dan sus paseos

909 1855 414 64 por toda la Caba baja,

903 1893 484 70 la Plaza y Puerta del Sol,

903 1934 504 62 el Rastro, Puerta Cerrada,

911 1986 463 60 y tambien la Fuentecilla,

909 2019 566 68 que ellas por nombre la llaman

909 2064 397 75 el café de los Paletos,

909 2114 504 60 à quienes los cuartos sacan.

1085 2157 345 50 Alerta jóvenes, etc.

959 2186 459 72 Tambien el embarcadero

913 2234 438 93 á la Fuentecilla llaman,
