<?xml version="1.0" encoding="UTF-8"?>
<alto xmlns:xsi="http://www.w3.org/2001/XMLSchema-instance"
      xmlns="http://www.loc.gov/standards/alto/ns-v4#"
      xsi:schemaLocation="http://www.loc.gov/standards/alto/ns-v4# http://www.loc.gov/standards/alto/v4/alto-4-2.xsd">
  <Description>
    <MeasurementUnit>pixel</MeasurementUnit>
    <sourceImageInformation>
      <fileName>Varios_189_4.jpg</fileName>
      
    </sourceImageInformation>
  </Description>
  
  <Tags>
    <OtherTag ID="BT507" LABEL="CustomZone:impresorNum" DESCRIPTION="block type CustomZone:impresorNum"/><OtherTag ID="BT508" LABEL="CustomZone:numero_pliego" DESCRIPTION="block type CustomZone:numero_pliego"/><OtherTag ID="BT509" LABEL="CustomZone:title" DESCRIPTION="block type CustomZone:title"/><OtherTag ID="BT510" LABEL="GraphicZone:illustration" DESCRIPTION="block type GraphicZone:illustration"/><OtherTag ID="BT511" LABEL="GraphicZone:ornamentation" DESCRIPTION="block type GraphicZone:ornamentation"/><OtherTag ID="BT512" LABEL="MainZone" DESCRIPTION="block type MainZone"/><OtherTag ID="BT513" LABEL="MainZone:columns" DESCRIPTION="block type MainZone:columns"/><OtherTag ID="BT514" LABEL="MarginTextZone:colophon" DESCRIPTION="block type MarginTextZone:colophon"/><OtherTag ID="BT515" LABEL="MarginTextZone:note" DESCRIPTION="block type MarginTextZone:note"/><OtherTag ID="BT516" LABEL="MusicZone" DESCRIPTION="block type MusicZone"/><OtherTag ID="BT517" LABEL="NumberingZone:page" DESCRIPTION="block type NumberingZone:page"/><OtherTag ID="BT518" LABEL="QuireMarksZone:catchwords" DESCRIPTION="block type QuireMarksZone:catchwords"/><OtherTag ID="BT519" LABEL="QuireMarksZone:signature" DESCRIPTION="block type QuireMarksZone:signature"/><OtherTag ID="BT520" LABEL="RunningTitleZone" DESCRIPTION="block type RunningTitleZone"/>
    <OtherTag ID="LT180" LABEL="CustomLine:propriedad" DESCRIPTION="line type CustomLine:propriedad"/><OtherTag ID="LT181" LABEL="CustomLine:trailer" DESCRIPTION="line type CustomLine:trailer"/><OtherTag ID="LT182" LABEL="DefaultLine" DESCRIPTION="line type DefaultLine"/><OtherTag ID="LT183" LABEL="HeadingLine" DESCRIPTION="line type HeadingLine"/>
  </Tags>
  
  <Layout>
    <Page WIDTH="1860"
          HEIGHT="2629"
          PHYSICAL_IMG_NR="160"
          ID="eSc_dummypage_">
      <PrintSpace HPOS="0"
                  VPOS="0"
                  WIDTH="1860"
                  HEIGHT="2629">
        
        <TextBlock HPOS="122.0"
                   VPOS="210.0"
                   WIDTH="604.0"
                   HEIGHT="1987.0"
                   ID="eSc_textblock_c40ec27c"
                   TAGREFS="BT513">
          <Shape><Polygon POINTS="726 403 655 736 655 812 708 911 682 1025 708 1443 673 1671 726 2171 699 2197 149 2197 122 245 587 210 708 245 726 403"/></Shape>
          
          
          <TextLine ID="eSc_line_879b3dc2"
                    TAGREFS="LT182"
                    BASELINE="140 265 671 265" 
                    HPOS="140.0"
                    VPOS="223.0"
                    WIDTH="531.0"
                    HEIGHT="70.0">
            <Shape><Polygon POINTS="666 232 644 225 638 223 353 225 337 227 315 230 293 232 271 232 250 234 228 236 206 238 184 238 162 240 151 240 140 265 140 286 668 293 671 265 668 232 666 232"/></Shape>
	    <String CONTENT="(que está com unas metzinas,"
                    HPOS="140.0"
                    VPOS="223.0"
                    WIDTH="531.0"
                    HEIGHT="70.0"></String>
          </TextLine>

          
          
          <TextLine ID="eSc_line_ae20a049"
                    TAGREFS="LT182"
                    BASELINE="142 313 517 306" 
                    HPOS="140.0"
                    VPOS="269.0"
                    WIDTH="377.0"
                    HEIGHT="61.0">
            <Shape><Polygon POINTS="142 313 142 328 513 330 517 306 513 276 164 269 162 269 160 269 140 278 142 313"/></Shape>
	    <String CONTENT="de cólera se reventa."
                    HPOS="140.0"
                    VPOS="269.0"
                    WIDTH="377.0"
                    HEIGHT="61.0"></String>
          </TextLine>

          
          
          <TextLine ID="eSc_line_5151de36"
                    TAGREFS="LT182"
                    BASELINE="142 361 647 357" 
                    HPOS="140.0"
                    VPOS="322.0"
                    WIDTH="507.0"
                    HEIGHT="61.0">
            <Shape><Polygon POINTS="142 361 142 379 642 383 647 357 640 322 140 324 142 361"/></Shape>
	    <String CONTENT="Ara en quant ab lo menjar,"
                    HPOS="140.0"
                    VPOS="322.0"
                    WIDTH="507.0"
                    HEIGHT="61.0"></String>
          </TextLine>

          
          
          <TextLine ID="eSc_line_f21057e5"
                    TAGREFS="LT182"
                    BASELINE="140 409 684 403" 
                    HPOS="138.0"
                    VPOS="368.0"
                    WIDTH="546.0"
                    HEIGHT="72.0">
            <Shape><Polygon POINTS="140 409 140 429 296 440 298 440 300 440 315 431 326 427 454 433 497 435 500 435 502 435 506 435 532 425 679 435 684 403 677 368 138 374 140 409"/></Shape>
	    <String CONTENT="sempre pera mi es quaresma:"
                    HPOS="138.0"
                    VPOS="368.0"
                    WIDTH="546.0"
                    HEIGHT="72.0"></String>
          </TextLine>

          
          
          <TextLine ID="eSc_line_a7bd0518"
                    TAGREFS="LT182"
                    BASELINE="142 457 574 453" 
                    HPOS="140.0"
                    VPOS="420.0"
                    WIDTH="434.0"
                    HEIGHT="57.0">
            <Shape><Polygon POINTS="142 457 142 475 570 477 574 453 568 420 140 422 142 457"/></Shape>
	    <String CONTENT="reparau si es forta cosa"
                    HPOS="140.0"
                    VPOS="420.0"
                    WIDTH="434.0"
                    HEIGHT="57.0"></String>
          </TextLine>

          
          
          <TextLine ID="eSc_line_80eea7ca"
                    TAGREFS="LT182"
                    BASELINE="144 506 649 506" 
                    HPOS="144.0"
                    VPOS="466.0"
                    WIDTH="505.0"
                    HEIGHT="68.0">
            <Shape><Polygon POINTS="144 506 144 523 647 534 649 506 649 471 144 466 144 506"/></Shape>
	    <String CONTENT="fer en tot. l&#39; any penitencia."
                    HPOS="144.0"
                    VPOS="466.0"
                    WIDTH="505.0"
                    HEIGHT="68.0"></String>
          </TextLine>

          
          
          <TextLine ID="eSc_line_5f264328"
                    TAGREFS="LT182"
                    BASELINE="144 552 620 556" 
                    HPOS="142.0"
                    VPOS="512.0"
                    WIDTH="478.0"
                    HEIGHT="68.0">
            <Shape><Polygon POINTS="144 552 142 565 193 578 616 580 620 556 618 519 144 512 144 552"/></Shape>
	    <String CONTENT="Jo ja no puch sufrir mes;"
                    HPOS="142.0"
                    VPOS="512.0"
                    WIDTH="478.0"
                    HEIGHT="68.0"></String>
          </TextLine>

          
          
          <TextLine ID="eSc_line_ff48c59e"
                    TAGREFS="LT182"
                    BASELINE="146 600 598 604" 
                    HPOS="144.0"
                    VPOS="560.0"
                    WIDTH="454.0"
                    HEIGHT="70.0">
            <Shape><Polygon POINTS="146 600 144 620 594 630 598 604 594 560 146 563 146 600"/></Shape>
	    <String CONTENT="y vos encomano, filletas,"
                    HPOS="144.0"
                    VPOS="560.0"
                    WIDTH="454.0"
                    HEIGHT="70.0"></String>
          </TextLine>

          
          
          <TextLine ID="eSc_line_b8254f0a"
                    TAGREFS="LT182"
                    BASELINE="144 652 598 652" 
                    HPOS="144.0"
                    VPOS="620.0"
                    WIDTH="454.0"
                    HEIGHT="59.0">
            <Shape><Polygon POINTS="144 652 144 668 596 679 598 652 598 620 144 620 144 652"/></Shape>
	    <String CONTENT="si m&#39; sabeu alguna casa;"
                    HPOS="144.0"
                    VPOS="620.0"
                    WIDTH="454.0"
                    HEIGHT="59.0"></String>
          </TextLine>

          
          
          <TextLine ID="eSc_line_831aef5d"
                    TAGREFS="LT182"
                    BASELINE="146 701 614 701" 
                    HPOS="146.0"
                    VPOS="668.0"
                    WIDTH="468.0"
                    HEIGHT="63.0">
            <Shape><Polygon POINTS="146 701 146 720 611 731 614 701 614 668 146 668 146 701"/></Shape>
	    <String CONTENT="perque luego de potencia"
                    HPOS="146.0"
                    VPOS="668.0"
                    WIDTH="468.0"
                    HEIGHT="63.0"></String>
          </TextLine>

          
          
          <TextLine ID="eSc_line_244ed544"
                    TAGREFS="LT182"
                    BASELINE="144 751 546 751" 
                    HPOS="144.0"
                    VPOS="709.0"
                    WIDTH="402.0"
                    HEIGHT="68.0">
            <Shape><Polygon POINTS="144 751 144 768 543 777 546 751 546 716 144 709 144 751"/></Shape>
	    <String CONTENT="men aniria al instant,"
                    HPOS="144.0"
                    VPOS="709.0"
                    WIDTH="402.0"
                    HEIGHT="68.0"></String>
          </TextLine>

          
          
          <TextLine ID="eSc_line_df918510"
                    TAGREFS="LT182"
                    BASELINE="146 795 574 799" 
                    HPOS="144.0"
                    VPOS="753.0"
                    WIDTH="430.0"
                    HEIGHT="70.0">
            <Shape><Polygon POINTS="344 753 291 755 175 762 153 753 146 753 146 795 144 821 570 823 574 799 572 766 346 753 344 753"/></Shape>
	    <String CONTENT="per eixir de dita pena;"
                    HPOS="144.0"
                    VPOS="753.0"
                    WIDTH="430.0"
                    HEIGHT="70.0"></String>
          </TextLine>

          
          
          <TextLine ID="eSc_line_1cfc8dfe"
                    TAGREFS="LT182"
                    BASELINE="146 847 581 843" 
                    HPOS="144.0"
                    VPOS="797.0"
                    WIDTH="437.0"
                    HEIGHT="74.0">
            <Shape><Polygon POINTS="495 799 480 799 469 810 399 810 372 799 364 799 355 797 337 810 331 810 219 799 217 799 144 810 146 847 146 865 576 871 581 843 576 810 500 799 495 799"/></Shape>
	    <String CONTENT="vos ho demano plorant,"
                    HPOS="144.0"
                    VPOS="797.0"
                    WIDTH="437.0"
                    HEIGHT="74.0"></String>
          </TextLine>

          
          
          <TextLine ID="eSc_line_e8424553"
                    TAGREFS="LT182"
                    BASELINE="146 896 590 891" 
                    HPOS="144.0"
                    VPOS="858.0"
                    WIDTH="446.0"
                    HEIGHT="64.0">
            <Shape><Polygon POINTS="146 896 146 922 587 920 590 891 583 858 144 860 146 896"/></Shape>
	    <String CONTENT="que fassau la diligencia."
                    HPOS="144.0"
                    VPOS="858.0"
                    WIDTH="446.0"
                    HEIGHT="64.0"></String>
          </TextLine>

          
          
          <TextLine ID="eSc_line_a75ff2d6"
                    TAGREFS="LT182"
                    BASELINE="146 944 675 944" 
                    HPOS="146.0"
                    VPOS="907.0"
                    WIDTH="529.0"
                    HEIGHT="65.0">
            <Shape><Polygon POINTS="146 944 146 961 673 972 675 944 675 909 146 907 146 944"/></Shape>
	    <String CONTENT="Y aixecant la veu la Antonia"
                    HPOS="146.0"
                    VPOS="907.0"
                    WIDTH="529.0"
                    HEIGHT="65.0"></String>
          </TextLine>

          
          
          <TextLine ID="eSc_line_a3496720"
                    TAGREFS="LT182"
                    BASELINE="146 990 570 996" 
                    HPOS="144.0"
                    VPOS="946.0"
                    WIDTH="426.0"
                    HEIGHT="72.0">
            <Shape><Polygon POINTS="190 946 168 946 146 946 146 990 144 1003 565 1018 570 996 568 959 206 946 190 946"/></Shape>
	    <String CONTENT="de las ditas la darrera,"
                    HPOS="144.0"
                    VPOS="946.0"
                    WIDTH="426.0"
                    HEIGHT="72.0"></String>
          </TextLine>

          
          
          <TextLine ID="eSc_line_e36f3a8f"
                    TAGREFS="LT182"
                    BASELINE="146 1042 594 1042" 
                    HPOS="146.0"
                    VPOS="996.0"
                    WIDTH="448.0"
                    HEIGHT="70.0">
            <Shape><Polygon POINTS="146 1042 146 1066 594 1064 594 1042 594 1007 146 996 146 1042"/></Shape>
	    <String CONTENT="calla, no plores, li diu,"
                    HPOS="146.0"
                    VPOS="996.0"
                    WIDTH="448.0"
                    HEIGHT="70.0"></String>
          </TextLine>

          
          
          <TextLine ID="eSc_line_a28247ab"
                    TAGREFS="LT182"
                    BASELINE="144 1093 627 1088" 
                    HPOS="142.0"
                    VPOS="1053.0"
                    WIDTH="485.0"
                    HEIGHT="62.0">
            <Shape><Polygon POINTS="144 1093 144 1112 622 1115 627 1088 620 1053 142 1055 144 1093"/></Shape>
	    <String CONTENT="axó es cosa de ximpletas:"
                    HPOS="142.0"
                    VPOS="1053.0"
                    WIDTH="485.0"
                    HEIGHT="62.0"></String>
          </TextLine>

          
          
          <TextLine ID="eSc_line_ca1da516"
                    TAGREFS="LT182"
                    BASELINE="149 1139 631 1143" 
                    HPOS="146.0"
                    VPOS="1099.0"
                    WIDTH="485.0"
                    HEIGHT="62.0">
            <Shape><Polygon POINTS="149 1139 146 1161 629 1161 631 1143 631 1101 149 1099 149 1139"/></Shape>
	    <String CONTENT="¿tu has de sufrir tal cosa,"
                    HPOS="146.0"
                    VPOS="1099.0"
                    WIDTH="485.0"
                    HEIGHT="62.0"></String>
          </TextLine>

          
          
          <TextLine ID="eSc_line_0a22ac7b"
                    TAGREFS="LT182"
                    BASELINE="146 1189 572 1189" 
                    HPOS="146.0"
                    VPOS="1150.0"
                    WIDTH="426.0"
                    HEIGHT="63.0">
            <Shape><Polygon POINTS="146 1189 146 1211 570 1213 572 1189 572 1152 146 1150 146 1189"/></Shape>
	    <String CONTENT="com també la Marieta,"
                    HPOS="146.0"
                    VPOS="1150.0"
                    WIDTH="426.0"
                    HEIGHT="63.0"></String>
          </TextLine>

          
          
          <TextLine ID="eSc_line_63247fb2"
                    TAGREFS="LT182"
                    BASELINE="149 1240 603 1231" 
                    HPOS="146.0"
                    VPOS="1191.0"
                    WIDTH="457.0"
                    HEIGHT="68.0">
            <Shape><Polygon POINTS="267 1191 146 1204 149 1240 149 1259 600 1253 603 1231 598 1198 269 1191 267 1191"/></Shape>
	    <String CONTENT="ab las finestras tancadas"
                    HPOS="146.0"
                    VPOS="1191.0"
                    WIDTH="457.0"
                    HEIGHT="68.0"></String>
          </TextLine>

          
          
          <TextLine ID="eSc_line_6b341994"
                    TAGREFS="LT182"
                    BASELINE="149 1288 671 1288" 
                    HPOS="149.0"
                    VPOS="1229.0"
                    WIDTH="522.0"
                    HEIGHT="87.0">
            <Shape><Polygon POINTS="149 1288 149 1316 671 1316 671 1288 671 1229 603 1229 600 1229 598 1229 596 1229 594 1231 565 1250 447 1250 436 1240 436 1237 434 1237 432 1237 429 1237 427 1237 361 1250 149 1248 149 1288"/></Shape>
	    <String CONTENT="per lo gust de la mestressa?"
                    HPOS="149.0"
                    VPOS="1229.0"
                    WIDTH="522.0"
                    HEIGHT="87.0"></String>
          </TextLine>

          
          
          <TextLine ID="eSc_line_8cc685c3"
                    TAGREFS="LT182"
                    BASELINE="151 1338 627 1334" 
                    HPOS="149.0"
                    VPOS="1296.0"
                    WIDTH="478.0"
                    HEIGHT="68.0">
            <Shape><Polygon POINTS="151 1338 151 1364 625 1360 627 1334 620 1296 149 1299 151 1338"/></Shape>
	    <String CONTENT="¿No veyen també la Rosa"
                    HPOS="149.0"
                    VPOS="1296.0"
                    WIDTH="478.0"
                    HEIGHT="68.0"></String>
          </TextLine>

          
          
          <TextLine ID="eSc_line_f5cb0c2e"
                    TAGREFS="LT182"
                    BASELINE="149 1384 603 1384" 
                    HPOS="149.0"
                    VPOS="1347.0"
                    WIDTH="454.0"
                    HEIGHT="55.0">
            <Shape><Polygon POINTS="149 1384 149 1399 600 1402 603 1384 603 1347 149 1347 149 1384"/></Shape>
	    <String CONTENT="que se reventa de feyna"
                    HPOS="149.0"
                    VPOS="1347.0"
                    WIDTH="454.0"
                    HEIGHT="55.0"></String>
          </TextLine>

          
          
          <TextLine ID="eSc_line_e731e167"
                    TAGREFS="LT182"
                    BASELINE="149 1434 662 1430" 
                    HPOS="146.0"
                    VPOS="1395.0"
                    WIDTH="516.0"
                    HEIGHT="59.0">
            <Shape><Polygon POINTS="149 1434 149 1452 660 1454 662 1430 658 1395 146 1395 149 1434"/></Shape>
	    <String CONTENT="moltas nits, y ja may para"
                    HPOS="146.0"
                    VPOS="1395.0"
                    WIDTH="516.0"
                    HEIGHT="59.0"></String>
          </TextLine>

          
          
          <TextLine ID="eSc_line_09dcc65d"
                    TAGREFS="LT182"
                    BASELINE="151 1483 554 1478" 
                    HPOS="149.0"
                    VPOS="1441.0"
                    WIDTH="405.0"
                    HEIGHT="68.0">
            <Shape><Polygon POINTS="151 1483 153 1509 182 1498 550 1498 554 1478 548 1441 149 1448 151 1483"/></Shape>
	    <String CONTENT="pera tenirla contenta?"
                    HPOS="149.0"
                    VPOS="1441.0"
                    WIDTH="405.0"
                    HEIGHT="68.0"></String>
          </TextLine>

          
          
          <TextLine ID="eSc_line_93b2e199"
                    TAGREFS="LT182"
                    BASELINE="151 1531 622 1531" 
                    HPOS="151.0"
                    VPOS="1496.0"
                    WIDTH="471.0"
                    HEIGHT="63.0">
            <Shape><Polygon POINTS="151 1531 151 1546 620 1559 622 1531 622 1496 151 1496 151 1531"/></Shape>
	    <String CONTENT="Ab mestressa axó es tenir"
                    HPOS="151.0"
                    VPOS="1496.0"
                    WIDTH="471.0"
                    HEIGHT="63.0"></String>
          </TextLine>

          
          
          <TextLine ID="eSc_line_d9b43179"
                    TAGREFS="LT182"
                    BASELINE="149 1579 552 1575" 
                    HPOS="146.0"
                    VPOS="1533.0"
                    WIDTH="406.0"
                    HEIGHT="66.0">
            <Shape><Polygon POINTS="541 1533 519 1533 497 1533 475 1533 454 1533 432 1533 410 1533 388 1533 366 1533 344 1533 322 1533 300 1533 278 1533 256 1533 234 1533 212 1533 190 1533 175 1533 173 1533 171 1533 146 1542 149 1579 149 1597 548 1599 552 1575 548 1533 541 1533"/></Shape>
	    <String CONTENT="sobrada de paciencia,"
                    HPOS="146.0"
                    VPOS="1533.0"
                    WIDTH="406.0"
                    HEIGHT="66.0"></String>
          </TextLine>

          
          
          <TextLine ID="eSc_line_da558392"
                    TAGREFS="LT182"
                    BASELINE="153 1629 614 1625" 
                    HPOS="151.0"
                    VPOS="1581.0"
                    WIDTH="463.0"
                    HEIGHT="75.0">
            <Shape><Polygon POINTS="153 1629 153 1649 609 1656 614 1625 609 1592 381 1581 379 1581 377 1581 344 1592 179 1583 177 1583 175 1583 151 1592 153 1629"/></Shape>
	    <String CONTENT="y la que millor se aporta"
                    HPOS="151.0"
                    VPOS="1581.0"
                    WIDTH="463.0"
                    HEIGHT="75.0"></String>
          </TextLine>

          
          
          <TextLine ID="eSc_line_27300599"
                    TAGREFS="LT182"
                    BASELINE="151 1678 537 1678" 
                    HPOS="151.0"
                    VPOS="1643.0"
                    WIDTH="386.0"
                    HEIGHT="59.0">
            <Shape><Polygon POINTS="151 1678 151 1695 535 1702 537 1678 537 1643 151 1643 151 1678"/></Shape>
	    <String CONTENT="de totas es la Beleta,"
                    HPOS="151.0"
                    VPOS="1643.0"
                    WIDTH="386.0"
                    HEIGHT="59.0"></String>
          </TextLine>

          
          
          <TextLine ID="eSc_line_7c4f0c81"
                    TAGREFS="LT182"
                    BASELINE="153 1728 644 1721" 
                    HPOS="151.0"
                    VPOS="1680.0"
                    WIDTH="493.0"
                    HEIGHT="70.0">
            <Shape><Polygon POINTS="502 1680 480 1680 469 1680 447 1689 206 1682 203 1682 151 1693 153 1728 153 1746 642 1750 644 1721 640 1689 511 1680 502 1680"/></Shape>
	    <String CONTENT="que encara que té que fer,"
                    HPOS="151.0"
                    VPOS="1680.0"
                    WIDTH="493.0"
                    HEIGHT="70.0"></String>
          </TextLine>

          
          
          <TextLine ID="eSc_line_165a9890"
                    TAGREFS="LT182"
                    BASELINE="149 1776 592 1772" 
                    HPOS="146.0"
                    VPOS="1737.0"
                    WIDTH="446.0"
                    HEIGHT="59.0">
            <Shape><Polygon POINTS="149 1776 149 1796 590 1794 592 1772 587 1739 146 1737 149 1776"/></Shape>
	    <String CONTENT="al fi de tot es mestressa."
                    HPOS="146.0"
                    VPOS="1737.0"
                    WIDTH="446.0"
                    HEIGHT="59.0"></String>
          </TextLine>

          
          
          <TextLine ID="eSc_line_0097a58a"
                    TAGREFS="LT182"
                    BASELINE="151 1824 668 1818" 
                    HPOS="149.0"
                    VPOS="1776.0"
                    WIDTH="519.0"
                    HEIGHT="68.0">
            <Shape><Polygon POINTS="344 1776 282 1789 269 1778 267 1778 265 1778 160 1778 157 1778 155 1778 153 1778 153 1781 151 1781 149 1783 151 1824 151 1842 666 1844 668 1818 664 1787 346 1776 344 1776"/></Shape>
	    <String CONTENT="Mes de la Elena me espanto,"
                    HPOS="149.0"
                    VPOS="1776.0"
                    WIDTH="519.0"
                    HEIGHT="68.0"></String>
          </TextLine>

          
          
          <TextLine ID="eSc_line_e52604d0"
                    TAGREFS="LT182"
                    BASELINE="151 1873 631 1873" 
                    HPOS="151.0"
                    VPOS="1838.0"
                    WIDTH="480.0"
                    HEIGHT="61.0">
            <Shape><Polygon POINTS="151 1873 151 1899 631 1895 631 1873 631 1838 151 1838 151 1873"/></Shape>
	    <String CONTENT="que tinga tanta paciencia."
                    HPOS="151.0"
                    VPOS="1838.0"
                    WIDTH="480.0"
                    HEIGHT="61.0"></String>
          </TextLine>

          
          
          <TextLine ID="eSc_line_9d238be1"
                    TAGREFS="LT182"
                    BASELINE="151 1921 666 1914" 
                    HPOS="149.0"
                    VPOS="1877.0"
                    WIDTH="517.0"
                    HEIGHT="75.0">
            <Shape><Polygon POINTS="151 1921 151 1938 263 1952 265 1952 313 1941 329 1938 335 1943 350 1949 353 1949 355 1949 357 1949 377 1943 388 1938 403 1943 427 1949 429 1949 432 1949 471 1943 506 1938 664 1945 666 1914 660 1877 149 1884 151 1921"/></Shape>
	    <String CONTENT="de estar ab tanta companya"
                    HPOS="149.0"
                    VPOS="1877.0"
                    WIDTH="517.0"
                    HEIGHT="75.0"></String>
          </TextLine>

          
          
          <TextLine ID="eSc_line_617be032"
                    TAGREFS="LT182"
                    BASELINE="155 1967 640 1971" 
                    HPOS="153.0"
                    VPOS="1932.0"
                    WIDTH="487.0"
                    HEIGHT="61.0">
            <Shape><Polygon POINTS="155 1967 153 1991 636 1993 640 1971 638 1934 155 1932 155 1967"/></Shape>
	    <String CONTENT="passant ab ells tanta pena,"
                    HPOS="153.0"
                    VPOS="1932.0"
                    WIDTH="487.0"
                    HEIGHT="61.0"></String>
          </TextLine>

          
          
          <TextLine ID="eSc_line_737af33a"
                    TAGREFS="LT182"
                    BASELINE="153 2019 596 2015" 
                    HPOS="151.0"
                    VPOS="1982.0"
                    WIDTH="445.0"
                    HEIGHT="57.0">
            <Shape><Polygon POINTS="153 2019 153 2037 592 2039 596 2015 590 1982 151 1984 153 2019"/></Shape>
	    <String CONTENT="anant tant escarressada,"
                    HPOS="151.0"
                    VPOS="1982.0"
                    WIDTH="445.0"
                    HEIGHT="57.0"></String>
          </TextLine>

          
          
          <TextLine ID="eSc_line_c374dca0"
                    TAGREFS="LT182"
                    BASELINE="160 2070 666 2065" 
                    HPOS="157.0"
                    VPOS="2030.0"
                    WIDTH="509.0"
                    HEIGHT="60.0">
            <Shape><Polygon POINTS="160 2070 160 2085 662 2090 666 2065 660 2030 157 2030 160 2070"/></Shape>
	    <String CONTENT="y tot l&#39; any darrera merda."
                    HPOS="157.0"
                    VPOS="2030.0"
                    WIDTH="509.0"
                    HEIGHT="60.0"></String>
          </TextLine>

          
          
          <TextLine ID="eSc_line_587b42d7"
                    TAGREFS="LT182"
                    BASELINE="155 2116 625 2116" 
                    HPOS="155.0"
                    VPOS="2070.0"
                    WIDTH="470.0"
                    HEIGHT="66.0">
            <Shape><Polygon POINTS="155 2116 155 2136 625 2136 625 2116 625 2081 155 2070 155 2116"/></Shape>
	    <String CONTENT="Jo servesch á un capellá,"
                    HPOS="155.0"
                    VPOS="2070.0"
                    WIDTH="470.0"
                    HEIGHT="66.0"></String>
          </TextLine>

          
          
          <TextLine ID="eSc_line_fead21a5"
                    TAGREFS="LT182"
                    BASELINE="153 2168 693 2162" 
                    HPOS="151.0"
                    VPOS="2125.0"
                    WIDTH="542.0"
                    HEIGHT="74.0">
            <Shape><Polygon POINTS="153 2168 155 2199 179 2188 690 2188 693 2162 686 2125 151 2131 153 2168"/></Shape>
	    <String CONTENT="la companya no m&#39; enquieta,"
                    HPOS="151.0"
                    VPOS="2125.0"
                    WIDTH="542.0"
                    HEIGHT="74.0"></String>
          </TextLine>

          
        </TextBlock>
        
        <TextBlock HPOS="1026.0"
                   VPOS="210.0"
                   WIDTH="630.0"
                   HEIGHT="1978.0"
                   ID="eSc_textblock_d68fb5c7"
                   TAGREFS="BT513">
          <Shape><Polygon POINTS="1603 271 1577 663 1638 814 1656 996 1620 1051 1629 1654 1585 1726 1568 2101 1489 2171 1324 2188 1278 2144 1052 2136 1026 245 1052 219 1403 210 1559 219 1603 271"/></Shape>
          
          
          <TextLine ID="eSc_line_6575a2b7"
                    TAGREFS="LT182"
                    BASELINE="1046 260 1548 254" 
                    HPOS="1044.0"
                    VPOS="210.0"
                    WIDTH="504.0"
                    HEIGHT="72.0">
            <Shape><Polygon POINTS="1526 216 1504 214 1482 214 1460 212 1438 210 1416 210 1394 210 1390 210 1357 214 1287 212 1285 212 1263 212 1241 212 1219 214 1197 214 1175 214 1153 214 1131 216 1109 216 1087 216 1065 216 1044 223 1046 260 1046 282 1546 282 1548 254 1544 216 1526 216"/></Shape>
	    <String CONTENT="ni en tot lo discurs del any"
                    HPOS="1044.0"
                    VPOS="210.0"
                    WIDTH="504.0"
                    HEIGHT="72.0"></String>
          </TextLine>

          
          
          <TextLine ID="eSc_line_2713e430"
                    TAGREFS="LT182"
                    BASELINE="1048 306 1574 302" 
                    HPOS="1046.0"
                    VPOS="267.0"
                    WIDTH="528.0"
                    HEIGHT="66.0">
            <Shape><Polygon POINTS="1048 306 1048 328 1572 333 1574 302 1568 267 1046 269 1048 306"/></Shape>
	    <String CONTENT="may la mestressa me renya:"
                    HPOS="1046.0"
                    VPOS="267.0"
                    WIDTH="528.0"
                    HEIGHT="66.0"></String>
          </TextLine>

          
          
          <TextLine ID="eSc_line_e139e537"
                    TAGREFS="LT182"
                    BASELINE="1048 352 1506 357" 
                    HPOS="1046.0"
                    VPOS="317.0"
                    WIDTH="460.0"
                    HEIGHT="62.0">
            <Shape><Polygon POINTS="1048 352 1046 379 1504 379 1506 357 1504 322 1048 317 1048 352"/></Shape>
	    <String CONTENT="es senyor de bona pasta,"
                    HPOS="1046.0"
                    VPOS="317.0"
                    WIDTH="460.0"
                    HEIGHT="62.0"></String>
          </TextLine>

          
          
          <TextLine ID="eSc_line_6419c905"
                    TAGREFS="LT182"
                    BASELINE="1052 400 1528 405" 
                    HPOS="1050.0"
                    VPOS="363.0"
                    WIDTH="478.0"
                    HEIGHT="68.0">
            <Shape><Polygon POINTS="1052 400 1050 427 1524 431 1528 405 1526 370 1052 363 1052 400"/></Shape>
	    <String CONTENT="jo vinch á ser dispensera,"
                    HPOS="1050.0"
                    VPOS="363.0"
                    WIDTH="478.0"
                    HEIGHT="68.0"></String>
          </TextLine>

          
          
          <TextLine ID="eSc_line_77da94d1"
                    TAGREFS="LT182"
                    BASELINE="1050 451 1530 455" 
                    HPOS="1048.0"
                    VPOS="405.0"
                    WIDTH="482.0"
                    HEIGHT="76.0">
            <Shape><Polygon POINTS="1050 451 1048 471 1526 481 1530 455 1530 420 1397 407 1394 407 1234 416 1228 416 1210 405 1208 405 1206 405 1204 405 1050 414 1050 451"/></Shape>
	    <String CONTENT="portant lo rumbo de casa,"
                    HPOS="1048.0"
                    VPOS="405.0"
                    WIDTH="482.0"
                    HEIGHT="76.0"></String>
          </TextLine>

          
          
          <TextLine ID="eSc_line_cc814354"
                    TAGREFS="LT182"
                    BASELINE="1052 501 1506 501" 
                    HPOS="1052.0"
                    VPOS="464.0"
                    WIDTH="454.0"
                    HEIGHT="63.0">
            <Shape><Polygon POINTS="1052 501 1052 525 1504 527 1506 501 1504 464 1052 464 1052 501"/></Shape>
	    <String CONTENT="de tot lo que ix y entra;"
                    HPOS="1052.0"
                    VPOS="464.0"
                    WIDTH="454.0"
                    HEIGHT="63.0"></String>
          </TextLine>

          
          
          <TextLine ID="eSc_line_acbd310f"
                    TAGREFS="LT182"
                    BASELINE="1050 552 1561 547" 
                    HPOS="1048.0"
                    VPOS="512.0"
                    WIDTH="513.0"
                    HEIGHT="61.0">
            <Shape><Polygon POINTS="1050 552 1050 571 1557 573 1561 547 1555 512 1048 514 1050 552"/></Shape>
	    <String CONTENT="de res sem&#39; demana compte."
                    HPOS="1048.0"
                    VPOS="512.0"
                    WIDTH="513.0"
                    HEIGHT="61.0"></String>
          </TextLine>

          
          
          <TextLine ID="eSc_line_83a005f6"
                    TAGREFS="LT182"
                    BASELINE="1052 600 1469 595" 
                    HPOS="1050.0"
                    VPOS="554.0"
                    WIDTH="419.0"
                    HEIGHT="70.0">
            <Shape><Polygon POINTS="1052 600 1052 620 1465 624 1469 595 1465 565 1259 554 1256 554 1254 554 1230 565 1081 556 1079 556 1076 556 1050 567 1052 600"/></Shape>
	    <String CONTENT="¿Jo passaria una festa"
                    HPOS="1050.0"
                    VPOS="554.0"
                    WIDTH="419.0"
                    HEIGHT="70.0"></String>
          </TextLine>

          
          
          <TextLine ID="eSc_line_de03b138"
                    TAGREFS="LT182"
                    BASELINE="1050 648 1436 644" 
                    HPOS="1048.0"
                    VPOS="604.0"
                    WIDTH="388.0"
                    HEIGHT="66.0">
            <Shape><Polygon POINTS="1050 648 1050 663 1432 670 1436 644 1430 604 1048 615 1050 648"/></Shape>
	    <String CONTENT="sens anar á passejar:"
                    HPOS="1048.0"
                    VPOS="604.0"
                    WIDTH="388.0"
                    HEIGHT="66.0"></String>
          </TextLine>

          
          
          <TextLine ID="eSc_line_6860494f"
                    TAGREFS="LT182"
                    BASELINE="1052 698 1528 694" 
                    HPOS="1050.0"
                    VPOS="652.0"
                    WIDTH="478.0"
                    HEIGHT="70.0">
            <Shape><Polygon POINTS="1052 698 1052 716 1526 722 1528 694 1524 655 1083 652 1081 652 1079 652 1050 663 1052 698"/></Shape>
	    <String CONTENT="¿jo no eixir á la finestra?"
                    HPOS="1050.0"
                    VPOS="652.0"
                    WIDTH="478.0"
                    HEIGHT="70.0"></String>
          </TextLine>

          
          
          <TextLine ID="eSc_line_4a67e83d"
                    TAGREFS="LT182"
                    BASELINE="1057 749 1482 740" 
                    HPOS="1055.0"
                    VPOS="701.0"
                    WIDTH="427.0"
                    HEIGHT="78.0">
            <Shape><Polygon POINTS="1057 749 1057 779 1171 762 1219 775 1221 775 1223 775 1289 764 1478 771 1482 740 1478 709 1267 701 1265 701 1055 716 1057 749"/></Shape>
	    <String CONTENT="¿jo estar ab interessats"
                    HPOS="1055.0"
                    VPOS="701.0"
                    WIDTH="427.0"
                    HEIGHT="78.0"></String>
          </TextLine>

          
          
          <TextLine ID="eSc_line_dfcc9f1a"
                    TAGREFS="LT182"
                    BASELINE="1052 795 1520 788" 
                    HPOS="1050.0"
                    VPOS="747.0"
                    WIDTH="470.0"
                    HEIGHT="72.0">
            <Shape><Polygon POINTS="1052 795 1052 810 1359 819 1362 819 1381 817 1432 806 1515 817 1520 788 1513 747 1131 760 1129 760 1076 751 1074 751 1072 751 1050 760 1052 795"/></Shape>
	    <String CONTENT="que no fian de sirventas ?"
                    HPOS="1050.0"
                    VPOS="747.0"
                    WIDTH="470.0"
                    HEIGHT="72.0"></String>
          </TextLine>

          
          
          <TextLine ID="eSc_line_891922fb"
                    TAGREFS="LT182"
                    BASELINE="1055 839 1616 843" 
                    HPOS="1052.0"
                    VPOS="784.0"
                    WIDTH="564.0"
                    HEIGHT="85.0">
            <Shape><Polygon POINTS="1515 790 1513 790 1469 806 1449 790 1447 790 1445 790 1443 790 1359 806 1055 795 1055 839 1052 856 1612 869 1616 843 1616 784 1539 784 1537 784 1535 784 1533 784 1515 788 1515 790"/></Shape>
	    <String CONTENT="Deu men guart, no hi estaria,"
                    HPOS="1052.0"
                    VPOS="784.0"
                    WIDTH="564.0"
                    HEIGHT="85.0"></String>
          </TextLine>

          
          
          <TextLine ID="eSc_line_661a9060"
                    TAGREFS="LT182"
                    BASELINE="1055 891 1557 891" 
                    HPOS="1055.0"
                    VPOS="847.0"
                    WIDTH="502.0"
                    HEIGHT="62.0">
            <Shape><Polygon POINTS="1055 891 1055 909 1557 909 1557 891 1557 854 1055 847 1055 891"/></Shape>
	    <String CONTENT="encara que rica me fessan."
                    HPOS="1055.0"
                    VPOS="847.0"
                    WIDTH="502.0"
                    HEIGHT="62.0"></String>
          </TextLine>

          
          
          <TextLine ID="eSc_line_b297dee0"
                    TAGREFS="LT182"
                    BASELINE="1055 939 1588 933" 
                    HPOS="1052.0"
                    VPOS="891.0"
                    WIDTH="536.0"
                    HEIGHT="70.0">
            <Shape><Polygon POINTS="1535 893 1513 893 1491 893 1469 893 1447 893 1425 893 1403 893 1381 893 1359 893 1337 893 1316 893 1052 893 1055 939 1055 959 1583 961 1588 933 1581 891 1555 891 1535 893"/></Shape>
	    <String CONTENT="Miran jo prench una malicia"
                    HPOS="1052.0"
                    VPOS="891.0"
                    WIDTH="536.0"
                    HEIGHT="70.0"></String>
          </TextLine>

          
          
          <TextLine ID="eSc_line_fbd8b02c"
                    TAGREFS="LT182"
                    BASELINE="1055 988 1629 992" 
                    HPOS="1052.0"
                    VPOS="942.0"
                    WIDTH="577.0"
                    HEIGHT="74.0">
            <Shape><Polygon POINTS="1055 988 1052 1007 1625 1016 1629 992 1629 950 1055 942 1055 988"/></Shape>
	    <String CONTENT="quant sento unas tals pauperias,"
                    HPOS="1052.0"
                    VPOS="942.0"
                    WIDTH="577.0"
                    HEIGHT="74.0"></String>
          </TextLine>

          
          
          <TextLine ID="eSc_line_085134d7"
                    TAGREFS="LT182"
                    BASELINE="1055 1038 1548 1038" 
                    HPOS="1055.0"
                    VPOS="1001.0"
                    WIDTH="493.0"
                    HEIGHT="68.0">
            <Shape><Polygon POINTS="1055 1038 1055 1069 1548 1069 1548 1038 1548 1003 1055 1001 1055 1038"/></Shape>
	    <String CONTENT="que creyeu que si podia..."
                    HPOS="1055.0"
                    VPOS="1001.0"
                    WIDTH="493.0"
                    HEIGHT="68.0"></String>
          </TextLine>

          
          
          <TextLine ID="eSc_line_3a3d6968"
                    TAGREFS="LT182"
                    BASELINE="1057 1086 1467 1086" 
                    HPOS="1057.0"
                    VPOS="1053.0"
                    WIDTH="410.0"
                    HEIGHT="64.0">
            <Shape><Polygon POINTS="1057 1086 1057 1104 1169 1104 1171 1106 1180 1112 1180 1115 1182 1115 1184 1115 1186 1117 1394 1117 1394 1115 1397 1115 1401 1112 1427 1104 1462 1115 1467 1086 1467 1053 1057 1053 1057 1086"/></Shape>
	    <String CONTENT="só de natural colérica."
                    HPOS="1057.0"
                    VPOS="1053.0"
                    WIDTH="410.0"
                    HEIGHT="64.0"></String>
          </TextLine>

          
          
          <TextLine ID="eSc_line_8f2ae5bd"
                    TAGREFS="LT182"
                    BASELINE="1059 1132 1585 1137" 
                    HPOS="1057.0"
                    VPOS="1088.0"
                    WIDTH="528.0"
                    HEIGHT="70.0">
            <Shape><Polygon POINTS="1059 1132 1057 1147 1581 1158 1585 1137 1583 1095 1059 1088 1059 1132"/></Shape>
	    <String CONTENT="Peró que siau tan simpletas,"
                    HPOS="1057.0"
                    VPOS="1088.0"
                    WIDTH="528.0"
                    HEIGHT="70.0"></String>
          </TextLine>

          
          
          <TextLine ID="eSc_line_55d24dba"
                    TAGREFS="LT182"
                    BASELINE="1059 1185 1530 1180" 
                    HPOS="1057.0"
                    VPOS="1137.0"
                    WIDTH="473.0"
                    HEIGHT="72.0">
            <Shape><Polygon POINTS="1059 1185 1059 1204 1526 1209 1530 1180 1526 1147 1291 1137 1289 1137 1057 1147 1059 1185"/></Shape>
	    <String CONTENT="ximples que no discorreu"
                    HPOS="1057.0"
                    VPOS="1137.0"
                    WIDTH="473.0"
                    HEIGHT="72.0"></String>
          </TextLine>

          
          
          <TextLine ID="eSc_line_cb3cb8a7"
                    TAGREFS="LT182"
                    BASELINE="1057 1233 1535 1229" 
                    HPOS="1055.0"
                    VPOS="1196.0"
                    WIDTH="480.0"
                    HEIGHT="59.0">
            <Shape><Polygon POINTS="1057 1233 1057 1255 1533 1248 1535 1229 1528 1196 1055 1198 1057 1233"/></Shape>
	    <String CONTENT="quels amos tots necessitan"
                    HPOS="1055.0"
                    VPOS="1196.0"
                    WIDTH="480.0"
                    HEIGHT="59.0"></String>
          </TextLine>

          
          
          <TextLine ID="eSc_line_5d33772b"
                    TAGREFS="LT182"
                    BASELINE="1057 1281 1585 1281" 
                    HPOS="1057.0"
                    VPOS="1248.0"
                    WIDTH="528.0"
                    HEIGHT="62.0">
            <Shape><Polygon POINTS="1057 1281 1057 1305 1583 1310 1585 1281 1585 1248 1057 1248 1057 1281"/></Shape>
	    <String CONTENT="de sirventas quels servescan."
                    HPOS="1057.0"
                    VPOS="1248.0"
                    WIDTH="528.0"
                    HEIGHT="62.0"></String>
          </TextLine>

          
          
          <TextLine ID="eSc_line_8d7f31b1"
                    TAGREFS="LT182"
                    BASELINE="1059 1332 1603 1327" 
                    HPOS="1057.0"
                    VPOS="1283.0"
                    WIDTH="546.0"
                    HEIGHT="73.0">
            <Shape><Polygon POINTS="1355 1283 1353 1283 1318 1296 1158 1286 1155 1286 1153 1286 1127 1296 1072 1286 1070 1286 1068 1286 1065 1286 1065 1288 1057 1294 1059 1332 1059 1353 1598 1356 1603 1327 1598 1296 1357 1283 1355 1283"/></Shape>
	    <String CONTENT="Ah, si las criadas tinguessen"
                    HPOS="1057.0"
                    VPOS="1283.0"
                    WIDTH="546.0"
                    HEIGHT="73.0"></String>
          </TextLine>

          
          
          <TextLine ID="eSc_line_51d6c48e"
                    TAGREFS="LT182"
                    BASELINE="1059 1380 1515 1380" 
                    HPOS="1059.0"
                    VPOS="1342.0"
                    WIDTH="456.0"
                    HEIGHT="60.0">
            <Shape><Polygon POINTS="1059 1380 1059 1397 1513 1402 1515 1380 1513 1342 1059 1342 1059 1380"/></Shape>
	    <String CONTENT="sols aqueix coneixement,"
                    HPOS="1059.0"
                    VPOS="1342.0"
                    WIDTH="456.0"
                    HEIGHT="60.0"></String>
          </TextLine>

          
          
          <TextLine ID="eSc_line_8f402e77"
                    TAGREFS="LT182"
                    BASELINE="1059 1428 1570 1424" 
                    HPOS="1057.0"
                    VPOS="1393.0"
                    WIDTH="513.0"
                    HEIGHT="59.0">
            <Shape><Polygon POINTS="1059 1428 1059 1452 1570 1452 1570 1424 1566 1393 1057 1393 1059 1428"/></Shape>
	    <String CONTENT="jo sé que moltas mestressas"
                    HPOS="1057.0"
                    VPOS="1393.0"
                    WIDTH="513.0"
                    HEIGHT="59.0"></String>
          </TextLine>

          
          
          <TextLine ID="eSc_line_d06e5a0d"
                    TAGREFS="LT182"
                    BASELINE="1059 1478 1425 1478" 
                    HPOS="1059.0"
                    VPOS="1441.0"
                    WIDTH="366.0"
                    HEIGHT="55.0">
            <Shape><Polygon POINTS="1059 1478 1059 1496 1425 1496 1425 1478 1425 1441 1059 1441 1059 1478"/></Shape>
	    <String CONTENT="farian mol diferent."
                    HPOS="1059.0"
                    VPOS="1441.0"
                    WIDTH="366.0"
                    HEIGHT="55.0"></String>
          </TextLine>

          
          
          <TextLine ID="eSc_line_5f781943"
                    TAGREFS="LT182"
                    BASELINE="1061 1527 1528 1522" 
                    HPOS="1059.0"
                    VPOS="1485.0"
                    WIDTH="469.0"
                    HEIGHT="66.0">
            <Shape><Polygon POINTS="1061 1527 1061 1544 1524 1551 1528 1522 1522 1485 1059 1489 1061 1527"/></Shape>
	    <String CONTENT="Peró veyém som bojetas;"
                    HPOS="1059.0"
                    VPOS="1485.0"
                    WIDTH="469.0"
                    HEIGHT="66.0"></String>
          </TextLine>

          
          
          <TextLine ID="eSc_line_1d704931"
                    TAGREFS="LT182"
                    BASELINE="1059 1570 1598 1577" 
                    HPOS="1057.0"
                    VPOS="1533.0"
                    WIDTH="541.0"
                    HEIGHT="70.0">
            <Shape><Polygon POINTS="1059 1570 1057 1590 1594 1603 1598 1577 1594 1533 1059 1533 1059 1570"/></Shape>
	    <String CONTENT="no es molt véurer lo que fan,"
                    HPOS="1057.0"
                    VPOS="1533.0"
                    WIDTH="541.0"
                    HEIGHT="70.0"></String>
          </TextLine>

          
          
          <TextLine ID="eSc_line_9386a6fc"
                    TAGREFS="LT182"
                    BASELINE="1061 1625 1592 1625" 
                    HPOS="1061.0"
                    VPOS="1586.0"
                    WIDTH="531.0"
                    HEIGHT="70.0">
            <Shape><Polygon POINTS="1061 1625 1061 1643 1230 1643 1241 1647 1261 1654 1263 1654 1265 1656 1394 1656 1394 1654 1397 1654 1403 1649 1419 1643 1471 1651 1487 1654 1489 1654 1491 1654 1498 1651 1528 1643 1590 1654 1592 1625 1592 1590 1061 1586 1061 1625"/></Shape>
	    <String CONTENT="sil&#39;s ne dáu las calsas plenas."
                    HPOS="1061.0"
                    VPOS="1586.0"
                    WIDTH="531.0"
                    HEIGHT="70.0"></String>
          </TextLine>

          
          
          <TextLine ID="eSc_line_3912110d"
                    TAGREFS="LT182"
                    BASELINE="1063 1673 1535 1673" 
                    HPOS="1063.0"
                    VPOS="1629.0"
                    WIDTH="472.0"
                    HEIGHT="71.0">
            <Shape><Polygon POINTS="1063 1673 1063 1689 1533 1700 1535 1673 1535 1634 1063 1629 1063 1673"/></Shape>
	    <String CONTENT="Y en axó se pongué l&#39; sol,"
                    HPOS="1063.0"
                    VPOS="1629.0"
                    WIDTH="472.0"
                    HEIGHT="71.0"></String>
          </TextLine>

          
          
          <TextLine ID="eSc_line_f449e4bd"
                    TAGREFS="LT182"
                    BASELINE="1061 1721 1533 1721" 
                    HPOS="1061.0"
                    VPOS="1675.0"
                    WIDTH="472.0"
                    HEIGHT="75.0">
            <Shape><Polygon POINTS="1061 1721 1061 1750 1120 1739 1530 1750 1533 1721 1533 1686 1061 1675 1061 1721"/></Shape>
	    <String CONTENT="ja la nit sobre los queya:"
                    HPOS="1061.0"
                    VPOS="1675.0"
                    WIDTH="472.0"
                    HEIGHT="75.0"></String>
          </TextLine>

          
          
          <TextLine ID="eSc_line_1f4ea7be"
                    TAGREFS="LT182"
                    BASELINE="1061 1768 1509 1772" 
                    HPOS="1059.0"
                    VPOS="1724.0"
                    WIDTH="450.0"
                    HEIGHT="61.0">
            <Shape><Polygon POINTS="1061 1768 1059 1783 1504 1785 1509 1772 1504 1724 1061 1728 1061 1768"/></Shape>
	    <String CONTENT="se va desfer lo conclave,"
                    HPOS="1059.0"
                    VPOS="1724.0"
                    WIDTH="450.0"
                    HEIGHT="61.0"></String>
          </TextLine>

          
          
          <TextLine ID="eSc_line_fdb43763"
                    TAGREFS="LT182"
                    BASELINE="1065 1816 1555 1822" 
                    HPOS="1063.0"
                    VPOS="1772.0"
                    WIDTH="492.0"
                    HEIGHT="72.0">
            <Shape><Polygon POINTS="1482 1772 1460 1772 1438 1772 1416 1772 1394 1772 1373 1772 1351 1772 1329 1772 1307 1772 1285 1772 1065 1772 1065 1816 1063 1831 1550 1844 1555 1822 1555 1772 1504 1772 1482 1772"/></Shape>
	    <String CONTENT="y á Deu, á Deu, Marieta,"
                    HPOS="1063.0"
                    VPOS="1772.0"
                    WIDTH="492.0"
                    HEIGHT="72.0"></String>
          </TextLine>

          
          
          <TextLine ID="eSc_line_bd47fe58"
                    TAGREFS="LT182"
                    BASELINE="1063 1866 1498 1870" 
                    HPOS="1061.0"
                    VPOS="1822.0"
                    WIDTH="437.0"
                    HEIGHT="73.0">
            <Shape><Polygon POINTS="1063 1866 1061 1881 1493 1895 1498 1870 1495 1831 1063 1822 1063 1866"/></Shape>
	    <String CONTENT="á Deu, amigueta Rosa,"
                    HPOS="1061.0"
                    VPOS="1822.0"
                    WIDTH="437.0"
                    HEIGHT="73.0"></String>
          </TextLine>

          
          
          <TextLine ID="eSc_line_b188ba5f"
                    TAGREFS="LT182"
                    BASELINE="1061 1916 1460 1914" 
                    HPOS="1059.0"
                    VPOS="1875.0"
                    WIDTH="401.0"
                    HEIGHT="68.0">
            <Shape><Polygon POINTS="1061 1916 1061 1943 1458 1941 1460 1914 1456 1879 1059 1875 1061 1916"/></Shape>
	    <String CONTENT="á Deu, amiga Beleta,"
                    HPOS="1059.0"
                    VPOS="1875.0"
                    WIDTH="401.0"
                    HEIGHT="68.0"></String>
          </TextLine>

          
          
          <TextLine ID="eSc_line_3ee2db16"
                    TAGREFS="LT182"
                    BASELINE="1065 1962 1550 1967" 
                    HPOS="1063.0"
                    VPOS="1919.0"
                    WIDTH="487.0"
                    HEIGHT="72.0">
            <Shape><Polygon POINTS="1065 1962 1063 1978 1546 1991 1550 1967 1550 1930 1515 1919 1513 1919 1511 1919 1065 1925 1065 1962"/></Shape>
	    <String CONTENT="va, no ploris, Margarida,"
                    HPOS="1063.0"
                    VPOS="1919.0"
                    WIDTH="487.0"
                    HEIGHT="72.0"></String>
          </TextLine>

          
          
          <TextLine ID="eSc_line_e745cd36"
                    TAGREFS="LT182"
                    BASELINE="1063 2015 1509 2015" 
                    HPOS="1063.0"
                    VPOS="1976.0"
                    WIDTH="446.0"
                    HEIGHT="65.0">
            <Shape><Polygon POINTS="1063 2015 1063 2041 1509 2041 1509 2015 1506 1976 1063 1976 1063 2015"/></Shape>
	    <String CONTENT="á Deu, estimada Elena,"
                    HPOS="1063.0"
                    VPOS="1976.0"
                    WIDTH="446.0"
                    HEIGHT="65.0"></String>
          </TextLine>

          
          
          <TextLine ID="eSc_line_8c6a3cc1"
                    TAGREFS="LT182"
                    BASELINE="1070 2061 1533 2065" 
                    HPOS="1068.0"
                    VPOS="2026.0"
                    WIDTH="465.0"
                    HEIGHT="64.0">
            <Shape><Polygon POINTS="1070 2061 1068 2085 1528 2090 1533 2065 1530 2028 1070 2026 1070 2061"/></Shape>
	    <String CONTENT="y despedintse la Antonia,"
                    HPOS="1068.0"
                    VPOS="2026.0"
                    WIDTH="465.0"
                    HEIGHT="64.0"></String>
          </TextLine>

          
          
          <TextLine ID="eSc_line_3c6555b5"
                    TAGREFS="LT182"
                    BASELINE="1065 2114 1482 2114" 
                    HPOS="1065.0"
                    VPOS="2074.0"
                    WIDTH="417.0"
                    HEIGHT="64.0">
            <Shape><Polygon POINTS="1065 2114 1065 2138 1482 2133 1482 2114 1480 2074 1065 2074 1065 2114"/></Shape>
	    <String CONTENT="doná fi la tal comedia."
                    HPOS="1065.0"
                    VPOS="2074.0"
                    WIDTH="417.0"
                    HEIGHT="64.0"></String>
          </TextLine>

          
          
          <TextLine ID="eSc_line_33fb062b"
                    TAGREFS="LT182"
                    BASELINE="1342 2164 1405 2164" 
                    HPOS="1342.0"
                    VPOS="2120.0"
                    WIDTH="63.0"
                    HEIGHT="66.0">
            <Shape><Polygon POINTS="1342 2164 1342 2184 1403 2186 1405 2164 1405 2125 1342 2120 1342 2164"/></Shape>
	    <String CONTENT="FI."
                    HPOS="1342.0"
                    VPOS="2120.0"
                    WIDTH="63.0"
                    HEIGHT="66.0"></String>
          </TextLine>

          
        </TextBlock>
        
        <TextBlock HPOS="666.0"
                   VPOS="2418.0"
                   WIDTH="1007.0"
                   HEIGHT="86.0"
                   ID="eSc_textblock_2d37fcdb"
                   TAGREFS="BT514">
          <Shape><Polygon POINTS="710 2418 1656 2418 1673 2460 1638 2495 710 2504 666 2486 710 2418"/></Shape>
          
          
          <TextLine ID="eSc_line_5680cb46"
                    TAGREFS="LT182"
                    BASELINE="690 2466 1653 2471" 
                    HPOS="688.0"
                    VPOS="2418.0"
                    WIDTH="965.0"
                    HEIGHT="83.0">
            <Shape><Polygon POINTS="1634 2418 1612 2418 1590 2418 1568 2418 1546 2418 1524 2418 1502 2418 1480 2418 1458 2418 1436 2418 1414 2418 1392 2418 1370 2418 1348 2418 1327 2418 1305 2418 1283 2418 1261 2418 1239 2418 1217 2418 1195 2418 1173 2418 1151 2418 1129 2418 1107 2418 1085 2418 1063 2418 1041 2418 1019 2418 997 2418 976 2418 954 2418 932 2418 910 2418 888 2418 866 2418 844 2418 822 2418 800 2418 778 2418 756 2418 734 2418 712 2418 695 2440 690 2466 688 2495 1166 2488 1195 2501 1199 2501 1201 2501 1204 2501 1206 2501 1212 2501 1250 2490 1261 2499 1261 2501 1263 2501 1265 2501 1267 2501 1287 2501 1430 2490 1649 2501 1653 2471 1649 2418 1634 2418"/></Shape>
	    <String CONTENT="Barcelona: Estampa dels Hlereus de la V. Pla, carrer de la Princesa."
                    HPOS="688.0"
                    VPOS="2418.0"
                    WIDTH="965.0"
                    HEIGHT="83.0"></String>
          </TextLine>

          
        </TextBlock>
        

        
      </PrintSpace>
    </Page>
  </Layout>
</alto>
