2148 3034
592.0 333.0 17.0 74.0 8

531.0 353.0 511.0 102.0 y cuando los vido juntos

531.0 437.0 491.0 68.0 ha dicho estas palabras:

536.0 482.0 465.0 71.0 Yo, señores, soy aquel

528.0 533.0 542.0 66.0 que imputando de liviana

526.0 576.0 387.0 71.0 á mi señora, maté

523.0 627.0 577.0 65.0 al paje que estaba en casa:

523.0 670.0 504.0 75.0 fue esto un falso testigo,

521.0 725.0 513.0 61.0 solo por tomar venganza

521.0 766.0 541.0 75.0 de aquella noble matrona,

523.0 811.0 706.0 78.0 que es honrada, honesta y casta.

523.0 872.0 433.0 66.0 A todos pido perdon

523.0 920.0 625.0 78.0 por Dios, por la Virgen Santa;

526.0 970.0 478.0 69.0 asi lo alcancen de Dios

526.0 1021.0 450.0 58.0 y su Madre Soberana.

526.0 1069.0 574.0 66.0 Quiso acabarlo don Claudio,

523.0 1112.0 547.0 58.0 mas todos se lo embarazan

523.0 1150.0 506.0 76.0 diciendo que le perdone

521.0 1211.0 528.0 68.0 porque descanse su alma.

521.0 1254.0 564.0 65.0 Despues de haber espirado,

523.0 1302.0 483.0 70.0 los esposos se miraban,

521.0 1357.0 508.0 68.0 y del gozo y sentimiento

523.0 1395.0 592.0 68.0 no aciertan á hablar palabra,

518.0 1443.0 600.0 84.0 y prorumpiendo don Claudio,

521.0 1499.0 503.0 66.0 la dice: esposa del alma,

516.0 1537.0 531.0 76.0 ó es encanto cuanto miro,

518.0 1587.0 580.0 79.0 ó es sueño lo que nos pasa;

523.0 1643.0 423.0 61.0 sin poderse contener

523.0 1683.0 514.0 69.0 estrechamente la abraza;

521.0 1736.0 549.0 69.0 y volviendo sobre acuerdo,

523.0 1790.0 499.0 63.0 pretenden con vigilancia

521.0 1825.0 564.0 78.0 buscar aquel monstruo que

521.0 1883.0 584.0 63.0 tanto horror y espanto causa.

526.0 1926.0 480.0 68.0 Les previene Margarita

523.0 1979.0 559.0 63.0 que si acaso lo encontraban

523.0 2022.0 537.0 73.0 no le hagan mal ninguno,

523.0 2075.0 542.0 66.0 que le da impulsos el alma

526.0 2118.0 564.0 74.0 que aquel ha de ser su hijo,

528.0 2171.0 570.0 69.0 y que asi el Cielo lo guarda.

533.0 2214.0 570.0 71.0 Y descubriendo en el monte

1252.0 366.0 478.0 94.0 no dejan cerro ó cañada

1252.0 442.0 498.0 76.0 que no la midan á pasos,

1252.0 485.0 627.0 81.0 hasta que de entre unas ramas

1249.0 541.0 532.0 70.0 don Claudio lo descubrió,

1247.0 584.0 607.0 80.0 y vió que es persona humana;

1247.0 639.0 561.0 71.0 él mismo se fue á su padre,

1247.0 685.0 503.0 65.0 que la sangre lo llamaba.

1252.0 723.0 579.0 88.0 Viendo tan grande prodigio,

1247.0 771.0 420.0 78.0 lo acaricia y agasaja,

1234.0 829.0 569.0 71.0 ni entiende lo que le dicen,

1247 879 549 61 ni acierta á hablar palabra :

1244.0 915.0 499.0 73.0 iba siguiendo á su padre

1244.0 968.0 524.0 71.0 hasta entrar en la cabaña;

1244.0 1023.0 552.0 66.0 se fue derecho á su madre,

1247.0 1069.0 536.0 71.0 y de ella.no se estrañaba.

1244.0 1104.0 595.0 81.0 La osa que lo echó de menos,

1247.0 1165.0 524.0 66.0 como una ovejuela mansa,

1247.0 1211.0 574.0 68.0 hasta entrar dentro en Paris

1247.0 1259.0 521.0 60.0 fue siguiendo sus pisadas.

1247.0 1299.0 450.0 73.0 Hizo el caso tal ruido,

1252.0 1357.0 521.0 66.0 que conmovida la Francia

1249.0 1400.0 582.0 74.0 van á ver tan gran prodigio,

1254.0 1451.0 463.0 71.0 y es un jubileo la casa.

1249.0 1499.0 425.0 66.0 Enseñáronle á hablar

1254.0 1552.0 453.0 58.0 y la Doctrina cristiana

1249.0 1595.0 532.0 66.0 despues que lo bantizaron,

1254.0 1640.0 557.0 71.0 y desde entonces le llaman

1254.0 1686.0 554.0 68.0 Ventura Osson, y su padre

1252.0 1731.0 476.0 66.0 inmediatamente manda

1252.0 1779.0 531.0 74.0 que á la Vírgen de la Paz,

1249.0 1833.0 509.0 65.0 en hacimiento de gracias

1252.0 1883.0 402.0 56.0 de este suceso feliz.

1257.0 1926.0 483.0 71.0 una lámpara se le haga

1254.0 1974.0 506.0 73.0 que pese cuarenta libras

1257.0 2030.0 448.0 65.0 de plata sobredorada,

1257.0 2065.0 496.0 86.0 y á los criados mil pesos.

1262.0 2113.0 544.0 76.0 Y aqui la historia se acaba;

1254.0 2166.0 484.0 63.0 pidiendo ahora el poeta

1254.0 2219.0 544.0 91.0 perdon de todas sus faltas.

1171.0 2295.0 149.0 94.0 FIN.

523.0 2376.0 1430.0 314.0 Madrid: 1848.=Impr. de D. J. Marés, Corredera de S. Pablo, núm.27.
