1860 2629
1019 282 226 92 (Núm. 52.)

386 352 848 70 DON RODULFO DE PEDRAJAS.

368 1209 886 81 NUEVA RELACION,

153 1268 1309 70 en que se da cuenta de los valerosos hechos y aventuras que le sucedieron

162 1325 1283 94 á este caballero y cómo S. M. le premió por sus distinguidas hazaña.

618 1380 382 107 PRIMERA PARTE.

182 1430 467 99 Todo bandido se esconda,

135 1505 426 63 no manifieste la charpa,

138 1551 370 50 á vista de misarrojos

135 1566 573 85 tiemblen los guapos de España,

138 1629 373 57 temple su ira Oliveros

140 1669 434 52 vencedor de las batallas;

135 1711 452 50 calle Bernardo del Carpio.

135 1746 479 61 ue entre cerros y cañadas,

138 1787 452 57 se quedó pidiendo guerra,

140 1822 465 59 por yerro de su janorancia.

142 1860 445 65 No soy el Cid, ni Sanson.

140 1908 410 50 que columnas derribaba

138 1941 487 67 en venganza de su agravio,

142 1987 371 57 cuyo valor publicaba,

138 2022 498 61 que morir por Dios y el rey.

140 2061 414 55 es dar lauros á la fama;

144 2098 492 64 Y por que sepan quién soy,

142 2142 443 59 mi uacimiento y crianza,

144 2184 435 55 naci en Morales del Hay,

138 2219 434 57 yo, Rodulfo (le Pedrajas,

133 2260 463 60 que el astrú de mi Jortuna

138 2300 449 52 me señaló letrus y armas.

140 2324 515 96 elegue á cumplir vennte anos,

820 1467 491 64 compré un caballo y charpa,

826 1507 345 61 y cargado de tabaco

818 1537 333 62 á Zaragoza pasaba;

820 1579 375 61 en breve lo despaché,

822 1632 412 54 y volviéndome á mi casa

824 1658 448 68 encontrando en el camiño

820 1702 452 66 á Pelagio, que los guardas,

826 1741 384 64 lo llevaban maniatado,

829 1781 377 68 y despojado de aruas;

822 1827 314 59 ast́ que los conoci,

822 1846 445 84 los aguardé que flegaran,

831 1906 362 54 y les dije: caballeros,

820 1930 454 81 aquese preso y las curgas

822 1976 351 61 al punto lo soltareis,

822 2006 467 86 que yo, Rodulfo, lo manda;

824 2059 380 50 aquí es pireciso morir,

824 2090 481 61 que la muerte á todos llamá.

829 2136 467 67 A un tiempo me dispararo?

826 2179 408 62 dándome carga gerfada,

829 2212 381 57 yo disparé mi trabuco,

831 2247 458 68 y les mate á cinco guardas,

829 2289 471 57 los que quedaron, huveron.

831 2337 463 88 que el nliedo les acobarda;
