1860 2629
243 1060 1255 85 Décimas nuevas para cantar los aficionados.

614 1191 438 49 Esta noche con la luna

565 1229 402 63 Y mañana con el sol,

568 1279 392 57 Cojeremos pajaritos

563 1318 448 79 Para la iglesia mayor.

274 1388 528 93 Mi alma se alegra al verte,

228 1456 515 79 Tu has de dar alguna traza

225 1509 560 72 Para que yo entre en tu casa,

225 1564 529 59 Esta noche un rato á verte.

228 1610 596 85 No señor, que eso es perderme,

230 1656 515 72 Y eso es probar mi fortuna,

230 1704 537 88 Y puede haber gente alguna

228 1757 458 72 Que nos pueda conocer,

228 1803 465 67 Y á usted lo pueden ver

225 1849 448 98 Esta noche con la luna.

278 1934 535 92 Mi bien, por ser el primero,

228 1998 522 78 Un fovor de te he de pedir,

228 2037 434 72 Esta noche has de salir

228 2094 491 59 Antes que salga el lucero.

228 2138 476 72 No señor, salir no puedo.

223 2182 575 98 Que eso es quitarme el honor;

225 2236 470 81 Luego que tu falso amor

228 2285 434 67 Gozarás de mi fortuna,

230 2333 425 72 Me dejarás con la luna

232 2381 397 85 Y mañana con el sol.

934 1421 432 70 Por dichoso me tendré

892 1465 402 68 Si te logro, criatura,

890 1520 465 66 Si gozo de tu hermosura

888 1566 463 61 Siempre constante seré.

888 1616 452 68 No señor, váyase usted,

883 1656 529 83 Que ese gusto no lo admito,

890 1711 377 67 Si le veo prevarico,

890 1759 564 76 No hay arbitrio que me valga,

892 1807 459 81 En el inter que yo salga

892 1864 391 88 Cojeremos pajaritos.

938 1934 384 92 Este deseo de verte

890 2000 476 79 No ha sido por otra cosa,

894 2050 454 64 Sino que seas mi esposa

890 2107 498 61 Si he llegado á merecerte,

890 2142 526 94 Sí señor, si es de esa suerte

888 2195 419 74 Asi aseguro mi honor,

890 2241 478 83 Serás dueño de mi amor,

890 2300 452 70 Asi mi amor lo asegura,

890 2339 430 77 En llevándonos el cura

892 2392 415 72 Para la iglesia mayor,
