1860 2629
217.0 1042.0 1125.0 132.0 DECIMAS NUEVAS,

157.0 1187.0 1284.0 101.0 alegres y divertidas para pasar el rato des-

350.0 1277.0 854.0 79.0 pues de tener la panza llena,

561.0 1342.0 447.0 108.0 pero no de aire.

480.0 1553.0 614.0 55.0 Cuando un pobre se emborracha

434.0 1597.0 449.0 65.0 le llaman el borrachon,

436.0 1636.0 592.0 61.0 de que se emborracha un rico

445.0 1691.0 524.0 66.0 qué alegre viene el señor.

168.0 1776.0 439.0 51.0 El que no tiene pesetas

125.0 1820.0 443.0 57.0 de ninguno es conocido

125.0 1855.0 489.0 59.0 ni en audiencias atendido

122.0 1901.0 511.0 61.0 esto es claro y cosa cierta;

120.0 1947.0 559.0 59.0 nadie escucha sus propuestas

120.0 1991.0 491.0 59.0 ni en repúblicas ni plazas,

142.0 2033.0 487.0 63.0 y si por suerte ó desgracia,

122.0 2074.0 465.0 97.0 le gusta beber un trago,

807.0 1763.0 484.0 70.0 de todos es murmurado,

804.0 1820.0 619.0 61.0 cuando un pobre se emborracha.

848.0 1886.0 522.0 76.0 Hombres, mugeres y niños

804.0 1952.0 564.0 56.0 se burlan de cualquier pobre;

807.0 1989.0 548.0 61.0 por que en no teniendo cobre

802.0 2030.0 408.0 62.0 de todos es abatido:

802.0 2074.0 514.0 101.0 no hay parentela ni amigos
