1860 2629
559.0 1147.0 566.0 90.0 RELACION JOCOSA

401.0 1207.0 882.0 135.0 DE LA CALABAZA Y EL VINO,

311.0 1321.0 1044.0 124.0 compuesta por un ingenio que se meneaba.

203.0 1520.0 566.0 109.0 Silencio, atencion, soniche.

160.0 1592.0 419.0 66.0 atendite, camarada,

160.0 1632.0 493.0 76.0 que voy á contar un caso

164.0 1678.0 579.0 90.0 que me sucedió en Granada;

166.0 1741.0 478.0 66.0 pero para que lo cuente,

157.0 1772.0 608.0 94.0 se han de estar manicruzadas,

164.0 1842.0 474.0 57.0 con silencio y atencion,

164.0 1890.0 509.0 70.0 sin menear las pestañas,

164.0 1932.0 439.0 63.0 sin toser, sin escupir,

160.0 1976.0 493.0 74.0 sin golpear con la caja,

162.0 2024.0 489.0 66.0 sin sonarse las narices,

164.0 2065.0 531.0 77.0 y no hay que pelar la pava,

162.0 2118.0 511.0 79.0 pues me volveré á sentar

168.0 2179.0 463.0 66.0 y quedarán con la gana

164.0 2230.0 423.0 83.0 de saber lo que pasó,

844.0 1513.0 537.0 101.0 que es una cosa estremada,

846.0 1588.0 494.0 66.0 Una tarde, la otra tarde;

837.0 1623.0 636.0 94.0 no, antes de ayer; no, mañana,

848.0 1691.0 536.0 68.0 esta tarde; no, ayer tarde,

848.0 1732.0 454.0 73.0 ¿si seria esta mañana?

842.0 1768.0 588.0 85.0 al fin de mes, ó al principio,

853.0 1829.0 555.0 77.0 que no es alquiler de casa,

851.0 1884.0 502.0 63.0 que es preciso despedirla

851.0 1912.0 629.0 94.0 cuando media ó cuando acaba.

855.0 1976.0 502.0 65.0 Un domingo por la tarde,

853.0 2011.0 557.0 76.0 no, el primer dia de Páscua

855.0 2059.0 618.0 92.0 que está despues de Cuaresma,

857.0 2122.0 437.0 66.0 yo me salí de mi casa

857.0 2157.0 456.0 73.0 con el intento tan solo

859.0 2219.0 441.0 87.0 de ir á pasear la capa,
