1753 2480
200.0 126.0 595.0 80.0 cuan 'l ase diu no vull beure

200.0 179.0 616.0 83.0 tan seval que hu deixeu jeure,

202.0 239.0 502.0 56.0 y aixís no y aurá remey,

204.0 272.0 507.0 69.0 fins que Déu fará de rey,

202.0 322.0 407.0 62.0 y al dolén castigará

202.0 365.0 442.0 54.0 ab la justicia á la má.

204.0 405.0 519.0 62.0 Llavorans tots los dolens

204.0 450.0 527.0 62.0 mudarán los pensaments,

202.0 496.0 482.0 68.0 y veurem que nit y día

198.0 549.0 486.0 60.0 tot nos causará alegría.

204.0 599.0 482.0 45.0 pero fills, á mi me part

200.0 626.0 589.0 62.0 que aixó vindrá bastant tart;

204.0 675.0 562.0 69.0 pero en tal cas que vingués

202.0 727.0 480.0 52.0 ningú may perdría rés.

206.0 764.0 476.0 60.0 Toquem un altre cantó

202.0 816.0 455.0 60.0 per veure qui te rahó.

196.0 851.0 523.0 66.0 Jo vey que no es decorós

200.0 901.0 566.0 64.0 que un pobre siga orgullós,

198.0 942.0 558.0 64.0 com sabeu que molts ni há

200.0 994.0 564.0 55.0 que apenas s' els pot parlá;

200.0 1039.0 511.0 60.0 perque ja que treballadó

198.0 1087.0 504.0 51.0 que si 's presenta ocasió

198.0 1122.0 564.0 66.0 de un treball se encarregat,

200.0 1169.0 556.0 66.0 ¡no si torna poch malvat...!

200.0 1215.0 457.0 58.0 Maltracta tota la gent,

200.0 1254.0 467.0 58.0 fa torná al amo dolent

194.0 1306.0 612.0 62.0 si es que el amo aigi estat bó.

198.0 1343.0 477.0 72.0 Que tal ¿veritat aixó?...

198.0 1386.0 573.0 75.0 Si homens si, que 'm direu,

194.0 1428.0 465.0 68.0 si jo filo per tot arreu.

196.0 1477.0 496.0 66.0 Si de tot aixó que passa

198.0 1521.0 461.0 66.0 ne se una mica massa.

200.0 1564.0 482.0 64.0 Aixó casi hu sap tutom

198.0 1609.0 527.0 56.0 si es dulén un majordóm.

202.0 1651.0 548.0 66.0 Veurém també algún pelat

196.0 1696.0 482.0 64.0 que vol aná ben mudat,

196.0 1752.0 453.0 54.0 que sense fé centinela

194.0 1787.0 471.0 66.0 li agrada gastá la pela,

194.0 1837.0 364.0 58.0 y cada día al café

192.0 1862.0 593.0 95.0 com aquell que ya hu pot fé;

196.0 1926.0 484.0 62.0 y vingan copas y puros

196.0 1963.0 525.0 70.0 y ananse jugan los duros,

198.0 2017.0 498.0 55.0 sense pará de fe mossas,

194.0 2048.0 527.0 76.0 y cap á conquistá móssas,

192.0 2099.0 393.0 62.0 y causá la perdisió

192.0 2141.0 465.0 70.0 de un altre treballadó,

190.0 2184.0 514.0 64.0 que haventli fet un favor

196.0 2232.0 585.0 103.0 me 'l deix pelat y mitj mort.

1083.0 130.0 523.0 74.0 Lo que aixó torbi ben fet

1085.0 194.0 502.0 58.0 no será sinó un ximplet,

1089.0 233.0 575.0 68.0 que tindría mol grós lo fetje

1083 293 537 48 ab sentiment d'un cretje.

1085.0 330.0 529.0 62.0 Sino que sempre tinch pó

1081.0 376.0 539.0 68.0 que vinguin de tras cantó.

1083.0 423.0 477.0 48.0 á ventarme un clatallót

1083.0 462.0 510.0 65.0 algun estrany ó ximplot,

1085.0 508.0 459.0 60.0 ya us en diria algunas

1081.0 543.0 568.0 79.0 ab las lletras com á prunas,

1085.0 595.0 494.0 64.0 pero ya me han ordenat

1079.0 630.0 605.0 78.0 que tingui el bech ben xullat,

1085.0 692.0 473.0 60.0 sinó 'm clavarían pera;

1085.0 731.0 440.0 62.0 y cantant la miserera

1085.0 768.0 405.0 64.0 m' auría de consolá

1087.0 816.0 434.0 58.0 sense pogué ximullá.

1087.0 853.0 550.0 77.0 De les noyas, que 'n dirém

1083.0 894.0 471.0 64.0 si acás no las retallém?

1085.0 942.0 411.0 70.0 També tenía pensat

1081.0 989.0 523.0 65.0 de darlas un cop d' estat.

1079.0 1035.0 527.0 60.0 Ellas molt alegres viuhen

1079.0 1076.0 636.0 75.0 mentres de 'ls altres se riuhen,

1079.0 1132.0 632.0 66.0 sens pensá que moltas d' ellas,

1081.0 1167.0 543.0 66.0 tan casadas com donsellas,

1081.0 1211.0 560.0 68.0 que avuy fan cuasi be totas

1083.0 1256.0 525.0 68.0 mes faltas que las pilotas.

1085.0 1306.0 517.0 66.0 Ellas per na ben vestidas

1083.0 1351.0 583.0 68.0 se fórjan deu mil mentidas...

1083.0 1401.0 514.0 58.0 venense... lo que val mes

1081.0 1434.0 514.0 66.0 per la ambició dels calés.

1085.0 1490.0 554.0 60.0 ¡No 'n fan pocas de traficas

1079.0 1521.0 539.0 66.0 sols per aná ben bonicas..

1081.0 1576.0 508.0 54.0 y per menjá tots los dias

1081.0 1612.0 483.0 74.0 las mes bonas llepolías:

1081.0 1657.0 587.0 60.0 pero en cabat. ¡Ay deu meu,

1074.0 1700.0 645.0 73.0 cuant surt alló que no 's véu!...

1074.0 1744.0 563.0 72.0 Quin llanto, santa Quiteria

1077.0 1787.0 568.0 73.0 cuan la cosa 's posa seria...!

1079.0 1831.0 516.0 72.0 Tot lo que abans era mel

1077.0 1884.0 523.0 71.0 se 'ls torna vinagre y fel;

1077.0 1922.0 473.0 70.0 y resulta tal ponsonya,

1074.0 1959.0 614.0 87.0 que yo, men dono vergonya...

1074.0 2012.0 486.0 69.0 en ſi no hu vull esplicá,

1079.0 2066.0 469.0 58.0 aixó no hu vull retallá.

1081.0 2103.0 469.0 62.0 Y parlán de casaments,

1074.0 2143.0 519.0 62.0 ne fan uns de tan dolens.

1072.0 2186.0 616.0 83.0 que per que los tals nos fésin.

1072.0 2238.0 538.0 118.0 que las iglesias tanquesin.
