1860 2629
296 269 568 101 El padre increpó á don Pedro

247 348 446 66 su cobardía y desdoro,

250 400 443 64 y determinó entregarse

250 449 447 65 en su lugar él al moro.

298 488 520 77 ¡ Con don Alfonso abrazóse

245 538 478 68 la madre tan afligida !...

252 600 465 52 Entonces Pedro animoso

247 648 446 55 buscó pronto la salida.

293 692 476 59 Quedó María un instante

241 731 524 79 cual estátua, muda, yerta ;

245 793 606 61 mas luego dando un gran grito

245 847 553 57 cayó en tierra como muerta.

298 882 531 71 ¡ Despues terribles visiones

247 928 557 71 en sueños Guzman sufria !...

247 988 435 61 soñaba que degollaban

245 1038 441 59 al hijo que mas queria.

298 1086 625 59 Vuelve en tanto el fiel don Nuño

247 1137 573 59 que marchara al campo moro

250 1185 480 57 por rescatar á don Pedro

245 1235 496 53 ofreciendo montes de oro.

293 1272 626 70 Mas de don Juan que allí manda,

247 1327 476 64 trae un insolente escrito,

245 1384 421 50 sólo Tarifa en rescate

247 1430 487 59 admitiendo aquel maldito.

298 1470 603 74 Y á don Pedro ( al tercer toque

239 1518 504 76 del clarin, si con presteza

247 1566 485 70 la plaza no es entregada )

247 1621 419 63 le cortarán la cabeza.

296 1678 458 59 El honor y amor al hijo

241 1724 504 61 otra vez luchando están...

254 1768 502 67 ¡ La pobre madre vencida

243 1820 529 83 fué por el grande Guzman.

1030 278 579 96 Quien subió al segundo toque

987 346 445 65 al muro como un leon,

987 398 484 62 y así dijo á los de afuera

987 449 502 59 rechazando un tal baldon :

1033 499 449 55 «No aceptaré yo jamás

987 545 515 61 esa propuesta, inhumanos,

991 593 550 66 por mas que en mi caro hijo

989 655 572 54 ensangrenteis vuestras manos.

1035 690 463 68 «Sacrificadle, cobardes,

978 738 493 63 si lo habeis determinado

984 786 593 72 que mas quiero honra sin hijo,

982 834 652 81 que hijo con mi honor manchado.

980 939 454 64 de buen puñal careceis

1033 891 447 59 «¡ Y si para degollarle

987 981 478 72 podreis serviros del mio,

984 1038 498 63 y mi fama aumentareis !»

1033 1088 502 59 Y arrojó el cuchillo lejos,

980 1123 434 73 el corazon desgarrado,

984 1183 579 70 y en pos de tan gran esfuerzo

980 1231 498 61 cayó al suelo desmayado.

1028 1281 509 57 Al instante el tercer toque

980 1329 408 57 del fatal clarin sonó,

989 1375 467 68 ¡ y aquella jóven cabeza

980 1421 502 64 cual flor tronchada cayó !

1035 1481 377 61 Apoderóse de todos

980 1527 504 61 el mas hondo sentimiento,

987 1579 519 61 y de tomar cruel venganza

984 1616 430 66 hicieron el juramento.

1041 1667 437 72 Y á Tarifa defendieron

987 1728 513 55 con tal teson y constancia,

984 1772 531 63 que en aquel cerco abatióse

984 1816 529 109 de los moros la arrogancia.

897 2046 98 107 FIN

484 2414 970 87 Barcelona : Imp. de Llorens, Palma de Sla Catalina, n.°6.
