1753 2480
227.0 20.0 66.0 101.0 46

525.0 66.0 60.0 93.0 III.

181.0 140.0 515.0 70.0 Embriagado de gozo bien mio

186.0 192.0 498.0 72.0 De tu voz escuché la duzu:a

190.0 239.0 562.0 77.0 Y una llama de amor la mas pura

183.0 297.0 536.0 58.0 El mi alma encendió tu cantar.

183.0 336.0 554.0 85.0 Desde entonces muger te idolatro

183.0 384.0 470.0 64.0 De mi sino fatal á despecho

186.0 429.0 570.0 71.0 Pues tu acento divino en el pecho

188.0 479.0 587.0 87.0 Se introduce mas bien que un puñal.

1269.0 78.0 62.0 79.0 IV.

928.0 146.0 558.0 85.0 Por dó quiera me sigue tu imájen

930.0 210.0 566.0 69.0 Fascinando de amor mis sentidos;

928.0 252.0 494.0 64.0 De tu canto los dulces sonidos

928.0 316.0 529.0 62.0 Por dó quiera yo escucho vibrar.

930.0 357.0 500.0 68.0 Si deseas que baje á la tumha

928.0 396.0 512.0 75.0 Ah! no cese de oir ese acento...

930.0 448.0 498.0 64.0 Me verás perecer al momento

930.0 502.0 572.0 82.0 Cual si hiriera mi pecho un puñal.

1273.0 545.0 221.0 103.0 —A. M.—

454.0 921.0 889.0 261.0 36 LA INCONSTANCIA.

531.0 1242.0 39.0 99.0 I.

186.0 1339.0 653.0 103.0 Te vi un tiempo hermosa y pura,

188.0 1405.0 483.0 89.0 Cual la rosa mas galana

183.0 1467.0 536.0 68.0 Que al albor de la mañana

181.0 1529.0 492.0 70.0 Se meció en rico verjel:

188.0 1578.0 459.0 73.0 Y al amarte con delirio,

183.0 1630.0 441.0 87.0 Olvidaba que la rosa

183.0 1692.0 418.0 85.0 Una espina venenosa

175.0 1746.0 488.0 87.0 En sa tallo oculta cruel.

520.0 1841.0 50.0 81.0 II.

183.0 1934.0 459.0 76.0 Del ovario de esa rosa,

181.0 1990.0 581.0 89.0 Tras los juegos de la infancia,

179.0 2052.0 432.0 76.0 Aspiraba la fragancia

177.0 2108.0 488.0 80.0 Embebido en mi ilusion.

181.0 2159.0 509.0 83.0 Y al besar mi labio osado

173.0 2223.0 445.0 89.0 Su corona purpurina,

173.0 2283.0 490.0 79.0 La ponzoña de su espina

173.0 2341.0 438.0 101.0 Desgarró mi corazon.

1246.0 1277.0 72.0 64.0 III.

919.0 1349.0 418.0 93.0 Al cariño agradecido

917.0 1407.0 465.0 89.0 Que tu labio me jurára.

924.0 1469.0 572.0 97.0 Te erijí en mi pecho un ara...

917.0 1531.0 443.0 87.0 Culto en ella le rendí.

921.0 1593.0 536.0 85.0 Mas en breve mi desprecio

919.0 1647.0 449.0 70.0 Sucedió á la idolatría,

917.0 1698.0 445.0 89.0 Porque oculta la falsía

919.0 1758.0 406.0 89.0 En tu alhago conocí.

1244.0 1839.0 72.0 107.0 IV.

915.0 1938.0 556.0 89.0 Con tu amor sufrió mi pecho

919.0 1998.0 513.0 85.0 Tan cruëntos desengaños,

915.0 2066.0 513.0 79.0 Que en mis juveniles años,

919.0 2118.0 561.0 80.0 La amargura holló al placer.

917.0 2178.0 544.0 87.0 Asi pues por tu inconstancia

913.0 2225.0 467.0 87.0 Deja que mi labio diga,

917.0 2289.0 486.0 75.0 Que tu pecho solo abriga

915.0 2345.0 445.0 83.0 Imposturas oh! mujer!

1292.0 2426.0 233.0 56.0 — J. A. C. —
