<?xml version="1.0" encoding="UTF-8"?>
<alto xmlns:xsi="http://www.w3.org/2001/XMLSchema-instance"
      xmlns="http://www.loc.gov/standards/alto/ns-v4#"
      xsi:schemaLocation="http://www.loc.gov/standards/alto/ns-v4# http://www.loc.gov/standards/alto/v4/alto-4-2.xsd">
  <Description>
    <MeasurementUnit>pixel</MeasurementUnit>
    <sourceImageInformation>
      <fileName>Varios_139_3.jpg</fileName>
      
    </sourceImageInformation>
  </Description>
  
  <Tags>
    <OtherTag ID="BT12" LABEL="RunningTitleZone" DESCRIPTION="block type RunningTitleZone"/><OtherTag ID="BT14" LABEL="MainZone" DESCRIPTION="block type MainZone"/><OtherTag ID="BT16" LABEL="GraphicZone:ornamentation" DESCRIPTION="block type GraphicZone:ornamentation"/><OtherTag ID="BT17" LABEL="MusicZone" DESCRIPTION="block type MusicZone"/><OtherTag ID="BT19" LABEL="QuireMarksZone:signature" DESCRIPTION="block type QuireMarksZone:signature"/><OtherTag ID="BT20" LABEL="QuireMarksZone:catchwords" DESCRIPTION="block type QuireMarksZone:catchwords"/><OtherTag ID="BT21" LABEL="GraphicZone:illustration" DESCRIPTION="block type GraphicZone:illustration"/><OtherTag ID="BT25" LABEL="NumberingZone:page" DESCRIPTION="block type NumberingZone:page"/><OtherTag ID="BT28" LABEL="MarginTextZone:colophon" DESCRIPTION="block type MarginTextZone:colophon"/><OtherTag ID="BT29" LABEL="MarginTextZone:note" DESCRIPTION="block type MarginTextZone:note"/><OtherTag ID="BT95" LABEL="CustomZone:impresorNum" DESCRIPTION="block type CustomZone:impresorNum"/><OtherTag ID="BT97" LABEL="CustomZone:numero_pliego" DESCRIPTION="block type CustomZone:numero_pliego"/><OtherTag ID="BT205" LABEL="MainZone:columns" DESCRIPTION="block type MainZone:columns"/><OtherTag ID="BT206" LABEL="CustomZone:title" DESCRIPTION="block type CustomZone:title"/>
    <OtherTag ID="LT40" LABEL="CustomLine:trailer" DESCRIPTION="line type CustomLine:trailer"/><OtherTag ID="LT69" LABEL="CustomLine:propriedad" DESCRIPTION="line type CustomLine:propriedad"/><OtherTag ID="LT75" LABEL="DefaultLine" DESCRIPTION="line type DefaultLine"/><OtherTag ID="LT78" LABEL="HeadingLine" DESCRIPTION="line type HeadingLine"/>
  </Tags>
  
  <Layout>
    <Page WIDTH="1860"
          HEIGHT="2629"
          PHYSICAL_IMG_NR="768"
          ID="eSc_dummypage_">
      <PrintSpace HPOS="0"
                  VPOS="0"
                  WIDTH="1860"
                  HEIGHT="2629">
        
        <TextBlock HPOS="210"
                   VPOS="157"
                   WIDTH="1323"
                   HEIGHT="270"
                   ID="eSc_textblock_007ba7f3"
                   TAGREFS="BT206">
          <Shape><Polygon POINTS="1445 166 1506 175 1533 216 1524 286 1489 304 1026 322 1006 348 1041 409 1015 427 710 418 728 341 673 322 271 313 210 225 245 166 552 157"/></Shape>
          
          
          <TextLine ID="eSc_line_0ae7eae4"
                    TAGREFS="LT75"
                    BASELINE="257 286 684 282 708 282 774 282 813 282 1487 280" 
                    HPOS="254"
                    VPOS="166"
                    WIDTH="428"
                    HEIGHT="219">
            <Shape><Polygon POINTS="256 363 429 385 432 385 434 385 436 385 467 363 482 376 484 376 486 376 489 376 491 376 541 361 600 379 603 379 605 379 607 379 682 357 682 280 675 166 254 175 256 284"/></Shape>
	    <String CONTENT="VIEJ"
                    HPOS="254"
                    VPOS="166"
                    WIDTH="428"
                    HEIGHT="219"></String>
          </TextLine>

          
          
          <TextLine ID="eSc_line_fd67584d"
                    TAGREFS="LT75"
                    BASELINE="743 402 1008 402" 
                    HPOS="754"
                    VPOS="350"
                    WIDTH="241"
                    HEIGHT="105">
            <Shape><Polygon POINTS="756 398 756 350 993 359 995 400 993 449 754 455"/></Shape>
	    <String CONTENT="CANGO"
                    HPOS="754"
                    VPOS="350"
                    WIDTH="241"
                    HEIGHT="105"></String>
          </TextLine>

          
        </TextBlock>
        
        <TextBlock HPOS="78"
                   VPOS="504"
                   WIDTH="709"
                   HEIGHT="869"
                   ID="eSc_textblock_b17d7100"
                   TAGREFS="BT205">
          <Shape><Polygon POINTS="743 839 708 935 787 1016 761 1077 778 1189 640 1207 638 1321 568 1364 228 1373 210 1235 78 1198 78 578 436 569 437 509 491 504 495 579 743 578"/></Shape>
          
          
          <TextLine ID="eSc_line_d51fc071"
                    TAGREFS="LT75"
                    BASELINE="452 541 487 540" 
                    HPOS="452"
                    VPOS="540"
                    WIDTH="35"
                    HEIGHT="1">
            
	    <String CONTENT=""
                    HPOS="452"
                    VPOS="540"
                    WIDTH="35"
                    HEIGHT="1"></String>
          </TextLine>

          
          
          <TextLine ID="eSc_line_bfeb870f"
                    TAGREFS="LT75"
                    BASELINE="94 604 728 604" 
                    HPOS="92"
                    VPOS="545"
                    WIDTH="638"
                    HEIGHT="81">
            <Shape><Polygon POINTS="94 604 92 556 250 545 252 545 252 545 252 545 254 545 254 545 285 558 293 560 311 558 381 545 381 545 383 545 383 545 383 545 454 558 462 560 464 558 482 545 482 545 484 545 484 545 486 545 486 545 486 545 489 545 489 545 489 545 491 545 491 545 491 545 493 545 513 560 629 560 644 560 644 560 688 545 688 545 690 545 690 545 693 545 693 545 695 545 695 545 695 545 730 563 728 604 726 626 92 620"/></Shape>
	    <String CONTENT="Viejo riacón de mís primeros tangos"
                    HPOS="92"
                    VPOS="545"
                    WIDTH="638"
                    HEIGHT="81"></String>
          </TextLine>

          
          
          <TextLine ID="eSc_line_392bde63"
                    TAGREFS="LT75"
                    BASELINE="89 641 701 641" 
                    HPOS="89"
                    VPOS="609"
                    WIDTH="612"
                    HEIGHT="52">
            <Shape><Polygon POINTS="89 641 89 609 701 611 701 641 701 655 89 661"/></Shape>
	    <String CONTENT="donde ella me batió que me queria,"
                    HPOS="89"
                    VPOS="609"
                    WIDTH="612"
                    HEIGHT="52"></String>
          </TextLine>

          
          
          <TextLine ID="eSc_line_7f3faccd"
                    TAGREFS="LT75"
                    BASELINE="89 679 719 672" 
                    HPOS="85"
                    VPOS="635"
                    WIDTH="634"
                    HEIGHT="66">
            <Shape><Polygon POINTS="89 679 85 650 712 635 719 672 719 694 89 701"/></Shape>
	    <String CONTENT="guarida de cien noches de fandango"
                    HPOS="85"
                    VPOS="635"
                    WIDTH="634"
                    HEIGHT="66"></String>
          </TextLine>

          
          
          <TextLine ID="eSc_line_839c510a"
                    TAGREFS="LT75"
                    BASELINE="89 714 682 712" 
                    HPOS="85"
                    VPOS="681"
                    WIDTH="597"
                    HEIGHT="50">
            <Shape><Polygon POINTS="89 714 85 683 675 681 682 712 679 727 89 731"/></Shape>
	    <String CONTENT="que en mi memoria vives todavía."
                    HPOS="85"
                    VPOS="681"
                    WIDTH="597"
                    HEIGHT="50"></String>
          </TextLine>

          
          
          <TextLine ID="eSc_line_0dea61c8"
                    TAGREFS="LT75"
                    BASELINE="94 751 666 744" 
                    HPOS="89"
                    VPOS="714"
                    WIDTH="577"
                    HEIGHT="54">
            <Shape><Polygon POINTS="94 751 89 720 660 714 666 744 664 760 94 768"/></Shape>
	    <String CONTENT="¡Oh! Callejón de turbias caferatas"
                    HPOS="89"
                    VPOS="714"
                    WIDTH="577"
                    HEIGHT="54"></String>
          </TextLine>

          
          
          <TextLine ID="eSc_line_8b397326"
                    TAGREFS="LT75"
                    BASELINE="89 784 690 782" 
                    HPOS="85"
                    VPOS="753"
                    WIDTH="605"
                    HEIGHT="48">
            <Shape><Polygon POINTS="89 784 85 755 684 753 690 782 686 801 87 799"/></Shape>
	    <String CONTENT="que fueron taitas del «mandollón»,"
                    HPOS="85"
                    VPOS="753"
                    WIDTH="605"
                    HEIGHT="48"></String>
          </TextLine>

          
          
          <TextLine ID="eSc_line_5f8137d4"
                    TAGREFS="LT75"
                    BASELINE="89 821 695 817" 
                    HPOS="85"
                    VPOS="786"
                    WIDTH="610"
                    HEIGHT="50">
            <Shape><Polygon POINTS="89 821 85 788 688 786 695 817 693 836 87 834"/></Shape>
	    <String CONTENT="donde estará mi garconier de latas"
                    HPOS="85"
                    VPOS="786"
                    WIDTH="610"
                    HEIGHT="50"></String>
          </TextLine>

          
          
          <TextLine ID="eSc_line_a47036fe"
                    TAGREFS="LT75"
                    BASELINE="89 858 668 854" 
                    HPOS="87"
                    VPOS="821"
                    WIDTH="581"
                    HEIGHT="57">
            <Shape><Polygon POINTS="89 858 87 821 664 823 668 854 666 878 89 878"/></Shape>
	    <String CONTENT="testigo de mi amor y su traición."
                    HPOS="87"
                    VPOS="821"
                    WIDTH="581"
                    HEIGHT="57"></String>
          </TextLine>

          
          
          <TextLine ID="eSc_line_2c55a389"
                    TAGREFS="LT75"
                    BASELINE="89 926 611 920" 
                    HPOS="81"
                    VPOS="874"
                    WIDTH="530"
                    HEIGHT="68">
            <Shape><Polygon POINTS="89 926 81 891 98 878 98 878 100 878 100 878 100 878 103 878 103 878 105 878 105 878 219 887 368 874 368 874 370 874 607 885 611 920 609 937 89 942"/></Shape>
	    <String CONTENT="Hoy vuelvo al barrio que dejé"
                    HPOS="81"
                    VPOS="874"
                    WIDTH="530"
                    HEIGHT="68"></String>
          </TextLine>

          
          
          <TextLine ID="eSc_line_0c9b90e8"
                    TAGREFS="LT75"
                    BASELINE="92 963 616 959" 
                    HPOS="87"
                    VPOS="926"
                    WIDTH="529"
                    HEIGHT="57">
            <Shape><Polygon POINTS="92 963 87 933 609 926 616 959 614 977 92 983"/></Shape>
	    <String CONTENT="y al campanearlo me da pena,"
                    HPOS="87"
                    VPOS="926"
                    WIDTH="529"
                    HEIGHT="57"></String>
          </TextLine>

          
          
          <TextLine ID="eSc_line_2a715d01"
                    TAGREFS="LT75"
                    BASELINE="92 999 675 992" 
                    HPOS="87"
                    VPOS="959"
                    WIDTH="588"
                    HEIGHT="57">
            <Shape><Polygon POINTS="92 999 87 970 668 959 675 992 671 1016 89 1014"/></Shape>
	    <String CONTENT="no tengo ya mi madrecita buena;"
                    HPOS="87"
                    VPOS="959"
                    WIDTH="588"
                    HEIGHT="57"></String>
          </TextLine>

          
          
          <TextLine ID="eSc_line_530286be"
                    TAGREFS="LT75"
                    BASELINE="92 1034 778 1029" 
                    HPOS="87"
                    VPOS="996"
                    WIDTH="693"
                    HEIGHT="64">
            <Shape><Polygon POINTS="92 1034 87 999 772 996 778 1029 780 1042 726 1060 723 1060 723 1060 721 1060 89 1049"/></Shape>
	    <String CONTENT="mi rancho es la ruina; ya todo se acabó."
                    HPOS="87"
                    VPOS="996"
                    WIDTH="693"
                    HEIGHT="64"></String>
          </TextLine>

          
          
          <TextLine ID="eSc_line_081875c5"
                    TAGREFS="LT75"
                    BASELINE="92 1066 504 1071" 
                    HPOS="87"
                    VPOS="1034"
                    WIDTH="417"
                    HEIGHT="52">
            <Shape><Polygon POINTS="92 1066 92 1034 502 1040 504 1071 500 1086 87 1080"/></Shape>
	    <String CONTENT="Porque creí, loco de mí,"
                    HPOS="87"
                    VPOS="1034"
                    WIDTH="417"
                    HEIGHT="52"></String>
          </TextLine>

          
          
          <TextLine ID="eSc_line_f1958227"
                    TAGREFS="LT75"
                    BASELINE="94 1106 550 1101" 
                    HPOS="92"
                    VPOS="1073"
                    WIDTH="458"
                    HEIGHT="50">
            <Shape><Polygon POINTS="94 1106 92 1073 546 1073 550 1101 548 1115 94 1123"/></Shape>
	    <String CONTENT="por ella di mi vida entera:"
                    HPOS="92"
                    VPOS="1073"
                    WIDTH="458"
                    HEIGHT="50"></String>
          </TextLine>

          
          
          <TextLine ID="eSc_line_5be45594"
                    TAGREFS="LT75"
                    BASELINE="92 1141 728 1134" 
                    HPOS="89"
                    VPOS="1106"
                    WIDTH="639"
                    HEIGHT="52">
            <Shape><Polygon POINTS="92 1141 89 1106 723 1106 728 1134 726 1158 92 1158"/></Shape>
	    <String CONTENT="también mi fe se convirtió en tapera"
                    HPOS="89"
                    VPOS="1106"
                    WIDTH="639"
                    HEIGHT="52"></String>
          </TextLine>

          
          
          <TextLine ID="eSc_line_666e24aa"
                    TAGREFS="LT75"
                    BASELINE="94 1180 758 1176" 
                    HPOS="89"
                    VPOS="1145"
                    WIDTH="669"
                    HEIGHT="62">
            <Shape><Polygon POINTS="94 1180 89 1150 752 1145 758 1176 756 1194 655 1194 653 1194 642 1204 642 1204 640 1204 640 1204 640 1204 638 1204 638 1204 638 1207 636 1204 636 1204 633 1204 633 1204 633 1204 631 1204 631 1204 620 1196 618 1194 609 1196 557 1204 557 1204 554 1204 92 1202"/></Shape>
	    <String CONTENT="y sóio siento ruinas latir dentro de mi."
                    HPOS="89"
                    VPOS="1145"
                    WIDTH="669"
                    HEIGHT="62"></String>
          </TextLine>

          
          
          <TextLine ID="eSc_line_8765b396"
                    TAGREFS="LT75"
                    BASELINE="232 1244 620 1248" 
                    HPOS="228"
                    VPOS="1187"
                    WIDTH="392"
                    HEIGHT="83">
            <Shape><Polygon POINTS="232 1244 230 1202 370 1187 370 1187 372 1187 372 1187 375 1187 375 1187 375 1187 405 1204 412 1204 491 1204 493 1204 506 1194 506 1194 508 1194 508 1194 511 1194 511 1194 511 1194 513 1194 513 1194 515 1194 515 1194 515 1194 539 1204 574 1189 574 1189 576 1189 576 1189 576 1189 579 1189 579 1189 579 1189 581 1189 581 1189 620 1207 620 1248 616 1270 228 1266"/></Shape>
	    <String CONTENT="De un tango el vaivén"
                    HPOS="228"
                    VPOS="1187"
                    WIDTH="392"
                    HEIGHT="83"></String>
          </TextLine>

          
          
          <TextLine ID="eSc_line_a5eff3ac"
                    TAGREFS="LT75"
                    BASELINE="239 1281 557 1283" 
                    HPOS="234"
                    VPOS="1248"
                    WIDTH="323"
                    HEIGHT="53">
            <Shape><Polygon POINTS="239 1281 239 1248 554 1250 557 1283 552 1301 234 1294"/></Shape>
	    <String CONTENT="da vida a un amor;"
                    HPOS="234"
                    VPOS="1248"
                    WIDTH="323"
                    HEIGHT="53"></String>
          </TextLine>

          
          
          <TextLine ID="eSc_line_19becaa5"
                    TAGREFS="LT75"
                    BASELINE="236 1318 611 1321" 
                    HPOS="234"
                    VPOS="1279"
                    WIDTH="377"
                    HEIGHT="55">
            <Shape><Polygon POINTS="236 1318 236 1279 609 1283 611 1321 609 1332 234 1334"/></Shape>
	    <String CONTENT="de un cango el vaivén"
                    HPOS="234"
                    VPOS="1279"
                    WIDTH="377"
                    HEIGHT="55"></String>
          </TextLine>

          
          
          <TextLine ID="eSc_line_0dcb6ad1"
                    TAGREFS="LT75"
                    BASELINE="236 1351 537 1356" 
                    HPOS="236"
                    VPOS="1321"
                    WIDTH="301"
                    HEIGHT="85">
            <Shape><Polygon POINTS="236 1351 236 1321 535 1321 537 1356 532 1406 386 1388 333 1402 326 1404 324 1404 324 1404 322 1404 322 1404 322 1404 320 1404 311 1402 267 1388 236 1399"/></Shape>
	    <String CONTENT="nos hace traición"
                    HPOS="236"
                    VPOS="1321"
                    WIDTH="301"
                    HEIGHT="85"></String>
          </TextLine>

          
        </TextBlock>
        
        <TextBlock HPOS="868"
                   VPOS="497"
                   WIDTH="788"
                   HEIGHT="876"
                   ID="eSc_textblock_f26b6cc2"
                   TAGREFS="BT205">
          <Shape><Polygon POINTS="1506 560 1544 630 1656 648 1656 698 1577 753 1550 876 1570 946 1656 972 1603 1086 1647 1180 1447 1198 1427 1329 1366 1364 1026 1373 1017 1209 868 1180 868 569 1226 560 1234 497 1314 503 1280 560"/></Shape>
          
          
          <TextLine ID="eSc_line_62aa84a3"
                    TAGREFS="LT75"
                    BASELINE="1235 536 1283 532" 
                    HPOS="1234"
                    VPOS="497"
                    WIDTH="46"
                    HEIGHT="72">
            <Shape><Polygon POINTS="1274 499 1252 497 1234 506 1234 534 1239 569 1280 554 1280 530 1274 499 1274 499"/></Shape>
	    <String CONTENT="II"
                    HPOS="1234"
                    VPOS="497"
                    WIDTH="46"
                    HEIGHT="72"></String>
          </TextLine>

          
          
          <TextLine ID="eSc_line_6e96fe36"
                    TAGREFS="LT75"
                    BASELINE="881 602 1509 598" 
                    HPOS="881"
                    VPOS="541"
                    WIDTH="628"
                    HEIGHT="81">
            <Shape><Polygon POINTS="881 602 881 545 908 556 962 545 976 543 976 543 976 543 978 543 1004 545 1125 556 1173 545 1188 541 1191 541 1191 541 1193 541 1193 541 1193 541 1195 541 1208 545 1243 556 1283 556 1294 545 1296 543 1296 541 1296 541 1298 541 1298 541 1298 541 1300 541 1300 541 1302 541 1302 541 1302 541 1305 541 1305 541 1305 541 1307 541 1307 541 1309 545 1322 554 1502 545 1509 598 1506 617 881 622"/></Shape>
	    <String CONTENT="Cuando te quiebras en una sentada"
                    HPOS="881"
                    VPOS="541"
                    WIDTH="628"
                    HEIGHT="81"></String>
          </TextLine>

          
          
          <TextLine ID="eSc_line_e0c13818"
                    TAGREFS="LT75"
                    BASELINE="886 641 1412 637" 
                    HPOS="883"
                    VPOS="606"
                    WIDTH="529"
                    HEIGHT="53">
            <Shape><Polygon POINTS="886 641 883 606 1408 606 1412 637 1410 657 886 659"/></Shape>
	    <String CONTENT="juntando tu carita con la mía,"
                    HPOS="883"
                    VPOS="606"
                    WIDTH="529"
                    HEIGHT="53"></String>
          </TextLine>

          
          
          <TextLine ID="eSc_line_024fea3e"
                    TAGREFS="LT75"
                    BASELINE="888 676 1642 670" 
                    HPOS="886"
                    VPOS="622"
                    WIDTH="756"
                    HEIGHT="74">
            <Shape><Polygon POINTS="888 676 886 644 1342 644 1421 637 1427 628 1434 624 1434 622 1434 622 1436 622 1436 622 1436 622 1438 622 1438 622 1441 622 1550 622 1550 622 1550 622 1552 622 1552 622 1552 622 1555 622 1555 622 1555 624 1557 624 1568 635 1636 624 1642 670 1642 692 888 696"/></Shape>
	    <String CONTENT="yo siento que en la hoguera de algún tango"
                    HPOS="886"
                    VPOS="622"
                    WIDTH="756"
                    HEIGHT="74"></String>
          </TextLine>

          
          
          <TextLine ID="eSc_line_51005e33"
                    TAGREFS="LT75"
                    BASELINE="886 709 1555 709" 
                    HPOS="883"
                    VPOS="679"
                    WIDTH="672"
                    HEIGHT="50">
            <Shape><Polygon POINTS="886 709 886 679 1555 679 1555 709 1552 729 883 727"/></Shape>
	    <String CONTENT="se va aquemar mi sangre el mejsr dia."
                    HPOS="883"
                    VPOS="679"
                    WIDTH="672"
                    HEIGHT="50"></String>
          </TextLine>

          
          
          <TextLine ID="eSc_line_c3cb1a31"
                    TAGREFS="LT75"
                    BASELINE="888 747 1454 740" 
                    HPOS="883"
                    VPOS="712"
                    WIDTH="571"
                    HEIGHT="52">
            <Shape><Polygon POINTS="888 747 883 714 1447 712 1454 740 1452 758 888 764"/></Shape>
	    <String CONTENT="Viejo rincón de turbias caferatas"
                    HPOS="883"
                    VPOS="712"
                    WIDTH="571"
                    HEIGHT="52"></String>
          </TextLine>

          
          
          <TextLine ID="eSc_line_1ef3ff82"
                    TAGREFS="LT75"
                    BASELINE="888 784 1478 775" 
                    HPOS="883"
                    VPOS="747"
                    WIDTH="595"
                    HEIGHT="52">
            <Shape><Polygon POINTS="888 784 883 751 1471 747 1478 775 1476 795 888 799"/></Shape>
	    <String CONTENT="que fueron taitas del «mandolión»"
                    HPOS="883"
                    VPOS="747"
                    WIDTH="595"
                    HEIGHT="52"></String>
          </TextLine>

          
          
          <TextLine ID="eSc_line_505dc590"
                    TAGREFS="LT75"
                    BASELINE="888 819 1473 814" 
                    HPOS="883"
                    VPOS="782"
                    WIDTH="590"
                    HEIGHT="52">
            <Shape><Polygon POINTS="888 819 883 788 1467 782 1473 814 1469 834 886 832"/></Shape>
	    <String CONTENT="donde estará mi garconier de lata,"
                    HPOS="883"
                    VPOS="782"
                    WIDTH="590"
                    HEIGHT="52"></String>
          </TextLine>

          
          
          <TextLine ID="eSc_line_bbf36c27"
                    TAGREFS="LT75"
                    BASELINE="886 856 1528 847" 
                    HPOS="881"
                    VPOS="814"
                    WIDTH="647"
                    HEIGHT="90">
            <Shape><Polygon POINTS="886 856 881 814 1524 817 1528 847 1528 874 1454 891 1454 891 1454 891 1452 891 1452 891 1449 891 1397 878 1340 898 1337 898 1337 898 1337 898 1335 898 1335 898 1276 889 1204 900 1204 900 1204 902 1063 902 1061 900 1061 900 1059 900 1059 900 1059 900 1057 900 1057 898 1039 885 984 885 962 902 962 902 960 902 960 902 960 902 958 902 958 902 958 904 921 904 919 902 919 902 916 902 916 902 916 902 881 882"/></Shape>
	    <String CONTENT="bulin mistongo que fue mi perdición."
                    HPOS="881"
                    VPOS="814"
                    WIDTH="647"
                    HEIGHT="90"></String>
          </TextLine>

          
          
          <TextLine ID="eSc_line_67943fcd"
                    TAGREFS="LT75"
                    BASELINE="888 926 1471 920" 
                    HPOS="886"
                    VPOS="876"
                    WIDTH="585"
                    HEIGHT="74">
            <Shape><Polygon POINTS="888 926 886 889 1254 889 1256 887 1267 876 1267 876 1269 876 1269 876 1269 876 1272 876 1272 876 1272 876 1274 876 1467 887 1471 920 1469 944 888 950"/></Shape>
	    <String CONTENT="Del fuelle al son, suena un violín"
                    HPOS="886"
                    VPOS="876"
                    WIDTH="585"
                    HEIGHT="74"></String>
          </TextLine>

          
          
          <TextLine ID="eSc_line_ecd30373"
                    TAGREFS="LT75"
                    BASELINE="886 961 1368 957" 
                    HPOS="881"
                    VPOS="928"
                    WIDTH="487"
                    HEIGHT="51">
            <Shape><Polygon POINTS="886 961 881 933 1362 928 1368 957 1364 979 883 974"/></Shape>
	    <String CONTENT="en el tablao de una cantina"
                    HPOS="881"
                    VPOS="928"
                    WIDTH="487"
                    HEIGHT="51"></String>
          </TextLine>

          
          
          <TextLine ID="eSc_line_15f43792"
                    TAGREFS="LT75"
                    BASELINE="890 999 1638 992" 
                    HPOS="888"
                    VPOS="948"
                    WIDTH="750"
                    HEIGHT="72">
            <Shape><Polygon POINTS="890 999 888 961 1335 961 1346 959 1384 948 1386 948 1386 948 1388 948 1634 959 1638 992 1636 1014 1201 1009 1186 1012 1120 1020 1120 1020 1118 1020 888 1007"/></Shape>
	    <String CONTENT="y en un bulin que está al doblar la esquina"
                    HPOS="888"
                    VPOS="948"
                    WIDTH="750"
                    HEIGHT="72"></String>
          </TextLine>

          
          
          <TextLine ID="eSc_line_54bcee77"
                    TAGREFS="LT75"
                    BASELINE="886 1034 1574 1027" 
                    HPOS="883"
                    VPOS="996"
                    WIDTH="691"
                    HEIGHT="53">
            <Shape><Polygon POINTS="886 1034 883 996 1570 996 1574 1027 1574 1047 886 1049"/></Shape>
	    <String CONTENT="los taitas aprovechan el tango tentador."
                    HPOS="883"
                    VPOS="996"
                    WIDTH="691"
                    HEIGHT="53"></String>
          </TextLine>

          
          
          <TextLine ID="eSc_line_3fa9ff3e"
                    TAGREFS="LT75"
                    BASELINE="890 1071 1384 1064" 
                    HPOS="886"
                    VPOS="1034"
                    WIDTH="498"
                    HEIGHT="57">
            <Shape><Polygon POINTS="890 1071 886 1038 1377 1034 1384 1064 1381 1082 890 1091"/></Shape>
	    <String CONTENT="¿ Pa qué soñar? ¿pa qué volvi"
                    HPOS="886"
                    VPOS="1034"
                    WIDTH="498"
                    HEIGHT="57"></String>
          </TextLine>

          
          
          <TextLine ID="eSc_line_031d8336"
                    TAGREFS="LT75"
                    BASELINE="888 1106 1366 1099" 
                    HPOS="883"
                    VPOS="1069"
                    WIDTH="483"
                    HEIGHT="52">
            <Shape><Polygon POINTS="888 1106 883 1077 1359 1069 1366 1099 1364 1115 888 1121"/></Shape>
	    <String CONTENT="al callejón de mis quereres,"
                    HPOS="883"
                    VPOS="1069"
                    WIDTH="483"
                    HEIGHT="52"></String>
          </TextLine>

          
          
          <TextLine ID="eSc_line_56b5db6d"
                    TAGREFS="LT75"
                    BASELINE="888 1141 1454 1134" 
                    HPOS="883"
                    VPOS="1106"
                    WIDTH="571"
                    HEIGHT="48">
            <Shape><Polygon POINTS="888 1141 883 1110 1447 1106 1454 1134 1452 1152 888 1154"/></Shape>
	    <String CONTENT="a revivir el mal de esas mujeres,"
                    HPOS="883"
                    VPOS="1106"
                    WIDTH="571"
                    HEIGHT="48"></String>
          </TextLine>

          
          
          <TextLine ID="eSc_line_aa53f7f2"
                    TAGREFS="LT75"
                    BASELINE="888 1176 1620 1167" 
                    HPOS="883"
                    VPOS="1132"
                    WIDTH="737"
                    HEIGHT="81">
            <Shape><Polygon POINTS="888 1176 883 1141 1614 1132 1620 1167 1620 1194 1070 1213 1068 1213 886 1200"/></Shape>
	    <String CONTENT="sus risas, sus caricias, la farsa de su amor?"
                    HPOS="883"
                    VPOS="1132"
                    WIDTH="737"
                    HEIGHT="81"></String>
          </TextLine>

          
          
          <TextLine ID="eSc_line_07e71c27"
                    TAGREFS="LT75"
                    BASELINE="1030 1244 1423 1244" 
                    HPOS="1030"
                    VPOS="1194"
                    WIDTH="393"
                    HEIGHT="76">
            <Shape><Polygon POINTS="1030 1244 1030 1196 1215 1204 1421 1194 1423 1244 1423 1270 1030 1270"/></Shape>
	    <String CONTENT="De un tango al vaivén"
                    HPOS="1030"
                    VPOS="1194"
                    WIDTH="393"
                    HEIGHT="76"></String>
          </TextLine>

          
          
          <TextLine ID="eSc_line_a5c94195"
                    TAGREFS="LT75"
                    BASELINE="1033 1281 1353 1279" 
                    HPOS="1028"
                    VPOS="1248"
                    WIDTH="325"
                    HEIGHT="53">
            <Shape><Polygon POINTS="1033 1281 1028 1253 1346 1248 1353 1279 1351 1299 1033 1301"/></Shape>
	    <String CONTENT="da vida a un amor;"
                    HPOS="1028"
                    VPOS="1248"
                    WIDTH="325"
                    HEIGHT="53"></String>
          </TextLine>

          
          
          <TextLine ID="eSc_line_291fbc9a"
                    TAGREFS="LT75"
                    BASELINE="1035 1318 1410 1312" 
                    HPOS="1030"
                    VPOS="1268"
                    WIDTH="380"
                    HEIGHT="72">
            <Shape><Polygon POINTS="1035 1318 1030 1290 1403 1268 1410 1312 1405 1340 1302 1327 1219 1336 1186 1340 1186 1340 1184 1340 1033 1332"/></Shape>
	    <String CONTENT="de un tango al vaivén"
                    HPOS="1030"
                    VPOS="1268"
                    WIDTH="380"
                    HEIGHT="72"></String>
          </TextLine>

          
          
          <TextLine ID="eSc_line_e1326b1b"
                    TAGREFS="LT75"
                    BASELINE="1037 1353 1337 1349" 
                    HPOS="1035"
                    VPOS="1316"
                    WIDTH="302"
                    HEIGHT="75">
            <Shape><Polygon POINTS="1037 1353 1035 1316 1333 1318 1337 1349 1335 1388 1037 1391"/></Shape>
	    <String CONTENT="nos hace traición"
                    HPOS="1035"
                    VPOS="1316"
                    WIDTH="302"
                    HEIGHT="75"></String>
          </TextLine>

          
        </TextBlock>
        
        <TextBlock HPOS="247"
                   VPOS="1693"
                   WIDTH="1404"
                   HEIGHT="658"
                   ID="eSc_textblock_8afb74ef"
                   TAGREFS="BT205">
          <Shape><Polygon POINTS="249 1697 247 2351 1651 2347 1651 1693"/></Shape>
          
          
          <TextLine ID="eSc_line_a726e26f"
                    TAGREFS="LT78"
                    BASELINE="211 2300 213 1760" 
                    HPOS="125"
                    VPOS="1757"
                    WIDTH="100"
                    HEIGHT="541">
            <Shape><Polygon POINTS="140 1757 140 1916 138 1919 125 1978 125 1980 138 2046 138 2048 138 2052 125 2101 125 2103 125 2105 138 2295 210 2298 225 2298 225 1759 212 1759"/></Shape>
	    <String CONTENT="A TODOS"
                    HPOS="125"
                    VPOS="1757"
                    WIDTH="100"
                    HEIGHT="541"></String>
          </TextLine>

          
          
          <TextLine ID="eSc_line_faf9f016"
                    
                    BASELINE="646 2309 641 1899" 
                    HPOS="594"
                    VPOS="1895"
                    WIDTH="59"
                    HEIGHT="411">
            <Shape><Polygon POINTS="640 1897 594 1897 594 1954 600 1956 600 1978 600 2000 600 2022 600 2044 600 2065 600 2087 600 2109 600 2131 600 2153 600 2175 600 2197 600 2219 600 2241 600 2263 600 2285 600 2306 644 2306 653 2304 653 1895 640 1897"/></Shape>
	    <String CONTENT="los mil pesetas al mes."
                    HPOS="594"
                    VPOS="1895"
                    WIDTH="59"
                    HEIGHT="411"></String>
          </TextLine>

          
          
          <TextLine ID="eSc_line_11068244"
                    
                    BASELINE="1489 2312 1486 1867" 
                    HPOS="1445"
                    VPOS="1864"
                    WIDTH="55"
                    HEIGHT="447">
            <Shape><Polygon POINTS="1484 1866 1445 1866 1445 1873 1445 1895 1445 1916 1445 1938 1445 1960 1445 1982 1445 2004 1445 2026 1445 2048 1445 2070 1445 2092 1445 2114 1445 2136 1445 2157 1445 2179 1445 2201 1445 2223 1445 2245 1445 2267 1445 2289 1445 2311 1487 2311 1500 2309 1500 1864 1484 1866"/></Shape>
	    <String CONTENT="os causará nna sorpresa"
                    HPOS="1445"
                    VPOS="1864"
                    WIDTH="55"
                    HEIGHT="447"></String>
          </TextLine>

          
          
          <TextLine ID="eSc_line_43a7e1f0"
                    
                    BASELINE="1537 2312 1535 1799" 
                    HPOS="1487"
                    VPOS="1796"
                    WIDTH="127"
                    HEIGHT="515">
            <Shape><Polygon POINTS="1533 1798 1489 1798 1487 2052 1487 2070 1487 2092 1487 2114 1487 2136 1487 2157 1487 2179 1487 2201 1487 2223 1487 2245 1487 2267 1487 2289 1487 2309 1535 2311 1612 2304 1598 2271 1609 2258 1612 2256 1612 2254 1612 2252 1614 2252 1614 2195 1612 2193 1612 2190 1612 2188 1605 2182 1596 2168 1603 2129 1603 2127 1603 2125 1603 2122 1603 2120 1590 2087 1596 2011 1612 1870 1612 1868 1612 1866 1612 1864 1609 1864 1590 1842 1588 1842 1585 1796 1533 1798"/></Shape>
	    <String CONTENT="Barcelonagúmelo cnadle."
                    HPOS="1487"
                    VPOS="1796"
                    WIDTH="127"
                    HEIGHT="515"></String>
          </TextLine>

          
          
          <TextLine ID="eSc_line_e83d9048"
                    
                    BASELINE="1582 2312 1582 1777" 
                    HPOS="1533"
                    VPOS="1776"
                    WIDTH="98"
                    HEIGHT="535">
            <Shape><Polygon POINTS="1535 1807 1535 1829 1535 1851 1535 1873 1535 1895 1535 1916 1535 1938 1535 1960 1535 1982 1535 2004 1535 2026 1535 2048 1535 2070 1535 2092 1535 2114 1535 2136 1535 2157 1535 2179 1535 2201 1535 2223 1535 2245 1535 2267 1535 2289 1535 2309 1581 2311 1614 2309 1609 2258 1614 2252 1631 2225 1631 2223 1631 2221 1631 2219 1616 2105 1631 2076 1631 2074 1631 2072 1614 1962 1631 1919 1631 1916 1631 1914 1631 1912 1609 1860 1609 1857 1609 1776 1581 1776 1533 1776 1533 1805 1535 1807"/></Shape>
	    <String CONTENT="Barcelona, Imprenta Inolesa"
                    HPOS="1533"
                    VPOS="1776"
                    WIDTH="98"
                    HEIGHT="535"></String>
          </TextLine>

          
          
          <TextLine ID="eSc_line_5913f702"
                    
                    BASELINE="463 2313 463 1956" 
                    HPOS="421"
                    VPOS="1954"
                    WIDTH="54"
                    HEIGHT="357">
            <Shape><Polygon POINTS="421 1960 421 1982 421 2004 421 2026 421 2048 421 2070 421 2092 421 2114 421 2136 421 2157 421 2179 421 2201 421 2223 421 2245 421 2267 421 2289 421 2309 462 2311 475 2306 471 1954 462 1954 421 1954 421 1960"/></Shape>
	    <String CONTENT="No dejeis de visitar"
                    HPOS="421"
                    VPOS="1954"
                    WIDTH="54"
                    HEIGHT="357"></String>
          </TextLine>

          
          
          <TextLine ID="eSc_line_6dcb06cd"
                    
                    BASELINE="688 2313 688 1846" 
                    HPOS="638"
                    VPOS="1844"
                    WIDTH="63"
                    HEIGHT="467">
            <Shape><Polygon POINTS="642 1916 642 1938 642 1960 642 1982 642 2004 642 2026 642 2048 642 2070 642 2092 644 2114 644 2136 644 2157 644 2179 644 2201 644 2223 644 2245 644 2267 644 2289 638 2291 638 2309 686 2311 699 2311 701 1844 686 1844 640 1844 640 1914 642 1916"/></Shape>
	    <String CONTENT="Pedid precios, condiciones"
                    HPOS="638"
                    VPOS="1844"
                    WIDTH="63"
                    HEIGHT="467"></String>
          </TextLine>

          
          
          <TextLine ID="eSc_line_0961681e"
                    
                    BASELINE="868 2313 866 1873" 
                    HPOS="822"
                    VPOS="1868"
                    WIDTH="57"
                    HEIGHT="443">
            <Shape><Polygon POINTS="864 1870 822 1870 822 1873 822 1895 822 1916 822 1938 822 1960 822 1982 822 2004 822 2026 822 2048 822 2070 822 2092 822 2114 822 2136 822 2157 822 2179 822 2201 822 2223 822 2245 822 2267 822 2289 822 2311 866 2311 879 2309 877 1868 864 1870"/></Shape>
	    <String CONTENT="entre todas las naciones."
                    HPOS="822"
                    VPOS="1868"
                    WIDTH="57"
                    HEIGHT="443"></String>
          </TextLine>

          
          
          <TextLine ID="eSc_line_ec2928be"
                    
                    BASELINE="1134 2313 1132 1914" 
                    HPOS="1090"
                    VPOS="1910"
                    WIDTH="59"
                    HEIGHT="401">
            <Shape><Polygon POINTS="1131 1912 1090 1912 1090 2008 1090 2026 1090 2048 1090 2070 1090 2092 1090 2114 1090 2136 1090 2157 1090 2179 1090 2201 1090 2223 1090 2245 1090 2267 1090 2289 1090 2309 1133 2311 1149 2306 1140 1910 1131 1912"/></Shape>
	    <String CONTENT="Por correo y recadero"
                    HPOS="1090"
                    VPOS="1910"
                    WIDTH="59"
                    HEIGHT="401"></String>
          </TextLine>

          
          
          <TextLine ID="eSc_line_83833436"
                    
                    BASELINE="1403 2313 1403 1925" 
                    HPOS="1357"
                    VPOS="1923"
                    WIDTH="55"
                    HEIGHT="388">
            <Shape><Polygon POINTS="1359 1938 1359 1960 1359 1982 1359 2004 1359 2026 1359 2048 1359 2070 1359 2092 1359 2114 1359 2136 1359 2157 1359 2179 1359 2201 1359 2223 1359 2245 1359 2267 1359 2289 1359 2309 1401 2311 1412 2309 1408 1923 1401 1923 1357 1923 1357 1936 1359 1938"/></Shape>
	    <String CONTENT="al público en general."
                    HPOS="1357"
                    VPOS="1923"
                    WIDTH="55"
                    HEIGHT="388"></String>
          </TextLine>

          
          
          <TextLine ID="eSc_line_cf1a44e0"
                    
                    BASELINE="286 2314 290 1873" 
                    HPOS="234"
                    VPOS="1868"
                    WIDTH="66"
                    HEIGHT="445">
            <Shape><Polygon POINTS="289 1870 234 1868 241 2309 285 2313 291 2311 300 1870 289 1870"/></Shape>
	    <String CONTENT="Comerciantes, escuchad;"
                    HPOS="234"
                    VPOS="1868"
                    WIDTH="66"
                    HEIGHT="445"></String>
          </TextLine>

          
          
          <TextLine ID="eSc_line_f4b98321"
                    
                    BASELINE="555 2314 555 1948" 
                    HPOS="511"
                    VPOS="1947"
                    WIDTH="57"
                    HEIGHT="366">
            <Shape><Polygon POINTS="511 1962 511 1984 511 2006 511 2028 511 2050 511 2072 511 2094 511 2116 511 2138 511 2160 511 2182 511 2203 511 2225 511 2247 511 2269 511 2291 511 2313 554 2313 561 2313 568 1947 554 1947 511 1947 511 1962"/></Shape>
	    <String CONTENT="la única en trabajar."
                    HPOS="511"
                    VPOS="1947"
                    WIDTH="57"
                    HEIGHT="366"></String>
          </TextLine>

          
          
          <TextLine ID="eSc_line_1dcef78e"
                    
                    BASELINE="1002 2315 1000 1893" 
                    HPOS="958"
                    VPOS="1892"
                    WIDTH="53"
                    HEIGHT="421">
            <Shape><Polygon POINTS="958 1892 958 1897 958 1919 958 1941 958 1962 958 1984 958 2006 958 2028 958 2050 958 2072 958 2094 958 2116 958 2138 958 2160 958 2182 958 2203 958 2225 958 2247 958 2269 958 2291 958 2313 1000 2313 1006 2311 1011 1892 997 1892 958 1892"/></Shape>
	    <String CONTENT="uuestro establecimiento"
                    HPOS="958"
                    VPOS="1892"
                    WIDTH="53"
                    HEIGHT="421"></String>
          </TextLine>

          
          
          <TextLine ID="eSc_line_f11ed1b4"
                    
                    BASELINE="1047 2315 1043 1770" 
                    HPOS="1000"
                    VPOS="1765"
                    WIDTH="55"
                    HEIGHT="548">
            <Shape><Polygon POINTS="1041 1768 1000 1768 1000 1947 1000 1962 1000 1984 1000 2006 1000 2028 1000 2050 1000 2072 1000 2094 1000 2116 1000 2138 1000 2160 1000 2182 1000 2203 1000 2225 1000 2247 1000 2269 1000 2291 1000 2311 1046 2313 1055 2311 1055 1765 1041 1768"/></Shape>
	    <String CONTENT="no se cierra ni un momento..."
                    HPOS="1000"
                    VPOS="1765"
                    WIDTH="55"
                    HEIGHT="548"></String>
          </TextLine>

          
          
          <TextLine ID="eSc_line_1f0060f3"
                    
                    BASELINE="1092 2315 1090 1858" 
                    HPOS="1044"
                    VPOS="1855"
                    WIDTH="54"
                    HEIGHT="458">
            <Shape><Polygon POINTS="1087 1857 1044 1857 1044 1875 1044 1897 1044 1919 1044 1941 1044 1962 1044 1984 1044 2006 1044 2028 1046 2050 1046 2072 1046 2094 1046 2116 1046 2138 1046 2160 1046 2182 1046 2203 1046 2225 1046 2247 1046 2269 1046 2291 1046 2311 1090 2313 1098 2309 1096 1855 1087 1857"/></Shape>
	    <String CONTENT="no espereis venir mañana."
                    HPOS="1044"
                    VPOS="1855"
                    WIDTH="54"
                    HEIGHT="458"></String>
          </TextLine>

          
          
          <TextLine ID="eSc_line_c76627ce"
                    
                    BASELINE="1180 2315 1180 1905" 
                    HPOS="1127"
                    VPOS="1903"
                    WIDTH="68"
                    HEIGHT="410">
            <Shape><Polygon POINTS="1133 1919 1133 1941 1133 1962 1133 1984 1133 2006 1133 2028 1133 2050 1133 2072 1133 2094 1133 2116 1133 2138 1133 2160 1133 2182 1133 2203 1133 2210 1136 2313 1177 2313 1195 2311 1191 1903 1177 1903 1127 1903 1127 1914 1133 1919"/></Shape>
	    <String CONTENT="pueden encargos pedir."
                    HPOS="1127"
                    VPOS="1903"
                    WIDTH="68"
                    HEIGHT="410"></String>
          </TextLine>

          
          
          <TextLine ID="eSc_line_142a7ff9"
                    
                    BASELINE="736 2316 736 1862" 
                    HPOS="686"
                    VPOS="1860"
                    WIDTH="59"
                    HEIGHT="455">
            <Shape><Polygon POINTS="688 1877 688 1899 688 1921 688 1943 688 1965 688 1987 688 2008 688 2030 688 2052 688 2074 688 2096 688 2118 688 2140 688 2162 688 2184 688 2206 688 2228 688 2249 688 2271 688 2293 686 2293 686 2313 734 2315 741 2315 745 1860 734 1860 688 1860 688 1877"/></Shape>
	    <String CONTENT="los de todas las regiones"
                    HPOS="686"
                    VPOS="1860"
                    WIDTH="59"
                    HEIGHT="455"></String>
          </TextLine>

          
          
          <TextLine ID="eSc_line_63c0ae61"
                    
                    BASELINE="821 2316 821 1815" 
                    HPOS="776"
                    VPOS="1814"
                    WIDTH="55"
                    HEIGHT="501">
            <Shape><Polygon POINTS="780 1833 780 1855 780 1877 780 1899 780 1921 778 1943 778 1965 778 1987 778 2008 778 2030 778 2052 776 2074 776 2096 776 2118 776 2140 776 2162 776 2184 776 2315 820 2315 831 2313 829 1814 820 1814 780 1814 780 1833"/></Shape>
	    <String CONTENT="esta Imprenta es la primera"
                    HPOS="776"
                    VPOS="1814"
                    WIDTH="55"
                    HEIGHT="501"></String>
          </TextLine>

          
          
          <TextLine ID="eSc_line_1ae51e61"
                    
                    BASELINE="1272 2316 1271 1917" 
                    HPOS="1223"
                    VPOS="1916"
                    WIDTH="62"
                    HEIGHT="399">
            <Shape><Polygon POINTS="1223 1921 1223 1943 1223 1965 1223 1987 1223 2008 1223 2030 1223 2052 1223 2074 1226 2096 1226 2118 1226 2140 1226 2162 1226 2184 1226 2206 1226 2228 1226 2249 1226 2271 1226 2293 1226 2315 1269 2315 1285 2313 1278 1916 1269 1916 1223 1916 1223 1921"/></Shape>
	    <String CONTENT="prontitud y verdadero"
                    HPOS="1223"
                    VPOS="1916"
                    WIDTH="62"
                    HEIGHT="399"></String>
          </TextLine>

          
          
          <TextLine ID="eSc_line_4a5328b8"
                    
                    BASELINE="1314 2316 1314 1929" 
                    HPOS="1272"
                    VPOS="1927"
                    WIDTH="59"
                    HEIGHT="388">
            <Shape><Polygon POINTS="1272 1943 1272 1965 1272 1987 1272 2008 1272 2030 1272 2052 1272 2074 1272 2096 1272 2118 1272 2140 1272 2162 1272 2184 1272 2206 1272 2228 1272 2249 1272 2271 1272 2293 1272 2315 1313 2315 1331 2315 1331 1927 1313 1927 1272 1927 1272 1943"/></Shape>
	    <String CONTENT="gran deseo de servir;"
                    HPOS="1272"
                    VPOS="1927"
                    WIDTH="59"
                    HEIGHT="388"></String>
          </TextLine>

          
          
          <TextLine ID="eSc_line_d03af80f"
                    
                    BASELINE="1361 2316 1359 1929" 
                    HPOS="1313"
                    VPOS="1927"
                    WIDTH="95"
                    HEIGHT="388">
            <Shape><Polygon POINTS="1316 1927 1316 1943 1316 1965 1316 1987 1316 2008 1316 2030 1316 2052 1316 2074 1316 2096 1316 2118 1316 2140 1316 2162 1316 2184 1316 2206 1316 2228 1316 2249 1316 2271 1316 2293 1313 2315 1359 2315 1408 2313 1408 1927 1357 1927 1316 1927"/></Shape>
	    <String CONTENT="ai pablico en general."
                    HPOS="1313"
                    VPOS="1927"
                    WIDTH="95"
                    HEIGHT="388"></String>
          </TextLine>

          
          
          <TextLine ID="eSc_line_c46f9ddb"
                    
                    BASELINE="601 2318 599 1952" 
                    HPOS="552"
                    VPOS="1947"
                    WIDTH="59"
                    HEIGHT="370">
            <Shape><Polygon POINTS="598 1949 557 1949 557 1967 557 1989 557 2011 557 2033 557 2055 557 2076 557 2098 557 2120 557 2142 557 2164 557 2186 557 2208 557 2230 557 2252 557 2274 557 2295 552 2295 554 2317 600 2317 611 2315 607 1947 598 1949"/></Shape>
	    <String CONTENT="pudiendo economizar"
                    HPOS="552"
                    VPOS="1947"
                    WIDTH="59"
                    HEIGHT="370"></String>
          </TextLine>

          
          
          <TextLine ID="eSc_line_f69cff9a"
                    
                    BASELINE="958 2318 958 1888" 
                    HPOS="914"
                    VPOS="1886"
                    WIDTH="57"
                    HEIGHT="431">
            <Shape><Polygon POINTS="956 2317 971 2317 971 1886 956 1886 914 1886 914 2317 956 2317"/></Shape>
	    <String CONTENT="se sirve de buena gana:"
                    HPOS="914"
                    VPOS="1886"
                    WIDTH="57"
                    HEIGHT="431"></String>
          </TextLine>

          
          
          <TextLine ID="eSc_line_248a9750"
                    
                    BASELINE="1227 2318 1222 1850" 
                    HPOS="1173"
                    VPOS="1846"
                    WIDTH="66"
                    HEIGHT="471">
            <Shape><Polygon POINTS="1221 1849 1173 1849 1173 1899 1177 1901 1180 1923 1180 1945 1180 1967 1180 1989 1180 2011 1180 2033 1180 2055 1180 2076 1180 2098 1180 2120 1180 2142 1180 2164 1180 2186 1180 2208 1180 2230 1180 2252 1180 2274 1180 2295 1173 2295 1175 2317 1226 2317 1239 2313 1232 1846 1221 1849"/></Shape>
	    <String CONTENT="pues se hacen con esmero"
                    HPOS="1173"
                    VPOS="1846"
                    WIDTH="66"
                    HEIGHT="471"></String>
          </TextLine>

          
          
          <TextLine ID="eSc_line_33acde05"
                    
                    BASELINE="421 2320 420 1932" 
                    HPOS="372"
                    VPOS="1930"
                    WIDTH="62"
                    HEIGHT="387">
            <Shape><Polygon POINTS="377 1945 377 1967 377 1989 377 2011 377 2033 377 2055 377 2076 377 2098 377 2120 377 2142 377 2164 377 2186 377 2208 377 2230 377 2252 377 2274 377 2295 377 2317 418 2317 425 2315 434 1930 418 1930 372 1930 372 1943 377 1945"/></Shape>
	    <String CONTENT="a nuestra casa venid:"
                    HPOS="372"
                    VPOS="1930"
                    WIDTH="62"
                    HEIGHT="387"></String>
          </TextLine>

          
          
          <TextLine ID="eSc_line_46945d97"
                    
                    BASELINE="377 2322 377 1939" 
                    HPOS="324"
                    VPOS="1938"
                    WIDTH="66"
                    HEIGHT="382">
            <Shape><Polygon POINTS="329 2035 329 2057 329 2079 329 2101 329 2122 329 2129 333 2320 375 2320 390 2317 390 1938 375 1938 324 1938 324 2033 329 2035"/></Shape>
	    <String CONTENT="y público en general"
                    HPOS="324"
                    VPOS="1938"
                    WIDTH="66"
                    HEIGHT="382"></String>
          </TextLine>

          
          
          <TextLine ID="eSc_line_2271bc5e"
                    
                    BASELINE="774 2323 781 1808" 
                    HPOS="723"
                    VPOS="1805"
                    WIDTH="68"
                    HEIGHT="517">
            <Shape><Polygon POINTS="736 1860 736 1881 736 1903 736 1925 736 1947 736 1969 736 1991 736 2013 736 2035 736 2057 736 2079 736 2101 736 2122 736 2144 736 2166 736 2188 736 2210 736 2232 736 2254 736 2276 736 2298 723 2298 723 2317 772 2322 780 2322 791 1807 780 1807 723 1805 723 1857 736 1860"/></Shape>
	    <String CONTENT="de nuestra España altanera;"
                    HPOS="723"
                    VPOS="1805"
                    WIDTH="68"
                    HEIGHT="517"></String>
          </TextLine>

          
          
          <TextLine ID="eSc_line_a161e208"
                    
                    BASELINE="328 2324 328 2027" 
                    HPOS="280"
                    VPOS="2026"
                    WIDTH="66"
                    HEIGHT="296">
            <Shape><Polygon POINTS="289 2037 289 2059 289 2081 287 2103 287 2125 287 2147 287 2168 287 2190 287 2212 287 2234 287 2256 287 2278 287 2300 280 2300 280 2320 326 2322 346 2320 346 2026 326 2026 289 2026 289 2037"/></Shape>
	    <String CONTENT="industriales oid,"
                    HPOS="280"
                    VPOS="2026"
                    WIDTH="66"
                    HEIGHT="296"></String>
          </TextLine>

          
          
          <TextLine ID="eSc_line_95be5c8f"
                    
                    BASELINE="909 2325 908 1792" 
                    HPOS="857"
                    VPOS="1787"
                    WIDTH="73"
                    HEIGHT="537">
            <Shape><Polygon POINTS="905 1789 857 1789 857 1881 866 1886 866 1908 866 1930 866 1952 866 1973 866 1995 866 2017 866 2039 866 2061 866 2083 866 2105 866 2127 866 2149 866 2171 866 2193 866 2214 866 2236 866 2258 866 2280 866 2302 864 2302 866 2324 908 2324 921 2322 930 1820 930 1818 930 1816 919 1787 905 1789"/></Shape>
	    <String CONTENT="Dia y noche ¡es un portento!"
                    HPOS="857"
                    VPOS="1787"
                    WIDTH="73"
                    HEIGHT="537"></String>
          </TextLine>

          
          
          <TextLine ID="eSc_line_a80734b5"
                    
                    BASELINE="510 2329 509 1813" 
                    HPOS="460"
                    VPOS="1811"
                    WIDTH="64"
                    HEIGHT="517">
            <Shape><Polygon POINTS="465 1956 465 1978 465 2000 465 2022 465 2044 465 2065 465 2087 465 2109 465 2131 465 2153 465 2175 465 2197 465 2219 465 2241 465 2263 465 2285 465 2306 460 2306 460 2326 508 2328 515 2326 524 1811 508 1811 460 1811 460 1954 465 1956"/></Shape>
	    <String CONTENT="nuestra Imprenta porque es"
                    HPOS="460"
                    VPOS="1811"
                    WIDTH="64"
                    HEIGHT="517"></String>
          </TextLine>

          
          
          <TextLine ID="eSc_line_2242ad6f"
                    
                    BASELINE="1445 2330 1444 1746" 
                    HPOS="1397"
                    VPOS="1743"
                    WIDTH="59"
                    HEIGHT="585">
            <Shape><Polygon POINTS="1403 1934 1403 1956 1403 1978 1403 2000 1403 2022 1403 2044 1403 2065 1403 2087 1403 2109 1403 2131 1403 2153 1403 2175 1403 2197 1403 2219 1403 2241 1403 2263 1403 2285 1403 2306 1397 2306 1397 2324 1443 2328 1454 2328 1456 1743 1443 1743 1397 1743 1397 1932 1403 1934"/></Shape>
	    <String CONTENT="Nuestra casa que es la vuestra"
                    HPOS="1397"
                    VPOS="1743"
                    WIDTH="59"
                    HEIGHT="585"></String>
          </TextLine>

          
        </TextBlock>
        
        <TextBlock HPOS="1552"
                   VPOS="2313"
                   WIDTH="25"
                   HEIGHT="7"
                   ID="eSc_textblock_11239025"
                   TAGREFS="BT28">
          <Shape><Polygon POINTS="1552 2320 1552 2313 1577 2313 1577 2320"/></Shape>
          
        </TextBlock>
        
        <TextBlock HPOS="115"
                   VPOS="1727"
                   WIDTH="142"
                   HEIGHT="613"
                   ID="eSc_textblock_7435d3ac"
                   TAGREFS="BT206">
          <Shape><Polygon POINTS="115 1727 115 2340 257 2340 257 1727"/></Shape>
          
        </TextBlock>
        
        <TextBlock HPOS="75"
                   VPOS="1432"
                   WIDTH="1578"
                   HEIGHT="182"
                   ID="eSc_textblock_4a6772da"
                   TAGREFS="BT16">
          <Shape><Polygon POINTS="101 1432 75 1614 1653 1614 1653 1432"/></Shape>
          
        </TextBlock>
        

        
      </PrintSpace>
    </Page>
  </Layout>
</alto>
