1887 2585
202.0 198.0 265.0 64.0 llegó á Madrid

245.0 144.0 397.0 86.0 La hija de Villacampa

204.0 230.0 449.0 75.0 por donde quiera que iba

200.0 284.0 457.0 58.0 le daban vivas con frenesi

248.0 325.0 427.0 58.0 Misión tan noble llevaba

213.0 370.0 423.0 58.0 y con el corazón partido

202.0 409.0 408.0 56.0 llegó á casa de Sagasta

200.0 448.0 505.0 56.0 á pedir por su padre querido

241.0 493.0 438.0 60.0 El soldado de la guardia

196.0 527.0 332.0 56.0 no la dejaba pasar

196.0 564.0 479.0 67.0 es que á mi padre del alma

198.0 618.0 334.0 47.0 me lo van á fusilar.

239.0 644.0 429.0 62.0 El ministro se confundía

189.0 695.0 324.0 52.0 oyéndola suplicar

191.0 736.0 378.0 50.0 que cosas no le diría

194.0 762.0 571.0 80.0 que hasta al ministro hizo llorar.

228.0 893.0 203.0 76.0 7dea santa

185.0 954.0 198.0 60.0 idea santa

194.0 965.0 420.0 88.0 la que tuvo el Cobierno

187.0 1016.0 585.0 80.0 mandando á Ceuta á Villacampa.

232.0 1077.0 460.0 62.0 El clima de Fernando Poo

183.0 1109.0 375.0 62.0 su salud perjudicaba

185.0 1161.0 401.0 58.0 y el anciano con dolor

183.0 1202.0 397.0 49.0 triste su vida acababa.

226.0 1240.0 390.0 61.0 Desgraciado brigadier

183.0 1281.0 459.0 56.0 que ganó sus entorcaados

181.0 1320.0 321.0 50.0 en Valencia el ya

183.0 1354.0 410.0 67.0 por su patria peleando.

228.0 1387.0 425.0 69.0 Nunca llegó á sospechar

178.0 1441.0 430.0 56.0 esa hermosa humanidad

181.0 1484.0 509.0 54.0 que ese hombre llegó á morir

174.0 1522.0 518.0 69.0 sin ver en España la libertad.

209.0 1630.0 407.0 95.0 La hija de Villacampa

174.0 1701.0 248.0 56.0 muy amorosa

174.0 1734.0 378.0 66.0 se presentó á la reina

168.0 1770.0 507.0 69.0 muy afigida, triste y llorosa.

215.0 1826.0 393.0 52.0 Gran señora con amor

170.0 1863.0 427.0 60.0 en estas palabras le dice

170.0 1904.0 401.0 56.0 se ve cautivo mi padre

166.0 1932.0 506.0 73.0 esto es lo que á mí me aflige.

213.0 1979.0 524.0 60.0 Hombre que tanto ha peleado

166.0 2024.0 439.0 52.0 defendiendo á su nación

170.0 2063.0 427.0 56.0 hoy se ve desprestigiado

168.0 2102.0 371.0 65.0 morir en una prisión.

213.0 2139.0 533.0 90.0 De cuando en cuando se velan

163.0 2184.0 382.0 58.0 las lágrimas derramar

163.0 2220.0 397.0 63.0 llorando la real señora

163.0 2268.0 391.0 75.0 no le puede contestar.

1007.0 202.0 220.0 62.0 tiene salero

1043.0 122.0 434.0 114.0 Lo que pasa en Espana

1004.0 241.0 548.0 67.0 que el hombre que no se apaña

1004.0 292.0 581.0 65.0 muere de hámbre aunque obrero.

1004.0 372.0 503.0 56.0 vaya á hablar con el Maestro¬

1048.0 331.0 381.0 61.0 Si tiene mujer bonita

1002.0 413.0 440.0 58.0 encuentra lo que solicita

1002.0 448.0 498.0 62.0 y está colocado al momento.

998.0 523.0 455.0 65.0 jovencita y bien parecida

1037.0 488.0 442.0 59.0 Si no tiene mujer bonita,

1000.0 575.0 567.0 54.0 le contestan que á fin de semana

1004.0 607.0 568.0 65.0 van á hacer una gran despedida.

1000.0 693.0 425.0 56.0 ni tampoco la honradez

1045.0 648.0 490.0 73.0 Ya no sirve tener vergüenza

998.0 730.0 494.0 58.0 no teniendo mujer flamenca

998.0 775.0 451.0 69.0 no podrá el artista comer.

1030.0 885.0 285.0 97.0 Hay que pensar

992.0 954.0 265.0 56.0 hay que pesar

994.0 977.0 487.0 78.0 para ver si con arte y maña

987.0 1038.0 593.0 64.0 se puede España con algo aliviar.

1028.0 1079.0 386.0 60.0 Quien había de decir

987.0 1126.0 498.0 63.0 que se había de de necesitar

989.0 1161.0 460.0 62.0 targeta y bueros empeños

987.0 1210.0 358.0 54.0 para poder trabajar.

1024.0 1249.0 451.0 65.0 Señores ha llegado el dia

987.0 1290.0 419.0 52.0 que el pobre trabajador

985.0 1335.0 434.0 52.0 el sustento de su familia

983.0 1367.0 446.0 63.0 le pida á todos por Dios.

1026.0 1398.0 503.0 79.0 Y el pobre que por empeños

981.0 1443.0 371.0 69.0 logra poder trabajar

981.0 1475.0 526.0 82.0 lo tratan peor que á un negro

983.0 1538.0 364.0 64.0 por un mísero jornal.

1020.0 1658.0 355.0 67.0 En la crisis primera

979.0 1703.0 299.0 63.0 con arte y maña

979.0 1751.0 409.0 52.0 si logramos una cartera

976.0 1785.0 505.0 65.0 salvaremos á nuestra España

1022.0 1826.0 489.0 91.0 Ya no habrá contribuciones

976.0 1876.0 374.0 49.0 ni cédulas personales

981.0 1917.0 442.0 49.0 en la caja tantos millones

979.0 1949.0 521.0 60.0 que habrá que poner puntales.

1015.0 1992.0 391.0 60.0 España aprende á leer

974.0 2027.0 414.0 62.0 que buena falta te hace

979.0 2074.0 401.0 54.0 y entoces ya podrás ser

972.0 2108.0 427.0 59.0 nación de primera clase.

1020.0 2152.0 390.0 60.0 Todo esto prometemos

974.0 2190.0 473.0 54.0 si ministros somos mañana

968.0 2233.0 528.0 80.0 que después nosotros heremos

966.0 2266.0 440.0 88.0 lo que nos diera la gana.
