1860 2629
335.0 1375.0 1158.0 123.0 HORRIBLE CATÁSTROFE

122.0 1498.0 1564.0 94.0 que el dia 27 de Agosto del año de gracia 1883 sumergió en el mar

175.0 1570.0 1467.0 75.0 de la Sonda la isla de KRAKATOA con las ciudades de AUGER,

230.0 1625.0 1344.0 72.0 TJERINGEN, TELOGBETONG, parte de las costas de las islas

280.0 1678.0 1240.0 74.0 de SUMATRA y JAVA, pérdida de los buques SIAK,

339.0 1735.0 1115.0 70.0 VILHELMINA y otros muchos, y causando una

416.0 1789.0 983.0 108.0 mortandad de mas de 30.OOo víctimas!!!!

484.0 1914.0 22.0 46.0 1.

245.0 1925.0 520.0 86.0 ¿Cómo hablar de terremotos

203.0 1998.0 547.0 59.0 Con que el Santo Dios castiga

206.0 2033.0 452.0 63.0 A los de climas remotos,

206.0 2081.0 436.0 59.0 Sin llorar lágrima viva?

486.0 2133.0 25.0 73.0 2.

247.0 2162.0 424.0 85.0 Ay! el corazon se hace

197.0 2225.0 454.0 73.0 Dos pedazos en el pecho

206.0 2278.0 511.0 66.0 Y el papel es muy estrecho

199.0 2322.0 437.0 98.0 Para contar el desastre.

1298.0 1903.0 33.0 57.0 3.

1065.0 1936.0 389.0 72.0 Mas allá de Filipínas

1022.0 1991.0 493.0 57.0 En medio de la mar brava

1024.0 2041.0 436.0 60.0 Están, entre otras islas,

1026.0 2090.0 504.0 65.0 Las de Sumatra y de Java.

1294.0 2131.0 43.0 70.0 4.

1063.0 2173.0 522.0 81.0 Las separa el mar de Sonda

1024.0 2234.0 493.0 61.0 Que agitan los temporales,

1028.0 2280.0 481.0 59.0 Y hacen ganancia redonda

1022.0 2333.0 506.0 90.0 Los que pescan los corales.
