1860 2629
355.0 1250.0 1094.0 200.0 VLLANCICOS NIEVOS,

537.0 1421.0 713.0 136.0 LEGRES Y DIVEETIDOS

193.0 1524.0 1397.0 156.0 PARA CANTARLOS EN ESTAS PRUAIMAS NAVIOADES

445.0 1713.0 219.0 74.0 eSTEIBILLO

881.0 1737.0 524.0 66.0 las que siempre fneron sisa:

331.0 1763.0 364.0 92.0 Llegrense las flores,

930.0 1781.0 539.0 70.0 Cuando todos con las sombras

278.0 1824.0 430.0 75.0 corran las. fuentecillas,

879.0 1824.0 377.0 73.0 en el silencio yacían

274.0 1870.0 465.0 84.0 que ya huugen las somoras

877.0 1873.0 425.0 61.0 sepultados en tinieblas

274.0 1921.0 368.0 74.0 y se aparece el dia.

872.0 1916.0 505.0 71.0 de la noche á quien imitan:

919.0 1956.0 469.0 81.0 La Inz sale tan á tiempo

221.0 1976.0 458.0 92.0 En la noche mas oscura,

870.0 2004.0 459.0 72.0 que vino á darles la vida,

177.0 2015.0 476.0 88.0 mas tenebrosa y mas firia,

866.0 2050.0 515.0 64.0 y en tal noche fué la gracin

173.0 2081.0 485.0 68.0 que en pavorosos horrores

870.0 2096.0 432.0 64.0 nacer el Sol de justicia.

173.0 2122.0 460.0 60.0 era sombra de sí misma:

916.0 2136.0 511.0 85.0 Nace en los brazos del alba

210.0 2155.0 489.0 84.0 Cuando mndos los arroyos

872.0 2175.0 457.0 85.0 lorando entre su alegría,

188.0 2210.0 450.0 72.0 heladas las fuentecillas,

872.0 2230.0 509.0 74.0 para enseñarnos que siempro

175.0 2256.0 450.0 110.0 de los valles son tristem.

879.0 2278.0 487.0 123.0 aee el Mlanto enfre la riga.
