1753 2480
795.0 35.0 133.0 72.0 —3-

169 90 674 75 sin sol, pradera sin flores y ave sin

167 165 508 68 árbol donde hacer su nido.

80 221 767 82 Hij. Si los hombres pudieran leer en la

169 297 678 70 cabeza y el corazon de una mujer

169 357 668 70 como en un libro abierto, ya ve¬

165 409 564 80 ria V. cuan pocos se casaban.

82 489 765 77 Pad. Pues entonces, segun tú, pronto se

167 545 674 89 acababa el mundo, porque no ha¬

167 622 674 72 biendo esposos, no habria padres, y

171 698 676 62 no habiendo padres, no habria hijos

173 756 672 68 y nos moririamos todos, dejando la

169 818 676 87 tierra abandonada á la voracidad de

163 876 204 76 las fieras.

86 940 761 87 Hij. Padre, no tugje V. de convencerme,

169 1016 678 73 porque la mujer es un escollo en los

169 1080 676 83 mares de la vida, donde se estrella

167 1144 213 77 el hombre.

82 1211 763 76 Pad. De tí no oigo mas que disparates.

161 1279 599 68 ¡Eres un hombre sin corazon!...

76 1343 775 80 Hij. No se incomode V., padre. La mujer

173 1409 678 83 es traidora, y lleva consigo falsedad,

169 1471 248 74 é hipocresía.

80 1541 775 81 Pad. Te engañas, porque la mujer es

175 1624 680 62 buena como el hombre y mansa como

175 1682 203 60 una oveja.

86 1738 763 82 Hij. ¡Qué poco las conoce V.!.. La mujer

173 1812 678 64 es un gran talento y una gran actriz

173 1874 676 79 para engañar al hombre, si le con¬

175 1938 122 70 viene.

86 2006 767 68 Pad. Oye, perverso : ¿en qué te fundas

175 2062 600 81 para decir esas barbaridades?...

80 2128 773 106 Hij. En la esperiencia que tengo de ellas

175 2203 354 101 mismas aprendida.

872 99 754 87 Pad. ¿De modo que estás resuelto á des¬

959 187 369 61 preciar mi con sejo?

876 237 750 91 Hij. Enteramente, padre. No quiero ca¬

872 378 759 78 Pad. ¿De manera que me abandonas y tú

955 324 136 60 sarme.

955 448 673 62 te precipitas voluntariamente al abis¬

872 560 759 88 Hij. Sí, señor, prefiero ser soldado del

955 508 365 72 mo de la quinta?...

872 698 761 87 Pad. Serias fatal si habias de convertirte

957 638 541 75 rey antes que de una mujer.

957 768 680 89 en juez de las mujeres. De seguro

959 847 676 85 que pronto te darian su voto de gra¬

961 901 99 76 cias.

874 958 759 96 Hij. Padre, es difícil domar á la mujer.

876 1033 765 78 Pad. ¡Calla, por Dios, que me horrorizan

961 1103 678 83 las estravagancias que salen de esa

963 1165 353 83 boca condenada!...

882 1229 757 91 Hij. Pues por poco se alarma V. Todavía

963 1306 674 78 no le he dicho un céntimo de lo que

965 1374 440 74 se merecen las mujeres.

882 1421 757 100 Pad. Ya que, segun veo, es inútil tratar

963 1506 678 62 de convencerte, te abandono á tu

965 1572 674 79 suerte, y me lavo las manos. Haz lo

963 1649 238 53 que quieras.

880 1700 759 87 Hij. Padre mio, disponga V. en cuerpo y

957 1773 686 76 alma de su hijo, como no sea para

963 1849 676 64 casarle; pues estoy muy contento de

965 1905 674 74 haber nacido hombre, y aunque no

963 1971 678 68 dudo que el matrimonio es provecho¬

969 2033 674 68 so con mujer buena, tampoco ignoro

959 2099 682 87 lo difícil ó imposible que es encon¬

965 2167 595 135 trarla, y como dijo aquel refran:
