1753 2480
221.0 66.0 531.0 86.0 nadre, no olvides al hijo

208.0 132.0 488.0 68.0 nacido de tus entrañas.

262.0 175.0 471.0 77.0 Regalada prenda mia,

208.0 223.0 550.0 76.0 me alegraré que te hallles

210.0 274.0 499.0 71.0 con la salud de los dos,

208.0 320.0 569.0 76.0 pido al Cielo que te guarde

264.0 369.0 490.0 69.0 Hermosa bella pintura,

212.0 429.0 530.0 60.0 deidad, jardin peregrino,

206.0 460.0 573.0 69.0 á vuestras plantas rendido

210.0 518.0 538.0 56.0 la remito á tu hermosura

208.0 564.0 486.0 70.0 esta carta con ternura,

210.0 611.0 563.0 73.0 porque con mucha alegría

210.0 669.0 414.0 54.0 en este dichoso dia

210.0 702.0 585.0 81.0 saber quiero si estás buena,

210.0 760.0 459.0 66.0 ramillete de azucena,

210.0 808.0 472.0 76.0 regalada prenda mia.

256.0 855.0 459.0 66.0 De mi corazon recibe

212.0 896.0 559.0 69.0 muy expresivas memorias

210.0 958.0 474.0 60.0 haciéndotelas notorias

208.0 996.0 600.0 74.0 por el amor que en mí vive,

214.0 1056.0 604.0 66.0 y te advierto que si escribes.

212.0 1097.0 540.0 64.0 la respuesta que no tarde;

208.0 1144.0 550.0 71.0 y porque el sol no te dañe

208.0 1194.0 484.0 70.0 ni te dé su resplandor,

210.0 1250.0 492.0 58.0 con gran fineza y amor

208.0 1291.0 540.0 64.0 me alegraré que te halles.

262.0 1337.0 523.0 74.0 Aquí suspendo mi pluma

212.0 1390.0 517.0 67.0 por no mostrar mi dolor,

200.0 1442.0 550.0 66.0 soy tu amante y servidor

204.0 1483.0 565.0 69.0 porque es para mí fortuna,

208.0 1533.0 569.0 64.0 pero si al afumbrar la luna

206.0 1578.0 548.0 65.0 te escribiere, quiera Dios.

206.0 1634.0 484.0 60.0 lo que podreis leer vos,

206.0 1678.0 577.0 70.0 que siempre seré constante,

208.0 1738.0 513.0 64.0 y consérvese un amante

208.0 1775.0 480.0 62.0 con la salud de los dos.

256.0 1826.0 546.0 62.0 Dulce hechizo de mi vida,

202.0 1872.0 538.0 70.0 yo me hallo sin consuelo,

204.0 1917.0 651.0 79.0 y es porque hallarte no puedo

204.0 1969.0 569.0 66.0 pues que la suerte lo priva:

202.0 2021.0 492.0 62.0 cuando la carta recibas

200.0 2060.0 569.0 79.0 de este desdichado amante,

200.0 2112.0 569.0 82.0 ¡qué abrazos quisiera darte

202.0 2163.0 507.0 71.0 con amor y con terneza!

206.0 2219.0 465.0 83.0 y para mayor firmeza

905.0 55.0 558.0 95.0 pido al cuelo que te guarde.

961.0 130.0 512.0 70.0 Hasta morir, alma mia,

907.0 179.0 506.0 64.0 he de ser tu fino amante,

903.0 223.0 467.0 72.0 y te adoraré constante

905.0 268.0 562.0 77.0 con todo el mundo á porfia.

952.0 318.0 577.0 97.0 La prueba de que te quíero

907.0 376.0 451.0 64.0 te daré á satisfaccion,

905.0 417.0 492.0 64.0 que es darte mi corazon

907.0 469.0 451.0 68.0 con cariño verdadero,

903.0 516.0 556.0 66.0 es cierto que por tí muero,

903.0 564.0 494.0 60.0 sin tí no tengo alegria,

907.0 607.0 529.0 77.0 porque de noche y de dia

903.0 665.0 531.0 64.0 en mi pensamiento estás,

907.0 708.0 440.0 60.0 y que te amaré verás

905.0 754.0 502.0 68.0 hasta morir, alma mia.

950.0 810.0 594.0 70.0 Las potenciasme has robado

899.0 853.0 568.0 64.0 tú eres la hermosa á quien

907.0 903.0 527.0 66.0 he de cumplir sin vaiven

903.0 952.0 541.0 71.0 la palabra que te he dado;

897.0 1002.0 471.0 60.0 el mas fino enamorado

899.0 1051.0 514.0 62.0 no estará tan vigilante,

903.0 1101.0 614.0 62.0 y aunque estoy de tí distante

899.0 1144.0 574.0 67.0 no menguarán mis amores:

905.0 1196.0 529.0 60.0 y á pesar de infamadores

901.0 1242.0 500.0 66.0 he de ser tu fino amante.

946.0 1289.0 498.0 68.0 La prenda de mas valor

897.0 1337.0 444.0 70.0 te quisiera presentar,

899.0 1395.0 457.0 55.0 por ver si querias dar

897.0 1436.0 545.0 64.0 la recompensa á mi amor:

893.0 1488.0 489.0 64.0 tener quisiera el honor

893.0 1535.0 537.0 66.0 de servirte como amante;

897.0 1583.0 643.0 70.0 mi amorno tendrá menguante,

899.0 1636.0 601.0 91.0 y si hubiese quien lo impida

899.0 1690.0 397.0 54.0 sacrificaré mi vida

895.0 1723.0 479.0 68.0 y te adoraré constante.

944.0 1777.0 467.0 70.0 Es justo que satisfaga

893.0 1824.0 502.0 62.0 tu amor á mi voluntad,

893.0 1872.0 527.0 72.0 pues vemos con claridad

882.0 1919.0 598.0 75.0 que amor con amor se paga;

893.0 1967.0 582.0 87.0 dí lo que quieres que haga,

895.0 2019.0 467.0 64.0 tu voluntad es la mia,

886.0 2072.0 534.0 69.0 en mí no habrá cobardía;

888.0 2118.0 484.0 62.0 mis finezas has de ver,

897.0 2159.0 537.0 75.0 y siempre te he de querer

893.0 2209.0 572.0 85.0 con todo el mundo á porfia.
