1860 2629
1096.0 201.0 246.0 88.0 (Núm. 84. )

530.0 1064.0 652.0 88.0 DECIMAS GLOSADAS

438.0 1132.0 831.0 108.0 PARA CANTAR LOS AFICIONADOS.

579.0 1270.0 427.0 81.0 Me casé con una beata

541.0 1329.0 428.0 68.0 por tener algo de Dios:

539.0 1373.0 441.0 70.0 con ella cargò el diablo

541.0 1424.0 404.0 92.0 y á mí poco me faltó.

221.0 1496.0 417.0 85.0 Cansado ya de correr,

179.0 1555.0 400.0 57.0 enfadado de enredar,

177.0 1597.0 395.0 61.0 me puse á considerar

177.0 1632.0 494.0 76.0 què es lo que debia hacer;

182.0 1693.0 473.0 55.0 yo bien me harté de saber

179.0 1730.0 459.0 70.0 bastante el salto de mata,

175.0 1770.0 551.0 85.0 siempre andando en zaragata,

177.0 1829.0 432.0 70.0 no pudiendo mas sufrir,

177.0 1870.0 351.0 64.0 y para mejor vivir

177.0 1899.0 430.0 72.0 me casé con una beata.

214.0 1945.0 487.0 92.0 Dentro de mi pensamiento

177.0 2000.0 349.0 65.0 todo era maquinar;

177.0 2048.0 351.0 63.0 feliz lo voy á pasar

177.0 2076.0 467.0 81.0 con mi nuevo casamiento;

177.0 2131.0 423.0 62.0 lo pasaré sin tormento,

179.0 2168.0 474.0 79.0 porque, para entre los dos

177.0 2225.0 454.0 66.0 me hablaba á media voz,

173.0 2267.0 449.0 79.0 por ser tan sauta mujer,

175.0 2320.0 373.0 59.0 y esto me hizo cuer,

175.0 2350.0 417.0 112.0 por tener algo de Dios.

912.0 1487.0 384.0 90.0 Al revés me sucedió,

870.0 1557.0 413.0 62.0 que de maula cojeaba,

868.0 1601.0 423.0 53.0 de cabeza me cargaba,

868.0 1636.0 437.0 68.0 sin que lo supiera yo;

870.0 1684.0 448.0 68.0 pero al fin se descubrió.

864.0 1726.0 493.0 79.0 Rezando estaba con Pablo

864.0 1781.0 447.0 54.0 recostada en un retablo;

864.0 1818.0 467.0 70.0 no me gustó aquel rezar,

868.0 1860.0 428.0 67.0 y empezándola á pegar

866.0 1906.0 450.0 59.0 con ella cargó el diablo,

912.0 1945.0 467.0 92.0 De verme tan mal parado

868.0 2004.0 399.0 51.0 estaba que me moria,

864.0 2041.0 410.0 60.0 todo el mundo se reia

868.0 2083.0 437.0 70.0 al verme tan engañado,

864.0 2131.0 467.0 64.0 de una beata, y burlado.

870.0 2164.0 564.0 90.0 ¿Qué es lo que debia hacer yo?

870.0 2223.0 446.0 64.0 pero al fin se descubrió;

868.0 2269.0 459.0 62.0 se acabaron mis enredos,

866.0 2322.0 493.0 66.0 ella marchó á los infiernos.

864.0 2348.0 403.0 112.0 y á mí poco me faltò.
