<?xml version="1.0" encoding="UTF-8"?>
<alto xmlns:xsi="http://www.w3.org/2001/XMLSchema-instance"
      xmlns="http://www.loc.gov/standards/alto/ns-v4#"
      xsi:schemaLocation="http://www.loc.gov/standards/alto/ns-v4# http://www.loc.gov/standards/alto/v4/alto-4-2.xsd">
  <Description>
    <MeasurementUnit>pixel</MeasurementUnit>
    <sourceImageInformation>
      <fileName>Varios_018_3.jpg</fileName>
      
    </sourceImageInformation>
  </Description>
  
  <Tags>
    <OtherTag ID="BT221" LABEL="CustomZone:impresorNum" DESCRIPTION="block type CustomZone:impresorNum"/><OtherTag ID="BT222" LABEL="CustomZone:numero_pliego" DESCRIPTION="block type CustomZone:numero_pliego"/><OtherTag ID="BT223" LABEL="CustomZone:title" DESCRIPTION="block type CustomZone:title"/><OtherTag ID="BT224" LABEL="GraphicZone:illustration" DESCRIPTION="block type GraphicZone:illustration"/><OtherTag ID="BT225" LABEL="GraphicZone:ornamentation" DESCRIPTION="block type GraphicZone:ornamentation"/><OtherTag ID="BT226" LABEL="MainZone" DESCRIPTION="block type MainZone"/><OtherTag ID="BT227" LABEL="MainZone:columns" DESCRIPTION="block type MainZone:columns"/><OtherTag ID="BT228" LABEL="MarginTextZone:colophon" DESCRIPTION="block type MarginTextZone:colophon"/><OtherTag ID="BT229" LABEL="MarginTextZone:note" DESCRIPTION="block type MarginTextZone:note"/><OtherTag ID="BT230" LABEL="MusicZone" DESCRIPTION="block type MusicZone"/><OtherTag ID="BT231" LABEL="NumberingZone:page" DESCRIPTION="block type NumberingZone:page"/><OtherTag ID="BT232" LABEL="QuireMarksZone:catchwords" DESCRIPTION="block type QuireMarksZone:catchwords"/><OtherTag ID="BT233" LABEL="QuireMarksZone:signature" DESCRIPTION="block type QuireMarksZone:signature"/><OtherTag ID="BT234" LABEL="RunningTitleZone" DESCRIPTION="block type RunningTitleZone"/>
    <OtherTag ID="LT81" LABEL="CustomLine:propriedad" DESCRIPTION="line type CustomLine:propriedad"/><OtherTag ID="LT82" LABEL="CustomLine:trailer" DESCRIPTION="line type CustomLine:trailer"/><OtherTag ID="LT83" LABEL="DefaultLine" DESCRIPTION="line type DefaultLine"/><OtherTag ID="LT84" LABEL="HeadingLine" DESCRIPTION="line type HeadingLine"/>
  </Tags>
  
  <Layout>
    <Page WIDTH="1753"
          HEIGHT="2480"
          PHYSICAL_IMG_NR="65"
          ID="eSc_dummypage_">
      <PrintSpace HPOS="0"
                  VPOS="0"
                  WIDTH="1753"
                  HEIGHT="2480">
        
        <TextBlock HPOS="269.0"
                   VPOS="144.0"
                   WIDTH="1481.0"
                   HEIGHT="325.0"
                   ID="eSc_textblock_e3f24159"
                   TAGREFS="BT223">
          <Shape><Polygon POINTS="1403 469 884 469 570 460 505 422 505 282 346 282 346 284 272 279 269 167 483 144 611 148 1728 155 1750 295 1734 313 1541 313 1541 449"/></Shape>
          
          
          <TextLine ID="eSc_line_11be20cf"
                    TAGREFS="LT84"
                    BASELINE="285 268 432 272 514 272 1058 279 1110 281 1287 281 1354 281 1713 289" 
                    HPOS="277.0"
                    VPOS="148.0"
                    WIDTH="1434.0"
                    HEIGHT="170.0">
            <Shape><Polygon POINTS="283 266 287 148 328 171 405 159 405 159 407 159 407 159 407 159 409 159 409 159 409 159 411 159 411 159 425 173 510 173 564 150 568 150 568 150 570 150 570 150 572 150 572 150 595 152 671 161 671 161 673 161 673 161 673 161 675 161 675 163 690 173 706 161 706 161 709 161 709 161 711 161 711 161 711 161 713 161 793 165 847 155 872 150 872 150 872 150 874 150 874 150 876 150 897 155 967 173 1023 159 1025 159 1025 159 1027 159 1027 159 1027 159 1029 159 1029 159 1031 159 1031 159 1031 161 1056 183 1081 183 1145 159 1153 155 1153 155 1155 155 1155 155 1155 155 1157 155 1234 159 1248 161 1248 161 1250 161 1250 161 1250 161 1252 161 1296 188 1333 188 1393 161 1397 159 1397 159 1399 159 1399 159 1399 159 1401 159 1401 159 1401 159 1403 159 1403 159 1405 159 1405 159 1407 161 1430 177 1459 161 1461 161 1461 161 1461 161 1463 161 1463 161 1465 161 1552 163 1552 163 1552 163 1554 163 1554 163 1554 163 1600 179 1711 165 1711 287 1709 312 1519 318 1517 318 1517 318 1515 318 1478 307 1430 295 1405 305 1389 314 1389 314 1387 314 1387 314 1387 314 1385 314 1385 314 1382 314 1382 314 1382 314 1366 305 1341 293 1292 293 1219 303 1151 312 1151 312 1149 312 1149 312 1149 312 1147 312 1114 301 1079 289 994 289 973 297 950 307 950 307 948 307 948 307 948 307 946 307 946 307 857 297 766 305 766 305 764 305 675 297 675 297 673 297 673 297 673 297 671 297 671 295 665 291 657 283 644 291 624 303 622 303 622 303 620 303 620 303 620 305 580 305 578 303 504 299 504 299 502 299 502 299 471 287 448 279 357 279 345 285 324 297 322 297 322 297 320 297 320 297 320 297 318 297 318 297 316 297 316 297 277 283"/></Shape>
	    <String CONTENT="LA MARCHA DE CÁDIZ"
                    HPOS="277.0"
                    VPOS="148.0"
                    WIDTH="1434.0"
                    HEIGHT="170.0"></String>
          </TextLine>

          
          
          <TextLine ID="eSc_line_71be4bed"
                    TAGREFS="LT84"
                    BASELINE="529 382 1485 398" 
                    HPOS="523.0"
                    VPOS="312.0"
                    WIDTH="961.0"
                    HEIGHT="115.0">
            <Shape><Polygon POINTS="527 380 527 318 671 324 678 320 688 312 688 312 690 312 690 312 690 312 692 312 692 312 694 312 764 312 764 312 764 312 766 312 766 312 766 312 787 322 797 328 859 328 884 324 952 316 952 316 955 316 955 316 957 316 992 326 1008 330 1041 326 1122 318 1122 318 1124 318 1124 318 1124 318 1126 318 1159 328 1172 332 1188 330 1242 320 1242 320 1244 320 1244 320 1244 320 1246 320 1246 320 1246 320 1267 332 1275 336 1389 336 1393 334 1407 324 1409 324 1409 324 1411 324 1411 324 1411 324 1413 324 1413 324 1484 336 1484 396 1480 417 1416 417 1413 419 1403 427 1403 427 1401 427 1401 427 1401 427 1399 427 1399 427 1399 427 1397 427 1397 427 1335 419 1310 415 1300 419 1279 427 1279 427 1277 427 1277 427 1277 427 1275 427 1275 427 1275 427 1273 427 1273 427 1271 427 1271 427 1271 425 1263 419 1254 411 1170 411 1151 419 1132 427 1132 427 1130 427 1130 427 1130 427 1128 427 1128 427 1128 427 1126 427 1126 427 1124 427 1124 427 1124 425 1124 425 1118 419 1110 409 996 407 967 419 948 427 948 427 946 427 946 427 946 427 944 427 857 419 826 417 806 419 766 425 766 425 764 425 764 425 764 425 762 425 762 425 746 419 700 400 620 400 599 419 599 419 599 421 599 421 597 421 597 421 597 421 595 421 595 421 593 421 523 419"/></Shape>
	    <String CONTENT="GAVOTA DE LOS PATOS"
                    HPOS="523.0"
                    VPOS="312.0"
                    WIDTH="961.0"
                    HEIGHT="115.0"></String>
          </TextLine>

          
        </TextBlock>
        
        <TextBlock HPOS="1000.0"
                   VPOS="542.0"
                   WIDTH="750.0"
                   HEIGHT="1339.0"
                   ID="eSc_textblock_8d4488d9"
                   TAGREFS="BT227">
          <Shape><Polygon POINTS="1469 545 1709 586 1750 760 1745 1082 1682 1082 1682 1282 1620 1282 1620 1351 1741 1351 1734 1849 1718 1881 1373 1881 1373 1808 1023 1808 1009 1793 1009 1411 1000 1411 1000 964 1548 964 1548 927 1000 927 1000 632 1058 632 1058 542"/></Shape>
          
          
          <TextLine ID="eSc_line_266f71b7"
                    TAGREFS="LT83"
                    BASELINE="298 595 981 603" 
                    HPOS="293"
                    VPOS="562"
                    WIDTH="686"
                    HEIGHT="47">
            <Shape><Polygon POINTS="297 593 297 562 979 570 979 601 975 609 293 601"/></Shape>
	    <String CONTENT="— Yo soy el pato — Yo soy la pata"
                    HPOS="293"
                    VPOS="562"
                    WIDTH="686"
                    HEIGHT="47"></String>
          </TextLine>

          
          
          <TextLine ID="eSc_line_78f6c329"
                    TAGREFS="LT83"
                    BASELINE="266 644 843 651" 
                    HPOS="262.0"
                    VPOS="599.0"
                    WIDTH="581.0"
                    HEIGHT="62.0">
            <Shape><Polygon POINTS="266 644 264 609 425 599 427 599 427 599 427 599 429 599 467 609 793 603 795 603 795 603 797 603 843 615 843 651 839 661 262 655"/></Shape>
	    <String CONTENT="que en el estanque suelen nadar."
                    HPOS="262.0"
                    VPOS="599.0"
                    WIDTH="581.0"
                    HEIGHT="62.0"></String>
          </TextLine>

          
          
          <TextLine ID="eSc_line_524bd1f9"
                    TAGREFS="LT83"
                    BASELINE="262 688 983 702" 
                    HPOS="256"
                    VPOS="655"
                    WIDTH="725"
                    HEIGHT="55">
            <Shape><Polygon POINTS="260 686 260 655 981 671 981 700 977 710 256 696"/></Shape>
	    <String CONTENT="— Ven acá ingrato! — Ven acá ingrata!"
                    HPOS="256"
                    VPOS="655"
                    WIDTH="725"
                    HEIGHT="55"></String>
          </TextLine>

          
          
          <TextLine ID="eSc_line_21960025"
                    TAGREFS="LT83"
                    BASELINE="264 744 783 750" 
                    HPOS="262.0"
                    VPOS="704.0"
                    WIDTH="521.0"
                    HEIGHT="56.0">
            <Shape><Polygon POINTS="264 744 264 704 781 717 783 750 781 760 262 760"/></Shape>
	    <String CONTENT="nada que nada sin descansar."
                    HPOS="262.0"
                    VPOS="704.0"
                    WIDTH="521.0"
                    HEIGHT="56.0"></String>
          </TextLine>

          
          
          <TextLine ID="eSc_line_48bff98e"
                    TAGREFS="LT83"
                    BASELINE="303 789 986 799" 
                    HPOS="295.0"
                    VPOS="746.0"
                    WIDTH="693.0"
                    HEIGHT="80.0">
            <Shape><Polygon POINTS="303 789 301 750 661 746 663 746 812 758 816 758 820 758 948 746 948 746 950 746 950 746 952 746 952 746 952 746 988 762 986 799 983 812 926 812 897 826 897 826 897 826 895 826 895 826 895 826 893 826 893 826 893 826 831 814 816 824 814 824 814 824 814 824 812 824 812 824 812 826 715 826 713 824 713 824 711 824 711 824 711 824 673 808 593 822 593 822 593 822 591 822 591 822 589 822 589 822 545 808 502 820 500 820 500 820 500 820 498 820 498 820 496 820 436 806 318 812 316 812 316 812 316 812 314 812 314 812 312 812 312 812 295 799"/></Shape>
	    <String CONTENT="Cuando algún pato se muestra ingrato"
                    HPOS="295.0"
                    VPOS="746.0"
                    WIDTH="693.0"
                    HEIGHT="80.0"></String>
          </TextLine>

          
          
          <TextLine ID="eSc_line_cc084b5b"
                    TAGREFS="LT83"
                    BASELINE="262 841 711 845" 
                    HPOS="258.0"
                    VPOS="799.0"
                    WIDTH="453.0"
                    HEIGHT="54.0">
            <Shape><Polygon POINTS="262 841 262 799 709 810 711 845 706 853 258 849"/></Shape>
	    <String CONTENT="la pata suele moverse así"
                    HPOS="258.0"
                    VPOS="799.0"
                    WIDTH="453.0"
                    HEIGHT="54.0"></String>
          </TextLine>

          
          
          <TextLine ID="eSc_line_6964c00c"
                    TAGREFS="LT83"
                    BASELINE="260 886 793 894" 
                    HPOS="256.0"
                    VPOS="847.0"
                    WIDTH="537.0"
                    HEIGHT="58.0">
            <Shape><Polygon POINTS="260 886 260 847 793 859 793 894 789 905 256 896"/></Shape>
	    <String CONTENT="hasta que tierno y enamorado"
                    HPOS="256.0"
                    VPOS="847.0"
                    WIDTH="537.0"
                    HEIGHT="58.0"></String>
          </TextLine>

          
          
          <TextLine ID="eSc_line_1b1c5fea"
                    TAGREFS="LT83"
                    BASELINE="260 938 729 944" 
                    HPOS="256.0"
                    VPOS="894.0"
                    WIDTH="473.0"
                    HEIGHT="58.0">
            <Shape><Polygon POINTS="260 938 260 894 727 911 729 944 725 952 256 950"/></Shape>
	    <String CONTENT="le dice el pato con frenesí."
                    HPOS="256.0"
                    VPOS="894.0"
                    WIDTH="473.0"
                    HEIGHT="58.0"></String>
          </TextLine>

          
          
          <TextLine ID="eSc_line_2d20e258"
                    TAGREFS="LT83"
                    BASELINE="260 985 938 996" 
                    HPOS="256.0"
                    VPOS="940.0"
                    WIDTH="682.0"
                    HEIGHT="72.0">
            <Shape><Polygon POINTS="260 985 260 940 429 954 479 946 508 942 508 942 510 942 510 942 510 942 512 942 512 942 512 942 514 942 523 948 533 954 541 948 551 942 554 942 554 942 556 942 556 942 556 942 558 942 558 942 558 942 560 942 560 942 560 942 574 950 589 958 667 958 682 952 706 944 706 944 709 944 709 944 709 944 874 942 876 942 876 942 878 942 878 942 878 942 880 942 880 942 880 944 897 961 936 963 938 996 934 1012 256 1000"/></Shape>
	    <String CONTENT="Carra cua cua cua, ca-ra cua cua-cua."
                    HPOS="256.0"
                    VPOS="940.0"
                    WIDTH="682.0"
                    HEIGHT="72.0"></String>
          </TextLine>

          
          
          <TextLine ID="eSc_line_2b72bbc3"
                    TAGREFS="LT83"
                    BASELINE="300 1033 981 1045" 
                    HPOS="295"
                    VPOS="1002"
                    WIDTH="684"
                    HEIGHT="49">
            <Shape><Polygon POINTS="299 1031 299 1002 979 1014 979 1043 975 1051 295 1039"/></Shape>
	    <String CONTENT="—Ven acá patita, no seas tan mala"
                    HPOS="295"
                    VPOS="1002"
                    WIDTH="684"
                    HEIGHT="49"></String>
          </TextLine>

          
          
          <TextLine ID="eSc_line_3746f221"
                    TAGREFS="LT83"
                    BASELINE="258 1091 696 1089 988 1095" 
                    HPOS="252.0"
                    VPOS="1039.0"
                    WIDTH="738.0"
                    HEIGHT="62.0">
            <Shape><Polygon POINTS="256 1089 252 1047 305 1039 305 1039 308 1039 308 1039 365 1047 405 1054 423 1049 446 1041 448 1041 448 1041 448 1041 450 1041 450 1041 450 1041 452 1041 452 1041 454 1041 454 1041 454 1041 463 1049 469 1056 520 1056 547 1049 607 1041 607 1041 609 1041 609 1041 609 1041 611 1041 649 1051 657 1054 659 1051 673 1041 675 1041 675 1041 675 1041 678 1041 678 1041 680 1041 760 1041 760 1041 760 1041 762 1041 762 1041 762 1041 764 1041 781 1054 783 1056 899 1056 911 1056 957 1041 959 1041 959 1041 961 1041 961 1041 961 1041 963 1041 963 1041 965 1041 990 1056 986 1093 981 1101 252 1099"/></Shape>
	    <String CONTENT="mira que te quiero no ahueques el alal"
                    HPOS="252.0"
                    VPOS="1039.0"
                    WIDTH="738.0"
                    HEIGHT="62.0"></String>
          </TextLine>

          
          
          <TextLine ID="eSc_line_509679fa"
                    TAGREFS="LT83"
                    BASELINE="277 1137 983 1144" 
                    HPOS="270"
                    VPOS="1103"
                    WIDTH="711"
                    HEIGHT="46">
            <Shape><Polygon POINTS="274 1136 274 1103 979 1109 981 1142 977 1149 270 1142"/></Shape>
	    <String CONTENT="—No quiero mirarte, dejame ya sola"
                    HPOS="270"
                    VPOS="1103"
                    WIDTH="711"
                    HEIGHT="46"></String>
          </TextLine>

          
          
          <TextLine ID="eSc_line_611725f1"
                    TAGREFS="LT83"
                    BASELINE="258 1190 527 1184 995 1193" 
                    HPOS="254.0"
                    VPOS="1151.0"
                    WIDTH="740.0"
                    HEIGHT="60.0">
            <Shape><Polygon POINTS="256 1188 254 1151 992 1151 994 1192 992 1200 849 1211 847 1211 847 1211 847 1211 791 1200 787 1200 779 1200 673 1209 671 1209 671 1209 671 1209 622 1198 611 1198 254 1198"/></Shape>
	    <String CONTENT="porque ningún pato se arrima á mi cola."
                    HPOS="254.0"
                    VPOS="1151.0"
                    WIDTH="740.0"
                    HEIGHT="60.0"></String>
          </TextLine>

          
          
          <TextLine ID="eSc_line_dbb6aad6"
                    TAGREFS="LT83"
                    BASELINE="300 1231 993 1243" 
                    HPOS="295"
                    VPOS="1198"
                    WIDTH="697"
                    HEIGHT="52">
            <Shape><Polygon POINTS="299 1229 299 1198 990 1211 992 1242 988 1250 295 1237"/></Shape>
	    <String CONTENT="— Reina del estanque voy á hacer"
                    HPOS="295"
                    VPOS="1198"
                    WIDTH="697"
                    HEIGHT="52"></String>
          </TextLine>

          
          
          <TextLine ID="eSc_line_63c80216"
                    TAGREFS="LT83"
                    BASELINE="259 1326 984 1338" 
                    HPOS="254"
                    VPOS="1295"
                    WIDTH="729"
                    HEIGHT="52">
            <Shape><Polygon POINTS="258 1324 258 1295 981 1308 983 1337 979 1347 254 1335"/></Shape>
	    <String CONTENT="—Es usted un bicho con malas ideas."
                    HPOS="254"
                    VPOS="1295"
                    WIDTH="729"
                    HEIGHT="52"></String>
          </TextLine>

          
          
          <TextLine ID="eSc_line_d73de88f"
                    TAGREFS="LT83"
                    BASELINE="785 1291 971 1295" 
                    HPOS="781.0"
                    VPOS="1248.0"
                    WIDTH="190.0"
                    HEIGHT="54.0">
            <Shape><Polygon POINTS="785 1291 785 1248 969 1258 971 1295 967 1302 781 1299"/></Shape>
	    <String CONTENT="(que seas."
                    HPOS="781.0"
                    VPOS="1248.0"
                    WIDTH="190.0"
                    HEIGHT="54.0"></String>
          </TextLine>

          
          
          <TextLine ID="eSc_line_4cc12941"
                    TAGREFS="LT83"
                    BASELINE="256 1376 903 1388" 
                    HPOS="250"
                    VPOS="1345"
                    WIDTH="651"
                    HEIGHT="52">
            <Shape><Polygon POINTS="254 1374 254 1345 901 1357 901 1386 897 1397 250 1384"/></Shape>
	    <String CONTENT="—Si me quieres, haces mi felicidad."
                    HPOS="250"
                    VPOS="1345"
                    WIDTH="651"
                    HEIGHT="52"></String>
          </TextLine>

          
          
          <TextLine ID="eSc_line_5c088f4b"
                    TAGREFS="LT83"
                    BASELINE="256 1426 901 1438" 
                    HPOS="250"
                    VPOS="1395"
                    WIDTH="649"
                    HEIGHT="53">
            <Shape><Polygon POINTS="254 1426 254 1395 897 1405 899 1436 895 1448 250 1434"/></Shape>
	    <String CONTENT="—Ya me va cargando tu patosidad."
                    HPOS="250"
                    VPOS="1395"
                    WIDTH="649"
                    HEIGHT="53"></String>
          </TextLine>

          
          
          <TextLine ID="eSc_line_19c748a8"
                    TAGREFS="LT83"
                    BASELINE="312 1473 969 1492" 
                    HPOS="308.0"
                    VPOS="1436.0"
                    WIDTH="661.0"
                    HEIGHT="66.0">
            <Shape><Polygon POINTS="312 1473 312 1436 969 1444 969 1492 965 1502 308 1492"/></Shape>
	    <String CONTENT="— Yo soy el pato— Yo soy la pata"
                    HPOS="308.0"
                    VPOS="1436.0"
                    WIDTH="661.0"
                    HEIGHT="66.0"></String>
          </TextLine>

          
          
          <TextLine ID="eSc_line_f3e16a15"
                    TAGREFS="LT83"
                    BASELINE="256 1525 814 1537" 
                    HPOS="252.0"
                    VPOS="1490.0"
                    WIDTH="562.0"
                    HEIGHT="57.0">
            <Shape><Polygon POINTS="256 1525 256 1490 812 1494 814 1537 812 1545 351 1547 349 1547 349 1547 252 1533"/></Shape>
	    <String CONTENT="que en el estanque suelen cazar"
                    HPOS="252.0"
                    VPOS="1490.0"
                    WIDTH="562.0"
                    HEIGHT="57.0"></String>
          </TextLine>

          
          
          <TextLine ID="eSc_line_97519222"
                    TAGREFS="LT83"
                    BASELINE="256 1574 696 1581" 
                    HPOS="252.0"
                    VPOS="1535.0"
                    WIDTH="444.0"
                    HEIGHT="56.0">
            <Shape><Polygon POINTS="256 1574 256 1535 694 1537 696 1581 692 1591 252 1585"/></Shape>
	    <String CONTENT="los pececitos coloraditos"
                    HPOS="252.0"
                    VPOS="1535.0"
                    WIDTH="444.0"
                    HEIGHT="56.0"></String>
          </TextLine>

          
          
          <TextLine ID="eSc_line_4003a84b"
                    TAGREFS="LT83"
                    BASELINE="254 1630 415 1624 742 1632" 
                    HPOS="250.0"
                    VPOS="1585.0"
                    WIDTH="492.0"
                    HEIGHT="55.0">
            <Shape><Polygon POINTS="254 1630 250 1591 578 1585 580 1585 740 1597 742 1632 737 1640 250 1636"/></Shape>
	    <String CONTENT="y yerbecitas para almorzar."
                    HPOS="250.0"
                    VPOS="1585.0"
                    WIDTH="492.0"
                    HEIGHT="55.0"></String>
          </TextLine>

          
          
          <TextLine ID="eSc_line_f2405b1b"
                    TAGREFS="LT83"
                    BASELINE="303 1674 816 1684" 
                    HPOS="297"
                    VPOS="1634"
                    WIDTH="517"
                    HEIGHT="60">
            <Shape><Polygon POINTS="301 1674 299 1643 556 1634 558 1634 558 1634 560 1634 560 1634 593 1647 595 1647 601 1647 669 1636 669 1636 671 1636 671 1636 671 1636 673 1636 673 1636 673 1636 675 1636 675 1636 688 1649 690 1649 696 1649 754 1638 754 1638 756 1638 756 1638 756 1638 812 1651 814 1682 810 1694 297 1680"/></Shape>
	    <String CONTENT="— Por la orillita va la patita."
                    HPOS="297"
                    VPOS="1634"
                    WIDTH="517"
                    HEIGHT="60"></String>
          </TextLine>

          
          
          <TextLine ID="eSc_line_8be2bd3f"
                    TAGREFS="LT83"
                    BASELINE="260 1723 802 1731" 
                    HPOS="256.0"
                    VPOS="1684.0"
                    WIDTH="546.0"
                    HEIGHT="64.0">
            <Shape><Polygon POINTS="260 1723 258 1688 800 1684 802 1731 797 1748 256 1736"/></Shape>
	    <String CONTENT="— La sigue el pato con ilusión."
                    HPOS="256.0"
                    VPOS="1684.0"
                    WIDTH="546.0"
                    HEIGHT="64.0"></String>
          </TextLine>

          
          
          <TextLine ID="eSc_line_bc8a5059"
                    TAGREFS="LT83"
                    BASELINE="258 1773 862 1781" 
                    HPOS="254.0"
                    VPOS="1731.0"
                    WIDTH="608.0"
                    HEIGHT="62.0">
            <Shape><Polygon POINTS="258 1773 256 1742 359 1731 361 1731 862 1746 862 1781 857 1793 254 1783"/></Shape>
	    <String CONTENT="— Después al agua se van juntitos."
                    HPOS="254.0"
                    VPOS="1731.0"
                    WIDTH="608.0"
                    HEIGHT="62.0"></String>
          </TextLine>

          
          
          <TextLine ID="eSc_line_6af48a5f"
                    TAGREFS="LT83"
                    BASELINE="262 1820 822 1831" 
                    HPOS="258.0"
                    VPOS="1785.0"
                    WIDTH="564.0"
                    HEIGHT="62.0">
            <Shape><Polygon POINTS="262 1820 262 1785 820 1791 822 1831 818 1847 510 1845 510 1845 510 1845 508 1845 475 1837 465 1835 448 1837 376 1843 374 1843 374 1843 258 1829"/></Shape>
	    <String CONTENT="— Y cantar suelen esta canción."
                    HPOS="258.0"
                    VPOS="1785.0"
                    WIDTH="564.0"
                    HEIGHT="62.0"></String>
          </TextLine>

          
          
          <TextLine ID="eSc_line_bbe36650"
                    TAGREFS="LT83"
                    BASELINE="254 1872 915 1882" 
                    HPOS="250.0"
                    VPOS="1833.0"
                    WIDTH="665.0"
                    HEIGHT="64.0">
            <Shape><Polygon POINTS="254 1872 254 1833 915 1835 915 1882 911 1897 250 1886"/></Shape>
	    <String CONTENT="Car-ra-cua-cua-cua, ca-ra-cua-cua-cua."
                    HPOS="250.0"
                    VPOS="1833.0"
                    WIDTH="665.0"
                    HEIGHT="64.0"></String>
          </TextLine>

          
          
          <TextLine ID="eSc_line_75f089e5"
                    TAGREFS="LT83"
                    BASELINE="1068 601 1721 617" 
                    HPOS="1064.0"
                    VPOS="555.0"
                    WIDTH="657.0"
                    HEIGHT="73.0">
            <Shape><Polygon POINTS="1068 601 1066 564 1122 555 1122 555 1124 555 1124 555 1180 564 1215 568 1221 564 1227 558 1227 558 1229 558 1229 558 1229 558 1232 558 1232 558 1234 558 1234 558 1234 558 1236 558 1254 564 1279 572 1488 576 1502 564 1509 560 1509 558 1509 558 1511 558 1511 558 1511 558 1513 558 1513 558 1515 558 1560 558 1560 558 1618 560 1618 560 1618 560 1620 560 1620 560 1620 560 1622 560 1622 560 1626 564 1647 582 1684 582 1713 564 1721 617 1717 628 1064 613"/></Shape>
	    <String CONTENT="— Mueve la colita con mucha ilusión"
                    HPOS="1064.0"
                    VPOS="555.0"
                    WIDTH="657.0"
                    HEIGHT="73.0"></String>
          </TextLine>

          
          
          <TextLine ID="eSc_line_040db60f"
                    TAGREFS="LT83"
                    BASELINE="1020 651 1726 667" 
                    HPOS="1015"
                    VPOS="617"
                    WIDTH="709"
                    HEIGHT="62">
            <Shape><Polygon POINTS="1019 651 1019 617 1724 632 1724 665 1719 679 1015 659"/></Shape>
	    <String CONTENT="Es usted un patito con mala intención."
                    HPOS="1015"
                    VPOS="617"
                    WIDTH="709"
                    HEIGHT="62"></String>
          </TextLine>

          
          
          <TextLine ID="eSc_line_3969d7d3"
                    TAGREFS="LT83"
                    BASELINE="1015 700 1724 713" 
                    HPOS="1010.0"
                    VPOS="667.0"
                    WIDTH="714.0"
                    HEIGHT="68.0">
            <Shape><Polygon POINTS="1015 700 1015 667 1724 673 1724 713 1721 725 1606 735 1604 735 1010 713"/></Shape>
	    <String CONTENT="— Ahora extiendo el ala y el piquito así:"
                    HPOS="1010.0"
                    VPOS="667.0"
                    WIDTH="714.0"
                    HEIGHT="68.0"></String>
          </TextLine>

          
          
          <TextLine ID="eSc_line_96c7608a"
                    TAGREFS="LT83"
                    BASELINE="1039 750 1726 764" 
                    HPOS="1035.0"
                    VPOS="706.0"
                    WIDTH="691.0"
                    HEIGHT="73.0">
            <Shape><Polygon POINTS="1039 750 1039 706 1726 721 1726 764 1724 777 1236 779 1234 779 1035 762"/></Shape>
	    <String CONTENT="«Yo me pongo mala, yo me voy de aquí."
                    HPOS="1035.0"
                    VPOS="706.0"
                    WIDTH="691.0"
                    HEIGHT="73.0"></String>
          </TextLine>

          
          
          <TextLine ID="eSc_line_ff276ec4"
                    TAGREFS="LT83"
                    BASELINE="1062 799 1624 812" 
                    HPOS="1058"
                    VPOS="766"
                    WIDTH="566"
                    HEIGHT="58">
            <Shape><Polygon POINTS="1062 799 1062 766 1529 766 1622 779 1624 812 1622 822 1186 824 1184 824 1058 808"/></Shape>
	    <String CONTENT="— Al mirar tu garbo y gentileza"
                    HPOS="1058"
                    VPOS="766"
                    WIDTH="566"
                    HEIGHT="58"></String>
          </TextLine>

          
          
          <TextLine ID="eSc_line_c503a7e3"
                    TAGREFS="LT83"
                    BASELINE="1019 855 1190 851 1666 863" 
                    HPOS="1015.0"
                    VPOS="803.0"
                    WIDTH="651.0"
                    HEIGHT="79.0">
            <Shape><Polygon POINTS="1019 855 1019 803 1056 814 1132 808 1153 806 1155 806 1664 826 1666 863 1664 872 1564 882 1562 882 1562 882 1562 882 1560 882 1529 872 1525 870 1015 868"/></Shape>
	    <String CONTENT="ya toda la sangre tengo en la cabeza."
                    HPOS="1015.0"
                    VPOS="803.0"
                    WIDTH="651.0"
                    HEIGHT="79.0"></String>
          </TextLine>

          
          
          <TextLine ID="eSc_line_f2669ff7"
                    TAGREFS="LT83"
                    BASELINE="1066 896 1728 913" 
                    HPOS="1056.0"
                    VPOS="859.0"
                    WIDTH="670.0"
                    HEIGHT="77.0">
            <Shape><Polygon POINTS="1064 894 1062 861 1374 859 1376 859 1465 870 1480 872 1492 872 1554 863 1554 863 1556 863 1556 863 1556 863 1608 874 1610 874 1612 874 1641 865 1643 865 1643 865 1643 865 1645 865 1645 865 1724 878 1726 911 1724 923 1670 936 1670 936 1670 936 1668 936 1668 936 1666 936 1666 936 1666 936 1641 923 1573 934 1573 934 1571 934 1571 934 1436 919 1314 927 1312 927 1312 927 1139 911 1077 921 1077 921 1077 921 1074 921 1074 921 1072 921 1072 921 1072 921 1070 921 1070 921 1070 919 1056 905"/></Shape>
	    <String CONTENT="— Yo soy muy dichosa siempre que"
                    HPOS="1056.0"
                    VPOS="859.0"
                    WIDTH="670.0"
                    HEIGHT="77.0"></String>
          </TextLine>

          
          
          <TextLine ID="eSc_line_13f5fc5e"
                    TAGREFS="LT83"
                    BASELINE="1010 996 1637 1006" 
                    HPOS="1006.0"
                    VPOS="948.0"
                    WIDTH="631.0"
                    HEIGHT="75.0">
            <Shape><Polygon POINTS="1010 996 1010 961 1170 963 1174 963 1192 950 1194 950 1194 950 1196 950 1196 950 1196 950 1198 950 1198 950 1201 950 1201 950 1236 963 1236 965 1347 965 1349 965 1376 948 1378 948 1378 948 1378 948 1380 948 1380 948 1382 948 1509 950 1509 950 1548 952 1548 952 1550 952 1550 952 1550 952 1552 952 1552 952 1571 969 1573 971 1635 971 1637 1006 1633 1023 1006 1014"/></Shape>
	    <String CONTENT="no me aprietes tanto que me mareo."
                    HPOS="1006.0"
                    VPOS="948.0"
                    WIDTH="631.0"
                    HEIGHT="75.0"></String>
          </TextLine>

          
          
          <TextLine ID="eSc_line_360e075b"
                    TAGREFS="LT83"
                    BASELINE="1591 965 1724 961" 
                    HPOS="1587.0"
                    VPOS="923.0"
                    WIDTH="137.0"
                    HEIGHT="73.0">
            <Shape><Polygon POINTS="1591 965 1587 954 1633 952 1639 944 1659 925 1659 923 1662 923 1664 923 1666 923 1719 932 1724 961 1724 981 1655 996 1653 996 1589 987"/></Shape>
	    <String CONTENT="qe veo"
                    HPOS="1587.0"
                    VPOS="923.0"
                    WIDTH="137.0"
                    HEIGHT="73.0"></String>
          </TextLine>

          
          
          <TextLine ID="eSc_line_0d408575"
                    TAGREFS="LT83"
                    BASELINE="1058 1048 1724 1060" 
                    HPOS="1052.0"
                    VPOS="1012.0"
                    WIDTH="669.0"
                    HEIGHT="64.0">
            <Shape><Polygon POINTS="1056 1047 1056 1012 1721 1023 1721 1058 1717 1076 1052 1056"/></Shape>
	    <String CONTENT="— Siempre te miro como eres divina"
                    HPOS="1052.0"
                    VPOS="1012.0"
                    WIDTH="669.0"
                    HEIGHT="64.0"></String>
          </TextLine>

          
          
          <TextLine ID="eSc_line_ee052fbe"
                    TAGREFS="LT83"
                    BASELINE="1009 1095 1647 1107" 
                    HPOS="1004.0"
                    VPOS="1047.0"
                    WIDTH="641.0"
                    HEIGHT="71.0">
            <Shape><Polygon POINTS="1008 1093 1008 1047 1120 1062 1294 1054 1296 1054 1296 1054 1296 1054 1298 1054 1298 1054 1331 1066 1643 1060 1645 1105 1641 1118 1004 1105"/></Shape>
	    <String CONTENT="ay! que se me pone carne de gallinal"
                    HPOS="1004.0"
                    VPOS="1047.0"
                    WIDTH="641.0"
                    HEIGHT="71.0"></String>
          </TextLine>

          
          
          <TextLine ID="eSc_line_c6ea3537"
                    TAGREFS="LT83"
                    BASELINE="1056 1144 1637 1155" 
                    HPOS="1052.0"
                    VPOS="1109.0"
                    WIDTH="585.0"
                    HEIGHT="64.0">
            <Shape><Polygon POINTS="1056 1144 1056 1109 1635 1120 1637 1155 1633 1173 1052 1155"/></Shape>
	    <String CONTENT="— No me digas eso no seas pillín"
                    HPOS="1052.0"
                    VPOS="1109.0"
                    WIDTH="585.0"
                    HEIGHT="64.0"></String>
          </TextLine>

          
          
          <TextLine ID="eSc_line_135d5c58"
                    TAGREFS="LT83"
                    BASELINE="1009 1193 1587 1204" 
                    HPOS="1004.0"
                    VPOS="1153.0"
                    WIDTH="581.0"
                    HEIGHT="60.0">
            <Shape><Polygon POINTS="1008 1192 1008 1153 1585 1169 1585 1202 1581 1213 1004 1209"/></Shape>
	    <String CONTENT="porque me resultas un calabacín,"
                    HPOS="1004.0"
                    VPOS="1153.0"
                    WIDTH="581.0"
                    HEIGHT="60.0"></String>
          </TextLine>

          
          
          <TextLine ID="eSc_line_b44377d5"
                    TAGREFS="LT83"
                    BASELINE="1002 1243 1672 1256" 
                    HPOS="994.0"
                    VPOS="1196.0"
                    WIDTH="676.0"
                    HEIGHT="75.0">
            <Shape><Polygon POINTS="1000 1242 998 1211 1077 1196 1077 1196 1079 1196 1079 1196 1079 1196 1081 1196 1081 1196 1081 1196 1108 1209 1112 1213 1182 1213 1184 1209 1196 1198 1196 1198 1196 1198 1198 1198 1198 1198 1201 1198 1201 1198 1201 1198 1203 1198 1203 1198 1283 1209 1331 1215 1347 1209 1364 1202 1364 1202 1366 1202 1366 1202 1368 1202 1368 1202 1368 1202 1401 1209 1444 1217 1668 1209 1670 1254 1666 1271 1110 1256 1105 1256 1025 1264 1025 1264 1023 1264 1023 1264 1023 1264 1021 1264 1021 1264 994 1252"/></Shape>
	    <String CONTENT="Ca ra cua cua-cua, caera-cua-cua-cua."
                    HPOS="994.0"
                    VPOS="1196.0"
                    WIDTH="676.0"
                    HEIGHT="75.0"></String>
          </TextLine>

          
          
          <TextLine ID="eSc_line_a32954c7"
                    TAGREFS="LT83"
                    BASELINE="1049 1291 1587 1306" 
                    HPOS="1043"
                    VPOS="1256"
                    WIDTH="542"
                    HEIGHT="64">
            <Shape><Polygon POINTS="1048 1289 1048 1256 1583 1271 1585 1304 1581 1320 1043 1297"/></Shape>
	    <String CONTENT="« Mueve mueve el cuerpecito,"
                    HPOS="1043"
                    VPOS="1256"
                    WIDTH="542"
                    HEIGHT="64"></String>
          </TextLine>

          
          
          <TextLine ID="eSc_line_b1016093"
                    TAGREFS="LT83"
                    BASELINE="1002 1339 1484 1347" 
                    HPOS="996.0"
                    VPOS="1295.0"
                    WIDTH="486.0"
                    HEIGHT="73.0">
            <Shape><Polygon POINTS="1000 1337 1000 1295 1482 1312 1482 1345 1478 1368 996 1353"/></Shape>
	    <String CONTENT="porque me haces muy feliz,"
                    HPOS="996.0"
                    VPOS="1295.0"
                    WIDTH="486.0"
                    HEIGHT="73.0"></String>
          </TextLine>

          
          
          <TextLine ID="eSc_line_1ab24ac6"
                    TAGREFS="LT83"
                    BASELINE="1004 1390 1662 1403" 
                    HPOS="1000.0"
                    VPOS="1353.0"
                    WIDTH="662.0"
                    HEIGHT="62.0">
            <Shape><Polygon POINTS="1004 1390 1004 1353 1659 1366 1662 1403 1657 1415 1000 1399"/></Shape>
	    <String CONTENT="Ca-ra-cua-cua-cua, ca ra-cua-cua-cua."
                    HPOS="1000.0"
                    VPOS="1353.0"
                    WIDTH="662.0"
                    HEIGHT="62.0"></String>
          </TextLine>

          
          
          <TextLine ID="eSc_line_d755640a"
                    TAGREFS="LT83"
                    BASELINE="1054 1440 1717 1452" 
                    HPOS="1050.0"
                    VPOS="1403.0"
                    WIDTH="667.0"
                    HEIGHT="62.0">
            <Shape><Polygon POINTS="1054 1440 1054 1403 1717 1415 1717 1452 1713 1465 1050 1448"/></Shape>
	    <String CONTENT="—Déjame mi Teodorico que esto va"
                    HPOS="1050.0"
                    VPOS="1403.0"
                    WIDTH="667.0"
                    HEIGHT="62.0"></String>
          </TextLine>

          
          
          <TextLine ID="eSc_line_0bcacdf8"
                    TAGREFS="LT83"
                    BASELINE="1006 1539 1664 1550" 
                    HPOS="1002.0"
                    VPOS="1483.0"
                    WIDTH="662.0"
                    HEIGHT="83.0">
            <Shape><Polygon POINTS="1006 1539 1006 1483 1097 1500 1157 1490 1157 1490 1157 1490 1157 1490 1159 1490 1159 1490 1159 1490 1159 1490 1215 1502 1248 1492 1265 1488 1267 1488 1267 1488 1267 1488 1269 1488 1269 1488 1310 1496 1349 1502 1368 1498 1397 1490 1399 1490 1399 1490 1401 1490 1401 1490 1401 1490 1403 1490 1403 1490 1403 1490 1405 1490 1418 1500 1428 1506 1664 1510 1664 1550 1659 1566 1002 1547"/></Shape>
	    <String CONTENT="Ca ra cua cua cua, ca ra cua cua cua."
                    HPOS="1002.0"
                    VPOS="1483.0"
                    WIDTH="662.0"
                    HEIGHT="83.0"></String>
          </TextLine>

          
          
          <TextLine ID="eSc_line_a6672a1c"
                    TAGREFS="LT83"
                    BASELINE="1434 1500 1713 1500" 
                    HPOS="1434.0"
                    VPOS="1454.0"
                    WIDTH="279.0"
                    HEIGHT="65.0">
            <Shape><Polygon POINTS="1434 1500 1434 1454 1713 1465 1713 1500 1713 1519 1434 1519"/></Shape>
	    <String CONTENT="(á ser un desliz."
                    HPOS="1434.0"
                    VPOS="1454.0"
                    WIDTH="279.0"
                    HEIGHT="65.0"></String>
          </TextLine>

          
          
          <TextLine ID="eSc_line_9ebbffe3"
                    TAGREFS="LT83"
                    BASELINE="1051 1585 1715 1601" 
                    HPOS="1046"
                    VPOS="1550"
                    WIDTH="667"
                    HEIGHT="59">
            <Shape><Polygon POINTS="1050 1583 1050 1550 1711 1566 1713 1599 1709 1609 1046 1593"/></Shape>
	    <String CONTENT="e Déjame mi Teodorico que esto va"
                    HPOS="1046"
                    VPOS="1550"
                    WIDTH="667"
                    HEIGHT="59"></String>
          </TextLine>

          
          
          <TextLine ID="eSc_line_61644cb0"
                    TAGREFS="LT83"
                    BASELINE="1056 1684 1717 1698" 
                    HPOS="1052.0"
                    VPOS="1634.0"
                    WIDTH="669.0"
                    HEIGHT="81.0">
            <Shape><Polygon POINTS="1056 1684 1054 1645 1120 1634 1120 1634 1122 1634 1122 1634 1246 1649 1256 1649 1265 1649 1343 1638 1343 1638 1345 1638 1345 1638 1457 1653 1459 1653 1459 1653 1492 1643 1494 1643 1494 1643 1494 1643 1496 1643 1496 1643 1575 1655 1699 1647 1701 1647 1701 1647 1701 1647 1703 1647 1703 1647 1705 1647 1705 1647 1721 1659 1717 1698 1715 1709 1438 1715 1436 1715 1436 1715 1434 1715 1434 1715 1434 1715 1432 1715 1432 1715 1432 1713 1430 1713 1424 1705 1261 1711 1258 1711 1052 1694"/></Shape>
	    <String CONTENT="— Muéveme, muéveme el cuerpecito"
                    HPOS="1052.0"
                    VPOS="1634.0"
                    WIDTH="669.0"
                    HEIGHT="81.0"></String>
          </TextLine>

          
          
          <TextLine ID="eSc_line_003f45f9"
                    TAGREFS="LT83"
                    BASELINE="1434 1645 1713 1649" 
                    HPOS="1430.0"
                    VPOS="1599.0"
                    WIDTH="283.0"
                    HEIGHT="60.0">
            <Shape><Polygon POINTS="1434 1645 1434 1599 1711 1609 1713 1649 1709 1659 1430 1655"/></Shape>
	    <String CONTENT="(á ser un desliz."
                    HPOS="1430.0"
                    VPOS="1599.0"
                    WIDTH="283.0"
                    HEIGHT="60.0"></String>
          </TextLine>

          
          
          <TextLine ID="eSc_line_74db54d2"
                    TAGREFS="LT83"
                    BASELINE="1010 1742 1484 1742" 
                    HPOS="1008.0"
                    VPOS="1700.0"
                    WIDTH="476.0"
                    HEIGHT="62.0">
            <Shape><Polygon POINTS="1010 1742 1010 1700 1484 1705 1484 1742 1482 1762 1008 1760"/></Shape>
	    <String CONTENT="porque me haces muy feliz."
                    HPOS="1008.0"
                    VPOS="1700.0"
                    WIDTH="476.0"
                    HEIGHT="62.0"></String>
          </TextLine>

          
          
          <TextLine ID="eSc_line_882865aa"
                    TAGREFS="LT83"
                    BASELINE="1058 1781 1715 1798" 
                    HPOS="1058.0"
                    VPOS="1742.0"
                    WIDTH="657.0"
                    HEIGHT="76.0">
            <Shape><Polygon POINTS="1058 1781 1058 1742 1715 1758 1715 1798 1713 1806 1560 1818 1558 1818 1558 1818 1558 1818 1556 1818 1556 1818 1556 1818 1554 1818 1554 1818 1554 1816 1552 1816 1546 1808 1542 1804 1467 1808 1401 1812 1399 1812 1399 1812 1399 1812 1397 1812 1397 1812 1395 1812 1391 1808 1380 1804 1374 1808 1368 1814 1368 1816 1368 1816 1366 1816 1366 1816 1366 1816 1364 1816 1364 1816 1364 1816 1362 1816 1362 1816 1360 1816 1360 1816 1339 1810 1325 1804 1279 1810 1223 1816 1223 1816 1221 1816 1221 1816 1221 1816 1219 1816 1219 1816 1203 1810 1184 1802 1130 1810 1126 1810 1126 1810 1124 1810 1124 1810 1124 1810 1122 1810 1122 1810 1091 1800 1058 1810"/></Shape>
	    <String CONTENT="— Ay! — ¿Qué te pasa? — Que mi"
                    HPOS="1058.0"
                    VPOS="1742.0"
                    WIDTH="657.0"
                    HEIGHT="76.0"></String>
          </TextLine>

          
          
          <TextLine ID="eSc_line_044d1316"
                    TAGREFS="LT83"
                    BASELINE="1397 1843 1713 1849" 
                    HPOS="1391.0"
                    VPOS="1791.0"
                    WIDTH="322.0"
                    HEIGHT="91.0">
            <Shape><Polygon POINTS="1397 1843 1397 1791 1711 1808 1713 1849 1711 1864 1610 1882 1610 1882 1608 1882 1608 1882 1608 1882 1606 1882 1606 1882 1562 1866 1459 1866 1424 1878 1424 1878 1422 1878 1422 1878 1420 1878 1420 1878 1420 1878 1418 1878 1418 1878 1418 1878 1391 1864"/></Shape>
	    <String CONTENT="(padre va á venir."
                    HPOS="1391.0"
                    VPOS="1791.0"
                    WIDTH="322.0"
                    HEIGHT="91.0"></String>
          </TextLine>

          
        </TextBlock>
        
        <TextBlock HPOS="231.0"
                   VPOS="537.0"
                   WIDTH="753.0"
                   HEIGHT="1402.0"
                   ID="eSc_textblock_760c6232"
                   TAGREFS="BT227">
          <Shape><Polygon POINTS="256 1932 231 1628 264 1419 248 1306 262 1278 304 1278 304 1215 243 1215 239 1213 248 578 314 537 984 542 984 828 813 828 813 955 965 955 965 964 984 964 984 1411 982 1411 982 1526 832 1526 832 1736 889 1736 889 1831 919 1831 919 1939"/></Shape>
          
        </TextBlock>
        

        
      </PrintSpace>
    </Page>
  </Layout>
</alto>
