2148 3034
566.0 273.0 511.0 91.0 si 'l hombra que sap xiulá

566.0 328.0 473.0 68.0 no li fan miedu las balas.

457.0 351.0 734.0 111.0 Toribio. Tú, en guerra serás muy listo

561.0 414.0 385.0 76.0 mi querido patriota.

450.0 452.0 764.0 96.0 Bertrán. Prou; no ves que esta gentota

559.0 505.0 498.0 76.0 no donan sosiego á Cristo.

450.0 543.0 708.0 81.0 Toribio. Que; ¿te empaitaron tal vez?

445.0 589.0 739.0 106.0 Bertrán. Ya lu creyu. Ahí al mitg dia,

551.0 637.0 428.0 78.0 de la meva companyia

551.0 685.0 423.0 73.0 ne van pelar vintitrés.

447.0 707.0 752.0 102.0 Tortìbio. Rediós, pues esto ya es mucho.

440.0 763.0 609.0 94.0 Bertrán. Pero no hallis estrany

543.0 821.0 519.0 81.0 per que yó ni cap company,

541.0 869.0 516.0 79.0 no portavam cap cartucho.

440.0 897.0 549.0 89.0 Toribio. Esto no será verdad

435.0 958.0 665.0 83.0 Bertrán. Si hombra, ya tu dich yó:

538.0 1003.0 506.0 89.0 mitjhora áns, en una acció

538.0 1041.0 355.0 68.0 los havlam acabat.

430.0 1074.0 458.0 78.0 Toribio. ¿Y quién ganó?

430.0 1130.0 452.0 76.0 Bertrán. Naltrus homa:

531.0 1163.0 632.0 96.0 Com que 'l nuestro Comandante

531.0 1226.0 529.0 71.0 sempre cridava: Adelante...

531.0 1259.0 561.0 91.0 hó, y que no anava de broma.

531.0 1314.0 511.0 68.0 Vam entrá en barreija tots

526.0 1352.0 503.0 81.0 deixanlos tan imperfectus,

523.0 1395.0 549.0 96.0 que allo noy: los insurrectus

521.0 1453.0 473.0 61.0 queyan con ha sabatots.

526.0 1494.0 539.0 83.0 ¡No 'n vam fe poca de feina!

518.0 1539.0 491.0 74.0 a quet vull a quet no vull

518.0 1582.0 519.0 66.0 Ab, un, li van treura un ull

518.0 1623.0 557.0 91.0 am bun golpa de espardenya.

409.0 1661.0 613.0 93.0 Toribio. ¿Y matastes muchos tú?

409.0 1701.0 716.0 99.0 Bertrán. Mas de viente : !¡Retinyeta!!

518.0 1762.0 516.0 81.0 De enrestats de bayuneta...

516.0 1805.0 473.0 81.0 no hu sap ni yo ni ningú.

407.0 1838.0 637.0 93.0 Toribio, Chiquio, me dejas parau.

399.0 1903.0 681.0 76.0 Bertrán. Ya va se ana acció bunica.

511.0 1941.0 521.0 79.0 Ya 't dich que sense musica

511.0 1979.0 508.0 96.0 vam arreglá un bon sarau,

399.0 2020.0 489.0 93.0 Toribio ¿Que es un saráu?

397.0 2078.0 427.0 66.0 Bertrán. Una gresca;

503.0 2111.0 521.0 96.0 un ball que tot se alborota.

397.0 2159.0 561.0 86.0 Toribio. Pus bailaríais la jota.

397.0 2204.0 617.0 79.0 Bertrán. La jota á la marinesca.

511.0 2245.0 619.0 101.0 Y tu, ¿que has fed? ¿que has hechu?

392.0 2285.0 389.0 101.0 Toribio. Mas que tu.

1222.0 283.0 503.0 96.0 Bertrán. Me has rebentat

1325.0 338.0 567.0 89.0 Si cuan deus entrá en combat

1302.0 394.0 653.0 83.0 deu semblá un tronch de campechu

1229.0 434.0 726.0 99.0 Toribio. Pus escucha. En una acción

1315.0 487.0 443.0 69.0 á los rebeldes cubanos

1313.0 530.0 470.0 69.0 yo solo, con estas manos

1315.0 573.0 504.0 74.0 las quité un grueso cañon,

1214.0 606.0 620.0 96.0 Bertran ¿Un cañon? ¿De qué era;

1315.0 664.0 536.0 89.0 Apreta embusteru.... pitja...

1313.0 710.0 425.0 71.0 Devia ser de fer mitja

1310.0 748.0 549.0 88.0 ho be 'l canó de una aigüera.

1204.0 791.0 597.0 83.0 Toribio, Un cañon de artilllería

1305.0 841.0 529.0 76.0 que les llamán de montaña;

1305.0 882.0 549.0 93.0 tan cierto como esto es caña.

1591.0 938.0 344.0 83.0 (senyalan lo got)

1196.0 950.0 643.0 101.0 Bertran Me 'ls darás un alte dia.

1194.0 1008.0 652.0 99.0 Toribio Cuidao que lo que yo digo

1302.0 1066.0 420.0 66.0 bien te lo puedo jurar

1194.0 1099.0 657.0 101.0 Bertran Fuig home; otra fevna ya,

1300.0 1160.0 503.0 71.0 y escúchame como amigo.

1295.0 1203.0 529.0 83.0 Mols creuen que aquet istiu

1295.0 1248.0 430.0 66.0 tot aixó estará acabát;

1295.0 1291.0 453.0 81.0 encara no 'm comensat,

1292.0 1340.0 400.0 70.0 y te conta qui tu diu.

1297.0 1370.0 587.0 104.0 Veurás com y aurá una guerra

1292.0 1420.0 448.0 81.0 de fets mol desesperats

1287.0 1468.0 478.0 84.0 que ratas, gossus, ni gats

1287.0 1527.0 458.0 60.0 podrán aná per la terra.

1295.0 1562.0 468.0 71.0 Y á la mar será 'l mateix

1287.0 1602.0 549.0 84.0 segons lo que á mi me an dit,

1287.0 1651.0 602.0 96.0 que ni ha dins al aigua escondit

1285.0 1701.0 458.0 81.0 no estará segú cap peix.

1168.0 1729.0 473.0 93.0 Toribio. Me dejas paráu

1505.0 1769.0 402.0 96.0 (Se sen toca llamada)

1173.0 1782.0 658.0 111.0 Bertrán. Hoye, veyas si te agrada.

1277.0 1860.0 544.0 66.0 ¿no sens com tocan llamada

1173.0 1934.0 661.0 91.0 Toribio. Adios pues hásta otro dia

1285.0 1903.0 521.0 69.0 pera fé un altre sarau ?

1275.0 1997.0 523.0 68.0 que mejor tiempo veremos:

1275.0 2035.0 544.0 73.0 puede que nos encontremos

1275.0 2078.0 496.0 71.0 con mucha más alegría.

1282.0 2121.0 489.0 68.0 Me voy.

1158.0 2156.0 638.0 81.0 Bertran. Fento per ben cért

1265.0 2209.0 632.0 79.0 que aixó no es de 'l meu capricho

1275.0 2260.0 569.0 68.0 pues, nusaltrus tenim un dichu

1265.0 2300.0 521.0 81.0 que diu Viuir para ver.

1057 2356 78 58 FI

1399.0 2348.0 450.0 81.0 Es propietat de Joan Grau.

414 2379 1531 116 REUS. En la llibrería de Joan Grau, carrer del metje Fortuny, 5, se venen co-

374.0 2434.0 1553.0 142.0 medias, zarzuelas, sainetes, llibrets, romansos, cartas, jochs de quinto y dóminos.
