1753 2480
219.0 12.0 399.0 76.0 Una noya vaig trobá

169.0 72.0 422.0 52.0 que buscava caragols

167.0 109.0 362.0 66.0 á vora d'una riera,

169.0 161.0 519.0 58.0 y'ns trovabam tots dos sols.

165.0 200.0 434.0 62.0 Ella estaba disgustada

171.0 258.0 426.0 56.0 perque no trovaba res;

163.0 299.0 517.0 60.0 li vaig ensenyá una brossa

167.0 338.0 455.0 73.0 que hi havía dos bovés.

119 390 404 46 —Y que eran ben grossos.

212.0 436.0 422.0 88.0 Lo Pau y la Doloretas

169.0 504.0 366.0 64.0 la grua feyan volá

171.0 543.0 500.0 72.0 y á las rametas dun arbre

165.0 593.0 467.0 60.0 la qua se ls va enganzá.

165.0 638.0 451.0 64.0 Ell lo tunante estirava,

165.0 684.0 436.0 66.0 jo no sé per quin estil;

171.0 725.0 525.0 68.0 y es clá, ab tantas estiradas

163.0 779.0 428.0 53.0 al fi li va rompre'l fil.

119 826 666 48 Y aixó que l u de la grua era molt fort.

223.0 884.0 641.0 85.0 Va veure un burro ab cinch potas.

171.0 944.0 484.0 60.0 un pagés, y l va comprá;

173.0 994.0 474.0 62.0 y quan va se á casa seva

165.0 1039.0 448.0 54.0 sols quatre ni va trobá.

169.0 1072.0 461.0 68.0 Lo piteu va disgustarse,

177.0 1124.0 393.0 58.0 y un gitano li va di:

169.0 1163.0 535.0 64.0 Quan ell veurá una sumera,

175.0 1217.0 455.0 51.0 cinch ne tornará á tení.

117 1252 548 52 ¡Vaya un fenómeno més estrany!

217.0 1324.0 456.0 73.0 Un casat de Cornudella

171.0 1380.0 376.0 64.0 á Barcelona va aná,

179.0 1432.0 482.0 53.0 y al torín á veure 'ls toros

173.0 1473.0 416.0 58.0 un amich lo va portá.

179.0 1516.0 494.0 65.0 Y al veure aquella corrida

175.0 1562.0 461.0 66.0 desde un asiento de Sol

179.0 1614.0 521.0 53.0 va di: Vaja, que las banyas

177.0 1659.0 544.0 64.0 os dich que m'agradan molt.

121 1700 428 46 —Oh! y era casat de poch...

225.0 1764.0 434.0 71.0 Jo conech una modista

175.0 1824.0 449.0 56.0 que va vindre de París,

177.0 1868.0 548.0 62.0 y'm va dir: que aquell viatje

175.0 1905.0 436.0 62.0 li va semblá molt felís.

175.0 1948.0 428.0 62.0 No va quedá satisfeta,

177.0 2002.0 482.0 58.0 segons ella m va esplicá,

183.0 2046.0 583.0 62.0 va di que'n va quedá ab ganas

186.0 2095.0 417.0 58.0 y encara hi vol torná.

117 2132 515 60 —Ja de se un poble ben bonich.

1025.0 18.0 405.0 66.0 A casa de certa noya

977.0 66.0 465.0 64.0 ningú hi entraba per ré,

971.0 130.0 521.0 47.0 tan sols cada mes hi anava

971.0 152.0 480.0 67.0 l'amo á cobrarli'l llogué.

975.0 200.0 517.0 64.0 Y com que ella no pagava,

973.0 252.0 461.0 62.0 lamo tant se va enfadá,

971.0 291.0 610.0 72.0 que al cap de nou mesos justos

977.0 336.0 348.0 60.0 la va fe desocupá.

926 386 541 54 —Au, trastes al carré si no pagan.

1017.0 448.0 434.0 74.0 Una noya en un brasé

969.0 508.0 447.0 62.0 s'escalfaba el devantal,

969.0 555.0 453.0 52.0 si'l seu xicot no l'avisa

971.0 586.0 550.0 69.0 es crema el quarto principal.

971.0 634.0 645.0 81.0 No us penseu que fossin bromas,

975.0 692.0 494.0 58.0 perque li va aná de prim;

975.0 737.0 538.0 60.0 pues de oló de pel de porch

977.0 781.0 335.0 51.0 se setía socarrím.

917 824 515 48 —Devia teni'l quarto plé de clin.

1019.0 890.0 527.0 71.0 A una dona molt prenyada

971.0 942.0 430.0 62.0 li va dir un estudiant:

975.0 996.0 459.0 51.0 Aquet vestit que porteu

977.0 1039.0 494.0 56.0 os es molt curt del deván.

979.0 1076.0 494.0 62.0 Ella's va torná molt roija,

983.0 1124.0 478.0 54.0 pero al moment contestá:

977.0 1165.0 501.0 62.0 No fou per falta de roba...

973.0 1215.0 478.0 53.0 tota la pessa hi va entrá;

919 1260 577 46 —Devia se una pessa de pocas canas.

1012.0 1306.0 492.0 95.0 Un guino á la pescateria

975.0 1380.0 542.0 66.0 ne posava um pam de greix

975.0 1428.0 389.0 64.0 quan ocasió li venía

975.0 1475.0 511.0 56.0 de pogué robá algún peix.

977.0 1516.0 445.0 62.0 Un dia de mala estrella

977.0 1558.0 457.0 60.0 ba robarne una sardina,

979.0 1605.0 465.0 69.0 y al veureu la pescatera

979.0 1657.0 517.0 60.0 va darli una gran tunyina.

921 1700 451 46 Tot es peix si no son cops.

1023.0 1756.0 457.0 75.0 Un pobre robava llenya

975.0 1818.0 372.0 66.0 pera coures lo diná

973.0 1862.0 430.0 66.0 y va tení la desgracia

979.0 1913.0 437.0 56.0 que'l amo li va atrapá.

986.0 1950.0 417.0 65.0 Lesbirro... propietari

979.0 2000.0 486.0 62.0 quan va veure la jugada,

975.0 2043.0 430.0 60.0 sena tenirli compassió

977.0 2064.0 546.0 89.0 li va dar una gran llenyada.

928 2136 477 46 —Llenya ray pel seu damunt.
