2148 3034
961.0 270.0 159.0 126.0 — 3 —

366.0 313.0 511.0 121.0 de condiciones malignas,

366.0 407.0 527.0 68.0 que sólo del mal disfrutan

364.0 452.0 488.0 63.0 y hallan en ello alegría.

361.0 490.0 537.0 78.0 Antonia fué quien al verle

364.0 538.0 486.0 66.0 demostró mayor codicia

364.0 578.0 501.0 74.0 por atraer de aquel majo

361.0 621.0 504.0 79.0 las preferencias lascivas.

359.0 675.0 394.0 58.0 Altaneros ella y él,

359.0 715.0 420.0 73.0 no tardo la simpatía

359.0 748.0 620.0 88.0 en unirlos, que hay corrientes

359.0 806.0 539.0 71.0 misteriosas que aproximan

359.0 849.0 486.0 61.0 á los seres más dañados

359.0 892.0 556.0 76.0 y á las almas más torcidas.

361.0 932.0 486.0 84.0 Ella desplegó gran lujo

356.0 980.0 453.0 71.0 de torpes coqueterías;

356.0 1018.0 569.0 81.0 él la encontró de su agrado;

354.0 1069.0 561.0 83.0 y en breve dueña y pupilas

1052.0 343.0 483.0 107.0 celebraron tal consorcio

1049.0 424.0 453.0 71.0 con vinos y golosínas,

1052.0 467.0 458.0 66.0 entregándose sin freno

1049.0 505.0 512.0 84.0 á la más tremenda orgía.

1095.0 566.0 478.0 104.0 Iba á terminar la noche

1052.0 642.0 435.0 70.0 cuando puso la fatiga

1047.0 687.0 503.0 66.0 término á la francachela

1047.0 723.0 511.0 81.0 El sueño á todos domina,

1044.0 778.0 565.0 71.0 y ebrios, cansados y roncos

1044.0 821.0 509.0 76.0 de cantar, todos desfilan.

1044.0 864.0 441.0 71.0 El Señorilo y Antonia

1039.0 922.0 400.0 51.0 á su amorosa porfía

1039.0 950.0 656.0 86.0 se entregan, y luego al sueño:

1039.0 996.0 479.0 70.0 la casa queda tranquila

1042.0 1044.0 470.0 68.0 y el vicio ufano reposa

1042.0 1077.0 544.0 98.0 cuando va á romper el día.

753.0 1178.0 522.0 129.0 PARTE SEGUNDA

349.0 1281.0 1338.0 124.0 En la que se da cuenta de las relaciones amorosas de Antonia y de Pepe

543.0 1352.0 972.0 122.0 (el Señorito), con lo demás que verá el curioso lector.

389.0 1433.0 536.0 104.0 Entre la gente del bronce

346.0 1504.0 544.0 73.0 coméntase aquel concierto

349.0 1552.0 432.0 61.0 entre Pepe el Señorito

346.0 1592.0 481.0 74.0 y Antonia, raro suceso,

349.0 1628.0 652.0 93.0 pues ni ella ni él de constancia

349.0 1683.0 541.0 71.0 ejemplo alguno ofrecieron,

344.0 1719.0 604.0 88.0 hasta que, según se ha visto,

344.0 1769.0 528.0 81.0 ella y él de amor al fuego

341.0 1815.0 440.0 71.0 abrasados, tal enlace

341.0 1855.0 453.0 71.0 criminoso contrajeron.

344.0 1896.0 432.0 71.0 El vicio más refinado

344.0 1944.0 642.0 106.0 (que ella era en esto un portento)

341.0 1984.0 440.0 81.0 enloqueció al Señorito

344.0 2035.0 407.0 63.0 y mantúvolo sujeto;

341.0 2068.0 534.0 83.0 los regalos y derroches—

339.0 2118.0 549.0 81.0 de que Pepe era maestro—

339.0 2169.0 498.0 71.0 cautivaron á su amante,

339.0 2207.0 561.0 81.0 la cual llegó hasta extremo

339.0 2257.0 455.0 61.0 de sentirse enamorada

336.0 2293.0 544.0 83.0 hasta no más de su dueño.

346.0 2338.0 433.0 74.0 Y así deslizóse rápido

336.0 2386.0 498.0 111.0 entre placeres el tiempo,

1037.0 1443.0 513.0 106.0 viviendo en uno y el otro

1032.0 1519.0 569.0 78.0 con sus amores muy ciegos.

1032.0 1559.0 483.0 69.0 Convites, joyas y trajes

1032.0 1605.0 645.0 86.0 daba Pepe, siempre espléndido,

1022.0 1658.0 582.0 76.0 á su Antonia, mientras ella,

1034.0 1696.0 509.0 76.0 presa de amor verdadero,

1029.0 1744.0 408.0 68.0 le regalaba caricias

1034.0 1787.0 509.0 71.0 y mil amantes obsequios.

1032.0 1822.0 516.0 79.0 Mas bajo de la apariencia

1029.0 1876.0 489.0 70.0 tranquila, latía el fuego

1029.0 1913.0 524.0 74.0 que en breve habia de ser

1029.0 1964.0 521.0 68.0 origen de un mal funesto.

1029.0 2002.0 486.0 73.0 Para él aquellos amores

1027.0 2053.0 501.0 60.0 eran sólo un pasatiempo

1027.0 2095.0 458.0 69.0 que nada más vivirian

1027.0 2136.0 541.0 78.0 hasta que naciera el tedio,

1027.0 2184.0 513.0 73.0 en tanto que eran en ella

1024.0 2222.0 440.0 76.0 poderoso sentimiento

1024.0 2272.0 430.0 64.0 que la tenía sin vida,

1024.0 2315.0 521.0 69.0 sin paz, calma ni sosiego.

1024.0 2361.0 486.0 73.0 A medida que él notaba

1024.0 2406.0 468.0 129.0 crecer el aburrimiento,
