1753 2480
113.0 134.0 589.0 52.0 busca en cama la Liebre

115.0 175.0 552.0 70.0 y en el arroyo el Cabrito:

105.0 223.0 513.0 72.0 asi á mi valor hercico

103.0 272.0 519.0 66.0 se confesaban rendidos

105.0 330.0 508.0 66.0 quantos fieros animales,

111.0 369.0 624.0 79.0 huespedes de aquestos riscos,

109.0 425.0 533.0 71.0 bordan al Heno la falda,

111.0 471.0 536.0 76.0 peinan al Libano el rizo,

111.0 527.0 562.0 66.0 lamen al Jordan la yerva,

119.0 574.0 573.0 81.0 y el jugo chupan al Nilo.

117.0 630.0 604.0 62.0 Tal era, Señor, mi fuerza,

113.0 686.0 571.0 62.0 que sobre el suelo tendido

113.0 729.0 558.0 72.0 veinte hombres levantaba

111.0 783.0 583.0 66.0 en mis hombros sostenidos.

115.0 832.0 594.0 77.0 Con la barra de mas peso,

117.0 884.0 563.0 72.0 quando tiraba en el circo,

119.0 942.0 606.0 70.0 de doscientos pies pasaba

119.0 994.0 513.0 62.0 el mas mesurado tiro.

124.0 1041.0 671.0 62.0 Teniendome entrambos brazos

119.0 1089.0 509.0 66.0 de mil sogas oprimidos,

119.0 1136.0 561.0 70.0 solo con mover los codos,

121.0 1194.0 513.0 68.0 y recoger en mi mismo

117.0 1244.0 494.0 62.0 el aliento por un rato,

121.0 1285.0 602.0 76.0 para obrar con mas ahinco,

119.0 1337.0 548.0 76.0 á un envion quebrantaba

130.0 1392.0 541.0 75.0 los cañamos retorcidos.

121.0 1442.0 701.0 74.0 Mataba un hombre de un golpe,

121.0 1494.0 670.0 72.0 saltaba el Tigris de un brinco.

121.0 1552.0 619.0 60.0 Corría mas que un caballo,

119.0 1597.0 492.0 74.0 derribaba un edificio

119.0 1643.0 618.0 74.0 con solo arrimarme á él;

128.0 1705.0 465.0 64.0 detenia de un Navio

121.0 1740.0 645.0 86.0 el curso, tronchaba el hierro

121.0 1804.0 561.0 60.0 como si fuera de vidrio,

134.0 1843.0 552.0 89.0 y alzaba con una mano

126.0 1901.0 545.0 76.0 quatro cahices de trigo,

128.0 1955.0 556.0 76.0 y luego sobre las palmas

126.0 2006.0 595.0 71.0 los granos cebando limpios,

132.0 2058.0 552.0 72.0 y estregándolos con ellas,

130.0 2103.0 626.0 77.0 les que eran fuertes macizos,

124.0 2163.0 541.0 64.0 harina quedaban hechos,

124.0 2209.0 504.0 72.0 siendo por este camino

126.0 2256.0 620.0 79.0 tal vez, que falto á la presa

126.0 2310.0 456.0 101.0 el agua por el Estio,

847.0 124.0 465.0 66.0 si no racional tahona

849.0 165.0 418.0 70.0 organizado moliso.

855.0 214.0 623.0 83.0 Viendo, pues, que rigoroso,

849.0 274.0 428.0 67.0 usando del Señorio,

847.0 314.0 624.0 74.0 que permite Dios que tengas,

849.0 374.0 581.0 68.0 quiza por nuestros delitos,

849.0 417.0 666.0 76.0 nos tratabas como á Esclavos,

855.0 469.0 478.0 72.0 y sobre los admitidos

853.0 529.0 521.0 60.0 tributos, otros echabas

853.0 568.0 589.0 70.0 con mil pretestos indignos,

857.0 622.0 670.0 78.0 que la opresion llama agravios,

862.0 669.0 483.0 77.0 y la política arbitrios,

857.0 725.0 581.0 70.0 tomé contra ti las armas,

862.0 779.0 607.0 68.0 y entré en la Siria atrevido,

857.0 826.0 678.0 77.0 donde en menos de veinte años

862.0 878.0 595.0 66.0 que fui del Pueblo caudillo,

859.0 927.0 672.0 73.0 sabe el mundo, y tu lo sabes.

862.0 981.0 653.0 73.0 pues con tus ojos lo has visto,

866.0 1039.0 667.0 64.0 que abrasé quantos sembrados,

868.0 1085.0 579.0 57.0 viñas, barbechos y olivos

864.0 1132.0 500.0 62.0 encontré con un ardid

864.0 1173.0 539.0 73.0 ingenioso y de capricho,

864.0 1231.0 618.0 71.0 que por comun no lo cuento

870.0 1281.0 469.0 70.0 y lo callo por sabido.

868.0 1324.0 639.0 81.0 Que rendí doscientos pueblos,

866.0 1382.0 547.0 68.0 que batí treinta castillos,

864.0 1434.0 589.0 66.0 que vencí ochenta batallas,

866.0 1488.0 593.0 66.0 que libré diez mil cautivos,

872.0 1537.0 587.0 68.0 y que maté por mis manos,

868.0 1581.0 566.0 68.0 del Cielo siempre asistido,

868.0 1632.0 591.0 75.0 treinta y dos mil Filisteos,

870.0 1686.0 488.0 66.0 Apolonios y Fenicios.

868.0 1736.0 626.0 66.0 que hecha la cuenta de todo

866.0 1789.0 616.0 62.0 por los años que he vivido,

864.0 1835.0 481.0 72.0 viene á salir cada dia

874.0 1886.0 645.0 67.0 por quatro muertes ó cinco.

864.0 1936.0 543.0 68.0 Cansastete de la guerra,

868.0 1994.0 541.0 66.0 é hicistes paces conmigo

866.0 2035.0 552.0 73.0 hasta traerme á tu Corte

870.0 2095.0 515.0 66.0 con fiestas y regocijos,

874.0 2145.0 597.0 68.0 donde viendo la hermosura,

864.0 2186.0 609.0 74.0 la virtud, la gala, el brio

864.0 2244.0 467.0 72.0 de Dalila, sin saber,

866.0 2289.0 696.0 91.0 que eres tu su amante antiguo,
