1753 2480
1444.0 99.0 58.0 56.0 3

179.0 115.0 381.0 54.0 que señalaban la lid

179.0 159.0 476.0 62.0 donde ahora es el Liceo.

181.0 206.0 470.0 60.0 El Conde le dijo al Mir:

179.0 248.0 565.0 64.0 Los dos solos cuerpo á cuerpo

179.0 289.0 503.0 64.0 hemos de medir las armas,

177.0 334.0 379.0 62.0 retira tus caballeros,

179.0 378.0 527.0 72.0 que yo ya ves que los mios

179.0 423.0 445.0 62.0 bien retirados los tengo.

177.0 475.0 432.0 60.0 El moro dijo orgulloso,

175.0 510.0 548.0 72.0 á muerte ha de ser el duelo;

177.0 555.0 453.0 62.0 y tomando las distancias,

175.0 605.0 478.0 54.0 con valor se arremetieron.

179.0 646.0 418.0 64.0 Ya sus aceros blandian

173.0 688.0 515.0 68.0 con tal maestría y denuedo,

171.0 733.0 405.0 58.0 que era la admiracion

173.0 779.0 556.0 62.0 de los que lo estaban viendo.

171.0 820.0 513.0 72.0 Mas luego se arrojó el Conde

171.0 874.0 393.0 56.0 é hizo saltar el acero

169.0 911.0 571.0 70.0 de la mano , y quedó el moro

169.0 956.0 418.0 62.0 desarmado é indefenso.

171.0 1000.0 496.0 66.0 El Conde le hizó una cruz

169.0 1041.0 422.0 70.0 en el carrillo derecho :

165.0 1087.0 395.0 62.0 la vida te la perdono

169.0 1134.0 463.0 58.0 por que yo soy caballero.

167.0 1175.0 461.0 65.0 Luego vinieron los suyos

169.0 1229.0 457.0 56.0 y un vendage le pusieron

167.0 1275.0 556.0 62.0 con un bálsamo , y marcharon

169.0 1312.0 370.0 62.0 á Villafranca ligeros.

169.0 1355.0 475.0 60.0 El Conde se fue á su casa

165.0 1407.0 459.0 60.0 contando todo el suceso,

167.0 1452.0 430.0 54.0 y se fue con su familia

165.0 1500.0 442.0 52.0 á una quinta de recreo,

163.0 1537.0 465.0 64.0 que hoy es el Laberinto,

167.0 1583.0 471.0 57.0 y alli quedaron contentos.

165.0 1628.0 444.0 58.0 Ahora volvamos al moro

165.0 1667.0 442.0 66.0 que cauteloso y taimado

163.0 1713.0 512.0 66.0 en Salou diez mil guerreros

163.0 1752.0 366.0 64.0 habia desembarcado,

161.0 1802.0 459.0 60.0 mientras él en Barcelona

161.0 1849.0 430.0 62.0 sus designios ocultando,

161.0 1884.0 486.0 62.0 que eran robar á la novia

161.0 1932.0 564.0 66.0 dando un gran golpe de mano.

161.0 1986.0 421.0 53.0 Apercibió sus guerreros

163.0 2029.0 428.0 60.0 y á Barcelona cercando

161.0 2072.0 399.0 56.0 peleaban como leones

161.0 2116.0 419.0 62.0 y las puertas asaltando

157.0 2161.0 415.0 60.0 corrian por esas calles

157.0 2207.0 461.0 72.0 fieros hiriendo y matando

911.0 132.0 536.0 70.0 á hombres , mugeres y niños,

913.0 173.0 376.0 58.0 y las casas asaltando

913.0 219.0 449.0 62.0 saqueaban y maltrataban

915.0 258.0 426.0 66.0 y todo lo iban talando.

911.0 307.0 494.0 69.0 Luego á palacio se fueron,

911.0 353.0 455.0 56.0 y cuando vieron burlados

911.0 400.0 519.0 62.0 sus intentos, que los Condes

909.0 434.0 409.0 68.0 habianse ya marchado,

909.0 479.0 411.0 62.0 al Laberinto se fueron

907.0 529.0 413.0 60.0 furiosos , desesperados,

913.0 576.0 534.0 62.0 y viendo que alli no estaban,

905.0 620.0 403.0 57.0 su furor acrecentando

905.0 659.0 482.0 66.0 se arrancaban los bigotes;

909.0 700.0 430.0 62.0 y á Barcelona tornando

907.0 754.0 457.0 56.0 redoblaron sus desmanes.

907.0 793.0 467.0 64.0 Juntaron todos los carros,

907.0 839.0 447.0 70.0 los cargaron con el robo

903.0 880.0 407.0 64.0 de las casas y palacio.

905.0 925.0 562.0 77.0 Marcharon con dos mil hombres

903.0 979.0 457.0 52.0 que los iban custodiando

901.0 1012.0 521.0 68.0 mientras los demas quedaban

903.0 1058.0 513.0 70.0 haciendo muchos mas daños.

903.0 1109.0 434.0 62.0 A luego llegó un oficio

899.0 1155.0 519.0 62.0 de los que el botin llevaron

899.0 1198.0 401.0 56.0 qne se veian perdidos

901.0 1233.0 560.0 69.0 por que el Somaten del campo

899.0 1281.0 409.0 60.0 les detenia la marcha,

901.0 1326.0 469.0 69.0 y que fueran á ayudarlos.

897.0 1364.0 450.0 68.0 Entonces el Mir dispuso

897.0 1421.0 508.0 60.0 que por los cuatro costados

895.0 1463.0 456.0 58.0 dieran fuego á Barcelona

899.0 1504.0 463.0 66.0 y al punto lo ejecutaron.

895.0 1547.0 558.0 79.0 Marchó el moro con sus tropas ;

895.0 1597.0 469.0 58.0 pero á punto no llegaron,

895.0 1640.0 442.0 54.0 por que ya los Urgelinos

893.0 1680.0 423.0 58.0 sus somatenes alzando,

890.0 1727.0 379.0 56.0 les quitaron el botin

890.0 1764.0 445.0 73.0 unidos á los del campo.

895.0 1810.0 384.0 62.0 Variaron su direccion

890.0 1855.0 484.0 60.0 por que los iban cortando

890.0 1901.0 550.0 74.0 los montañeses que , en grupos,

890.0 1950.0 402.0 60.0 va se iban acercando.

888.0 1988.0 499.0 70.0 Los del Ampurdan tambien

888.0 2041.0 410.0 62.0 la retaguardia picando

886.0 2081.0 439.0 72.0 les ponian un conflicto ;

888.0 2128.0 443.0 54.0 pero el paso redoblando

893.0 2170.0 444.0 64.0 llegar á Fraga pudieron,

890.0 2225.0 468.0 102.0 pero ya muy mal parados.
