1753 2480
39.0 45.0 467.0 93.0 y si no amamos á Dios,

28 115 468 56 amamos la carne flaca,

35.0 161.0 452.0 74.0 resultó que la doncella

37.0 217.0 457.0 72.0 en sus soledades largas,

33.0 266.0 419.0 68.0 como loca enamoróse

37.0 316.0 533.0 76.0 de una gatita muy blenca,

39.0 374.0 457.0 72.0 miedosita, muy peluda,

39.0 419.0 539.0 83.0 nada ladrona y muy mansa;

35.0 479.0 456.0 60.0 á la cual la maritornes.

35.0 524.0 444.0 69.0 mil caricias prodigaba,

37.0 578.0 436.0 64.0 dándole todos los días

37.0 642.0 452.0 54.0 la mejor de las tajadas,

31.0 677.0 473.0 75.0 el primer plato de sopa,

35.0 739.0 506.0 67.0 postre, leche, vino y agua;

33.0 789.0 465.0 68.0 del pescado las cabezas.

35.0 841.0 423.0 68.0 y de las aves las alas.

76.0 884.0 457.0 72.0 De este modo la gatita,

33.0 938.0 461.0 72.0 tan atendida y cuidada,

33.0 994.0 500.0 74.0 iba creciendo muy gorda,

37.0 1056.0 483.0 57.0 muy reluciente y lozana;

31.0 1093.0 518.0 70.0 durmiéndose en su regazo,

33.0 1151.0 450.0 66.0 y tal vez si despertaba

33.0 1198.0 500.0 73.0 se le subía á los hombros

31.0 1250.0 365.0 78.0 y le lamía la cara,

33.0 1281.0 554.0 103.0 compartiendo por las noches

35.0 1364.0 494.0 53.0 las dos una misma cama;

37.0 1409.0 471.0 74.0 mas un gatazo amoroso

31.0 1457.0 380.0 64.0 á la gata cortejaba,

35.0 1506.0 485.0 72.0 y á la chica, por envidia,

35.0 1558.0 390.0 62.0 cada día la arañaba!

74.0 1609.0 519.0 89.0 El señor se fué escamando

33.0 1659.0 415.0 68.0 al ver como la criada

28.0 1709.0 457.0 70.0 á él ya poco le atendía,

31.0 1777.0 423.0 56.0 distraída con la gata;

31.0 1816.0 460.0 81.0 y para vengar su honor

28.0 1866.0 499.0 87.0 se buscó una martingala

31.0 1922.0 432.0 66.0 ayudado por un mico,

26.0 1967.0 517.0 87.0 huésped en la misma casa,

37.0 2023.0 448.0 74.0 malhumorado y celoso,

28.0 2072.0 478.0 83.0 de ojos vivos, cola larga,

31.0 2126.0 427.0 72.0 enemigo de los gatos,

35.0 2167.0 564.0 108.0 y aun quizá más de las gatas.

975.0 47.0 589.0 95.0 Le enseñó que siempre fuera

940.0 113.0 558.0 73.0 tras el bicho y la muchacha

936.0 169.0 533.0 68.0 sin descansar un momento

934.0 208.0 482.0 83.0 á seguirlas y espiarlas,

936.0 272.0 471.0 58.0 y que robara y comiera

934.0 314.0 490.0 84.0 salchichón y sobreasada;

934.0 376.0 463.0 66.0 que sacase del puchero

932.0 427.0 558.0 62.0 los garbanzos y las magras;

934.0 469.0 579.0 76.0 que en los almuerzos y cenas

936.0 524.0 449.0 65.0 procurase meter baza;

936.0 570.0 496.0 78.0 que los dulces husmease,

938.0 628.0 482.0 64.0 que las natillas probara,

938.0 673.0 475.0 73.0 que robase en la cocina

936.0 735.0 523.0 68.0 cafés con medias tostadas,

936.0 783.0 610.0 74.0 y que en fin, por todos medios

934.0 832.0 446.0 75.0 procurase fastidiarlas.

981.0 888.0 588.0 73.0 El mono, que era un prodigio

934.0 942.0 510.0 62.0 en eso de hacer monadas,

934.0 989.0 568.0 69.0 cumplió cuanto le ordenaron

930.0 1045.0 591.0 68.0 con arte y con mucha gracia.

936.0 1085.0 680.0 99.0 Mas ¡ay! que él no tuvo en cuenta

934.0 1155.0 502.0 58.0 que la doncella y la gata

936.0 1198.0 511.0 62.0 eran dos gatas- de Angola

934.0 1250.0 508.0 74.0 que valían por cien gatas.

934.0 1297.0 513.0 75.0 Así fué que el pobre mico

934.0 1351.0 566.0 64.0 cayó en muchas emboscadas

936.0 1409.0 496.0 70.0 que le dejaron maltrecho

934.0 1459.0 506.0 66.0 y bien peladas las nalgas;

930.0 1502.0 512.0 74.0 siendo la última graciosa,

936.0 1566.0 595.0 60.0 pues queriendo él á las brasas

934.0 1620.0 434.0 56.0 echar la pobre gatita,

932.0 1653.0 488.0 74.0 delicias de la muchacha,

932.0 1705.0 415.0 74.0 arremetióle la chica,

928.0 1756.0 583.0 93.0 y el mico cayó en la trampa;

930.0 1810.0 488.0 72.0 y escapó dando chillidos

926.0 1868.0 456.0 72.0 la bestezuela taimada,

936.0 1913.0 546.0 95.0 bien chamuscados los pelos

932.0 1967.0 434.0 72.0 y estropeada la facha.

979.0 2012.0 575.0 73.0 Esto enseña que no es bueno

930.0 2070.0 581.0 83.0 ser tercero en ciertas causas,

936.0 2124.0 506.0 87.0 y menos si son de amores

932.0 2172.0 415.0 115.0 de señores y criadas.
