1753 2480
826.0 43.0 126.0 76.0 -2-

198.0 103.0 666.0 78.0 venturados padres; y así, para li¬

196.0 167.0 670.0 66.0 brarme de un disgusto, tal vez inso¬

192.0 237.0 676.0 58.0 portable á mis años, me veo precisado

196.0 291.0 672.0 58.0 á aconsejarte que tomes en matrimo¬

190.0 341.0 680.0 74.0 nio una mujer jóven y bonita que te

196.0 400.0 680.0 67.0 haga mas feliz de lo que te haria la

190.0 460.0 616.0 73.0 desventurada suerte del soldado.

107.0 508.0 771.0 95.0 Hij. No, padre mio; no he nacido yo para

194.0 589.0 173.0 53.0 casarme.

103.0 620.0 773.0 93.0 Pad. ¿Y cómo no, siendo el matrimonio

192.0 702.0 680.0 70.0 una cosa tan útil y necesaria al hom¬

192.0 750.0 138.0 74.0 bre?...

103.0 810.0 763.0 89.0 Hij. Porque la mujer es frágil é incons¬

198.0 870.0 114.0 62.0 tante.

105.0 927.0 761.0 77.0 Pad. ¡Pues qué! ¿temes acaso que te en¬

188.0 987.0 173.0 71.0 gañe?...

105.0 1049.0 765.0 64.0 Hij. Sí, señor, porque las mujeres son

198.0 1105.0 672.0 73.0 naturalmente malas, y desgraciado el

196.0 1163.0 541.0 64.0 hombre que de ellas depende.

103.0 1217.0 767.0 82.0 Pad. ¡Mas desgraciado es el hombre que

194.0 1283.0 676.0 62.0 está sujeto en el rudo ejercicio de las

192.0 1337.0 190.0 64.0 armas!...

103.0 1380.0 775.0 89.0 Hij. No tanto como el que es juguete de

196.0 1454.0 678.0 79.0 los caprichos de una mujer, porque

194.0 1512.0 682.0 81.0 al fin y al cabo es hombre y como á

196.0 1578.0 362.0 62.0 tal mas compasivo.

111.0 1628.0 767.0 79.0 Pad. Mucho odias á las mujeres, y tal

202.0 1692.0 670.0 66.0 vez seas el que mas fácilmente caiga

196.0 1760.0 674.0 58.0 en sus redes ; pues no serias tú el

196.0 1810.0 630.0 68.0 primero á quien esto ha sucedido.

103.0 1870.0 771.0 72.0 Hij. La suerte del hombre solo Dios la

196.0 1924.0 676.0 82.0 sabe, pero haré lo que sepa para que

194.0 1981.0 376.0 75.0 no dependa de ellas.

107.0 2043.0 699.0 79.0 Pad. Hijo mio, tú quieres perderme.

111.0 2101.0 761.0 79.0 Hij. Tambien quiere V. perderme á mí,

196.0 2167.0 676.0 73.0 haciéndome esclavo de la loca vani¬

194.0 2221.0 353.0 89.0 dad de una mujer.

884.0 101.0 771.0 80.0 Pad. No digas eso, porque el matrimonio

975.0 165.0 678.0 74.0 es una institucion sagrada, como lo

977.0 225.0 616.0 72.0 son todas las que vienen de Dios.

897.0 283.0 756.0 78.0 Iij. No niego que efectivamente es así;

979.0 343.0 676.0 74.0 pero ¡cuántos trabajos y disgustos no

983.0 403.0 679.0 82.0 ocasiona por otra parte la vida de

981 458 151 73 casado.

895.0 512.0 767.0 85.0 Pad. Ninguno, si se tiene la suerte de

975.0 576.0 680.0 77.0 dar con una mujer buena y hacen¬

981.0 638.0 112.0 70.0 dosa.

901.0 686.0 763.0 80.0 Hij. ¡Ya!... Pero como entre todas no

981.0 748.0 678.0 86.0 hay una que valga lo que valen los

986.0 810.0 223.0 66.0 hombres!...

899.0 865.0 758.0 81.0 Pad. ¡Qué blasfemia, hijo mio, qué blas¬

977.0 925.0 678.0 71.0 femia!... ¿lgnoras acaso que la mu¬

977.0 994.0 682.0 70.0 jer se regenera con el amor á los

979.0 1058.0 680.0 68.0 hijos y con los dulces sentimientos de

981.0 1105.0 422.0 62.0 madre y de casada?...

899.0 1159.0 763.0 85.0 Hij. Padre, muy difícil lo veo, como no

986.0 1231.0 438.0 73.0 sea un milagro, porque

1054.0 1337.0 450.0 66.0 Arbol que crece torcido,

1056.0 1395.0 475.0 74.0 Tarde su tronco endereza.

899.0 1485.0 763.0 93.0 Pad. Hijo mio, la mujer es un ángel que

986.0 1566.0 593.0 72.0 ha venido á consolar al hombre.

899.0 1624.0 763.0 66.0 Hij. Diga V. lo que quiera; pero á lo que

977.0 1680.0 682.0 74.0 ha venido es á hacernos desgracia¬

986.0 1742.0 678.0 74.0 dos, porque apenas se casa uno, se

988.0 1804.0 676.0 72.0 vé agobiado de trabajos y de hijos á

986.0 1857.0 676.0 71.0 quienes es preciso educar y mante¬

986.0 1917.0 678.0 75.0 ner, sin contar con los disgustos que

990.0 1984.0 167.0 62.0 nos dan.

901.0 2027.0 763.0 76.0 Pad. En cambio el soltero vive mucho

986.0 2099.0 680.0 62.0 peor, porque no tiene hijos ni esposa

986.0 2163.0 678.0 66.0 que enjuguen su llanto en las aflic¬

979.0 2213.0 683.0 116.0 ciones, y viene á ser lo que un cielo
