1860 2629
133 749 1533 103 TROVOS Y GLOSAS DISCRETAS, QUE PARA EXPLICAR

133 819 1538 90 sus penas cantaba un amante despreciado, cuando se divertia

304 874 1207 79 con sus amigos; compuestos por D. Zeferino Zepol,

679 926 454 75 natural de Andujar.

118 1025 594 92 I. El corazon se me parte

166 1082 535 76 de dolor y sentimiento,

166 1130 671 81 viendo que estás en el mundo

171 1180 627 79 y para mí ya te has muerto.

225 1244 582 72 Todo mi intento fué amarte,

160 1290 491 70 nunca te pude vencer,

164 1338 616 79 por mas que quise adorarte,

157 1402 494 70 al verte en otro poder,

155 1445 520 77 el corazon se me parte.

217 1505 585 68 Ya para mi no hay contento,

160 1555 541 70 yo no tendré ya alegria,

151 1603 601 72 con mucho dolor lo siento,

155 1651 518 81 penaré de noche y dia

151 1702 531 76 de dolor y sentimiento.

203 1759 571 76 Siempre me veo iracundo,

149 1811 506 70 metido en triste penar,

146 1860 588 70 con harta razon me fundo,

144 1919 450 70 de no poderte gozar

144 1949 654 92 viendo que estás en el mundo.

206 2019 588 71 Tengan el sepulcro abierto.

144 2065 628 82 por todo el orbe se escriba,

140 2122 651 75 al ver que la muerte acierto,

146 2175 604 77 viendo que tú te estás viva

144 2228 647 81 y para mí ya te has muerto.

98 2271 590 79 II. Quantas veces llorarás,

138 2324 596 85 quando no tendrá remedio,

146 2383 437 72 me verás y te veré,

151 2425 498 101 pero no nos hablaremos.

1004 1007 518 90 De otro te enamorarás,

951 1071 569 76 dandome á mi que sentir,

951 1126 494 72 gusto en todo le darás

956 1169 539 84 y viendome á mi afligir,

947 1224 511 77 cuantas veces llorarás.

997 1281 558 75 Si mi amor te cansa tedio

954 1332 438 76 prometo se ausentará

949 1384 511 75 pero tu buscarás medio,

947 1426 531 85 que yo te quiera y será

943 1487 541 77 cuando no tenga remedio.

1002 1535 329 81 Afligido viviré

943 1592 533 75 si me desprecia tu amor,

943 1643 384 68 agena te juzgaré,

943 1691 441 77 y para mayor dolor

936 1746 463 72 me verás y te veré.

991 1796 603 74 Nuestros tratos perderemos

940 1860 601 65 cuando seas de otro esposa

945 1908 550 74 y algun dia nos veremos,

940 1952 584 74 yo sin dicha y tu dichosa,

934 2013 546 63 pero no nos hablaremos.

886 2050 750 92 III. ¡ O quién de amor no supiera !

932 2109 526 73 pata no llegar á amarte,

938 2168 553 68 porque sino he de gozarte

934 2219 570 57 de que sirve que te quiera.

991 2269 491 62 Jamas fino me rindiera

927 2309 595 81 á tus prendas ¡ay de mi !

929 2366 584 74 te estimo en tanta manera

927 2420 446 99 como certifico aquí,
