2148 3034
852.0 1049.0 425.0 141.0 RECEPTA

258.0 1178.0 1619.0 91.0 pera curar de tots mals, y preservativa de totas enfermetats,

437.0 1228.0 1258.0 81.0 viurer alegre', y allargar la vida fns á la mort.

308.0 1294.0 754.0 78.0 Pendrás un gros manat de arrels de

273.0 1355.0 789.0 68.0 Alegría; dos lliuras de Poch se m' en

263.0 1398.0 799.0 70.0 dóna; dos dotzenas de fullas de Bé li

265.0 1448.0 795.0 74.0 vaga; un sou de Bella basca em fá;

258.0 1499.0 799.0 81.0 mitja mitadella de Qui no li agrada

265.0 1549.0 797.0 76.0 que ho deixia, dos culleradas de la

268.0 1600.0 794.0 68.0 celebrada conserva qui vol viurer, de

268.0 1648.0 789.0 71.0 tot se ha de ríurer; una porcioneta de

268.0 1693.0 789.0 76.0 Poca vergonya; setze onsas de Bon

268.0 1739.0 784.0 81.0 fetje: aixó es, vuit de Fetje de llus, y

270.0 1795.0 787.0 73.0 vuit de Fetje de raijada; una poca de

268.0 1840.0 797.0 73.0 escorsa de Qué 'm fa á mí; tres brotets

268.0 1893.0 799.0 68.0 de qui ha fet avuy fará demá; quatre

270.0 1936.0 790.0 86.0 punyats de Canteu, canteu; onze es¬

275.0 1997.0 792.0 63.0 crúpols de Tarragona manxan: catorze

275.0 2042.0 785.0 76.0 dracmas de Si tens pa sech feste sopas.

326.0 2090.0 746.0 71.0 Tot aixó ho escalfarás rient, y ho

278.0 2141.0 784.0 73.0 posarás en una olla á bullir sota lo cap¬

275.0 2189.0 795.0 76.0 sal del llit, y te ajeurás, posantni lo cap

278.0 2242.0 782.0 73.0 y lo endemá ho treurás, y quant conei

278.0 2290.0 787.0 73.0 xerás que han bullitlosdits ingredients

275.0 2333.0 790.0 81.0 de síngular y esperimentada virtut, hi

278.0 2379.0 789.0 131.0 mesclarás cosa de una pesetade la Figa

1090.0 1284.0 787.0 83.0 t' hi fau gardela, y ho colocarás ab un

1090.0 1334.0 782.0 84.0 drap de Festa faxá, ab un brot de Es¬

1085.0 1388.0 794.0 83.0 pérat un poch; colat que sia, hi posa¬

1087.0 1431.0 795.0 78.0 rás tres grans de esperit de Vesten á la

1087.0 1486.0 795.0 76.0 pífia, altres tres grans de aixarop de

1087.0 1532.0 795.0 88.0 Qui no li agradia que 's passegia, ab

1090.0 1580.0 792.0 78.0 mitja pesseta de confecció de lo que no

1100.0 1633.0 782.0 73.0 es cou per tú que 's cremia; tot barrei¬

1092.0 1678.0 795.0 81.0 jat, ab dos mitadellas de Dexaume está

1100.0 1734.0 673.0 81.0 y dos diners de Déixau correr.

1146.0 1779.0 741.0 74.0 Després passeijat ab gent de bon

1087.0 1830.0 800.0 73.0 humor, menja bé, y beu millor, y tot

1082.0 1878.0 797.0 71.0 aixó en qualsevol hora te gustia, y

1090.0 1929.0 794.0 73.0 quant estigas cansat, per no estar

1087.0 1977.0 800.0 81.0 ociós, cálat á jáurer; de esta medicina

1090.0 2027.0 802.0 89.0 ne pendrás á lo menos tres vegadas

1092.0 2093.0 157.0 61.0 al dia.

1151.0 2095.0 738.0 107.0 Advertinte, que si algú te vé á bus¬

1095.0 2171.0 789.0 79.0 car algun enredo ó pesar, antes de es¬

1100.0 2229.0 782.0 79.0 plicarse, dígali que estás ab remeys,

1105.0 2278.0 782.0 75.0 y sens acabarlo de escoltar, despát¬

1103.0 2321.0 784.0 101.0 xal á la fresca, altrament dita Recep¬

1103.0 2379.0 361.0 108.0 ta no fará efecte.
