1860 2629
309.0 192.0 70.0 108.0 4

574.0 260.0 53.0 99.0 II.

267.0 368.0 467.0 74.0 Es un simbolo esa moda

230.0 427.0 493.0 68.0 Que demuestra á no dudar

230.0 479.0 498.0 62.0 El lugar que el bello sexo

232.0 527.0 463.0 75.0 Se ha sabido conquistar.

267.0 615.0 483.0 83.0 Si pretende mano impura

228.0 683.0 386.0 61.0 La virtud atropellar,

230.0 736.0 480.0 57.0 Es un muro el Miriñaque

228.0 790.0 504.0 64.0 Contra el pollo mas audaz.

269.0 882.0 470.0 60.0 Para hacerse mas visible

230.0 931.0 414.0 59.0 Lidia el bravo militar

239.0 981.0 546.0 59.0 Y en la cieneia busca el sabio

230.0 1025.0 520.0 81.0 Nombre, gloria y bienestar.

269.0 1119.0 487.0 77.0 Ni la espada ni los libros

232.0 1187.0 410.0 61.0 Os permiten manejar,

239.0 1233.0 552.0 59.0 Es muy justo que os dejemos

239.0 1279.0 465.0 70.0 Vuestras armas emplear.

280.0 1314.0 579.0 131.0 Y conorcan lospesps goná

232.0 1428.0 612.0 70.0 Que si hablar no sabeis én latin,

239.0 1481.0 693.0 81.0 Vuestras gracias y adornos angélicos,

234.0 1535.0 494.0 99.0 No logró Salomon resistir.

1335.0 269.0 68.0 74.0 III.

1035.0 354.0 441.0 90.0 De la moda caprichosa

1004.0 431.0 410.0 64.0 Los recursos emplead

1008.0 475.0 582.0 70.0 y que el hombre os rinda culto

1004.0 527.0 423.0 75.0 Como su única deidad.

1037.0 613.0 548.0 85.0 En dos leyes vuestro triunto,

1002.0 672.0 388.0 72.0 (Bellas niñas, apoyad

1004.0 729.0 489.0 64.0 Reuniendo en los adornos

1004.0 777.0 408.0 75.0 Atracción y gravedad.

1041.0 878.0 496.0 64.0 Por los anchos Miriñaques

1004.0 928.0 472.0 64.0 Que lleváis con gracia tal

1008.0 985.0 485.0 66.0 El ensanche se ha logrado

1011.0 1036.0 484.0 61.0 De la gran Ciudad Condal.

1046.0 1121.0 531.0 75.0 Pues si dicha tal se os debe,

1013.0 1180.0 498.0 64.0 Vuestro círculo ensanchad

1015.0 1231.0 548.0 72.0 Y haced ver que el Miriñaque

1017.0 1283.0 408.0 84.0 Da decoro y majestad.

1048.0 1351.0 697.0 97.0 aeuid pues y 'entonadles un trágala

1011.0 1432.0 517.0 66.0 Al compás de la danza feliz,

1017.0 1483.0 696.0 65.0 Y aunque pese á sus necios antipodas,

1013.0 1529.0 522.0 85.0 Miriñaques eternos vividl...

1533.0 1568.0 173.0 81.0 P. del C.

730.0 1711.0 522.0 103.0 MOsvca De r. oE A. ATIMIRA.

307.0 2366.0 1362.0 111.0 sé Mala de Vanta en cats lor ansosoras de Antonlo Bosch, cale del Bot de la Plara Mueva, súm, 18.

333.0 2442.0 1318.0 108.0 Zareelona.—Iisp. de Marcisó Amfrea y Comp.: pasaje de Escudllers, núm. deetezo

1375.0 2076.0 276.0 112.0 (E. popicdaa,
