2148 3034
341.0 343.0 483.0 101.0 Con el desco que llevan

339.0 412.0 493.0 78.0 todo el monte paseaban

339.0 465.0 551.0 81.0 sin que se logre el intento,

339.0 510.0 518.0 76.0 que Dios asi lo ordenaba.

339.0 556.0 475.0 81.0 Viéndose muy fatigado

333.0 599.0 613.0 78.0 don Claudio, luego se entraba

336.0 654.0 435.0 76.0 en la choza ó casería,

333.0 697.0 499.0 86.0 sin que nadie lo notára.

331.0 748.0 468.0 71.0 Estaba su triste esposa

331.0 796.0 519.0 81.0 en un trasportal sentada,

328.0 844.0 517.0 76.0 siendo randales sus ojos,

328.0 889.0 565.0 81.0 muchas veces los limpiaba.

323.0 948.0 481.0 65.0 ¡Ay esposo de mi vida!

323.0 988.0 529.0 73.0 cada instante pronunciaba;

328.0 1031.0 577.0 78.0 ¡quién te diere el desengaño

321.0 1084.0 561.0 76.0 y se fuera en tu compaña!

321.0 1132.0 582.0 71.0 Quedó don Clandio confuso

321.0 1178.0 498.0 83.0 de ver cosa tan estraña;

318.0 1223.0 446.0 71.0 y sin que sea sentido

318.0 1276.0 554.0 76.0 mas á escuchar se aplicaba.

323.0 1319.0 506.0 76.0 Estando en tal confusion,

318.0 1367.0 534.0 84.0 vido que al corral entraba

313.0 1410.0 456.0 79.0 aquel mozo, Valentin,

311.0 1463.0 561.0 79.0 y de esta suerte le hablaba:

308.0 1506.0 577.0 81.0 madre mia, ¿qué es aquesto,

306.0 1559.0 584.0 71.0 que veo en vos tal mudanza

308.0 1608.0 595.0 80.0 despues que vino esta gente?

301.0 1658.0 549.0 68.0 que es razon sepa la causa.

298.0 1691.0 678.0 94.0 Respondió aumentando el llanto:

298.0 1744.0 430.0 78.0 hijo mio de mi alma,

298.0 1795.0 567.0 81.0 ¿qué ha de tener una triste

296.0 1845.0 538.0 71.0 que aqui se vé desterrada?

293.0 1891.0 549.0 81.0 no muerta por gran piedad,

290.0 1939.0 504.0 78.0 viva sí, mas desgraciada.

288.0 1979.0 415.0 76.0 Ese noble cabalfero

285.0 2027.0 514.0 89.0 que vino á posar á casa,

283.0 2085.0 501.0 71.0 es tu padre y mi marido,

278.0 2123.0 556.0 81.0 y no puedo hablar palabra.

278.0 2179.0 551.0 73.0 Aquel traidor que le asiste,

278.0 2217.0 594.0 93.0 mayordomo allá en mi casa,

280.0 2270.0 486.0 81.0 en ausencia de tu padre,

268.0 2323.0 554.0 314.0 quiso que le diese entrada;

1065.0 353.0 422.0 97.0 y por no darle lugar

1067.0 429.0 554.0 76.0 tomó una infame venganza;

1067.0 472.0 567.0 81.0 me levantó un falso testigo

1065.0 536.0 475.0 68.0 con un page de la casa,

1062.0 576.0 509.0 76.0 diciendo estaba conmigo,

1065.0 616.0 539.0 79.0 le dió muerte á puñaladas.

1065.0 670.0 551.0 75.0 Tu padre que aquesto supo,

1060.0 723.0 566.0 70.0 dando crédito á la infamia,

1060.0 761.0 541.0 78.0 mandó luego á dos criados

1057.0 816.0 549.0 79.0 me traigan á esta montaña,

1057.0 867.0 521.0 71.0 donde me quiten la vida,

1055.0 912.0 586.0 71.0 y ellos me la dan de gracia.

1055.0 960.0 556.0 74.0 Nacíste tú en estos montes

1052.0 1001.0 620.0 88.0 con otro hermano en compaña,

1049.0 1046.0 539.0 86.0 el cual me llevó una fiera,

1047.0 1097.0 493.0 83.0 sin que yo lo remediara;

1044.0 1155.0 466.0 63.0 y de todas estas penas

1042.0 1200.0 506.0 71.0 se ha refrescado la llaga.

1044.0 1238.0 572.0 86.0 Quedó el mozo enternecido,

1042.0 1294.0 493.0 76.0 y á su madre consolaba;

1042.0 1342.0 607.0 83.0 pero oyendo esto don Claudio,

1039.0 1390.0 446.0 73.0 de puro gozo lloraba:

1039.0 1436.0 451.0 73.0 disimuló cuanto pudo,

1039.0 1484.0 529.0 75.0 y viendo traicion tan clara

1032.0 1534.0 493.0 76.0 del infame mayordomo,

1032.0 1577.0 493.0 76.0 solo aspira á la venganza.

1037.0 1618.0 534.0 88.0 Valentin se sale al campo,

1024.0 1678.0 481.0 76.0 al mayordomo buscaba,

1017.0 1726.0 442.0 71.0 el cual venia rendido

1022.0 1769.0 551.0 84.0 de andar buscando la caza;

1022.0 1817.0 394.0 71.0 y llegando hácia él

1019.0 1858.0 514.0 78.0 le ha dado una puñalada

1019.0 1906.0 554.0 86.0 que cayó á sus pies rendido

1014.0 1964.0 547.0 76.0 sin saber qué fué la causa.

1014.0 1999.0 458.0 84.0 Confiesa, dice, traidor,

1009.0 2050.0 478.0 78.0 la calumnia ó la infamia

1009.0 2103.0 506.0 73.0 que á la ilustre Margarita

1014.0 2146.0 468.0 78.0 levantaste tú sin causa;

1009.0 2192.0 554.0 88.0 ya vas á dar cuenta á Dios,

1004.0 2247.0 546.0 84.0 mira, traidor, por tu alma.

1001.0 2285.0 471.0 89.0 Todos se llegan por ver

994.0 2343.0 400.0 324.0 esta maravilla rara,
