1860 2629
1076 210 286 87 (Núm. 110.)

416 1209 902 186 LA QUINTA DE LAS MUJERES

197 1415 1336 98 Donde se verá la espocición que piensan dirigir las solteras al Ministro

304 1491 1121 79 para que les conceda el ir á la guerra, á ver si de este modo

677 1548 380 101 encuentran maridos.

228 1691 559 81 Al ver que se van llevando

186 1743 485 68 á la guerra con empeño

184 1792 406 54 á toda la juventud

186 1824 509 66 honra del hispano suelo,

188 1868 603 88 las solteras (que son muchas)

188 1921 434 77 una tarde decidieron

186 1973 390 46 tener una reunión

193 2002 497 83 y ver de común acuerdo

184 2052 410 68 el modo más eficaz

182 2090 526 67 de poner al mal remedio,

195 2133 612 86 pues miran que el matrimonio

190 2186 518 94 ha perdido todo el pleito;

868 1691 513 66 suceso que á todas ellas

872 1741 560 59 las ha afligido en extremo.

875 1787 408 57 Allí reunidas todas

870 1822 553 68 las que lograr no pudieron

872 1875 525 59 que las alumbrara un dia

872 1921 523 61 la antorcha del himeneo,

877 1962 436 64 armaron tal algazara

872 2013 527 63 y tan infernal estruendo,

875 2044 563 70 que nada en limpio sacaron

872 2101 483 56 de todo cuanto dijeron;

868 2140 509 61 hasta que una morenita

875 2184 548 90 de ojos rasgados y negros,
