2150 3035
452.0 222.0 476.0 78.0 adonde está la cautiva.

452.0 270.0 511.0 79.0 Con halagüeñas palabras

457.0 321.0 448.0 60.0 la predica de Mahoma

455.0 359.0 508.0 70.0 mil embustes y patrañas,

452.0 409.0 504.0 61.0 diéndola: —Si reniegas

455.0 460.0 513.0 61.0 yo te daré muchas galas,

455.0 503.0 412.0 63.0 y costosísimas joyas

457.0 531.0 537.0 76.0 para que estés adornada.—

455.0 584.0 534.0 71.0 Doña Francisca, prudente,

450.0 624.0 604.0 81.0 de aquesta suerte le hablaba:

462.0 677.0 511.0 69.0 —Esas joyas, gran señor,

455.0 715.0 582.0 76.0 por mí bien pude guardarlas,

452.0 768.0 580.0 69.0 que eso es un poco de tierra,

452.0 814.0 481.0 61.0 polvo que no vale nada,

452.0 847.0 521.0 81.0 que quien el alma me dió

455.0 905.0 478.0 53.0 no le costó tan barata.—

452.0 940.0 595.0 74.0 Mas viendo los menosprecios

452.0 988.0 494.0 64.0 que e hace la cristiana,

452.0 1031.0 461.0 64.0 soberbio se desespera,

450.0 1072.0 372.0 66.0 de coraje pateaba.

452.0 1112.0 491.0 74.0 De la mazmorra se sale ,

457.0 1160.0 516.0 66.0 y á los dos niños agarra ;

452.0 1208.0 461.0 59.0 asidos por los cabellos

452.0 1249.0 481.0 68.0 les arrastró por la casa,

460.0 1294.0 554.0 71.0 y á la mazmorra los vuelve

452.0 1345.0 514.0 58.0 adonde su madre estaba :

457.0 1383.0 499.0 68.0 los despoja de sus ropas,

460.0 1431.0 496.0 63.0 y de prisiones los carga.

455.0 1461.0 508.0 84.0 Tomó una vara con furia

462.0 1512.0 448.0 68.0 y á los niños apaleaba;

457.0 1560.0 509.0 58.0 y juntamente á la madre

455.0 1600.0 465.0 69.0 la decia estas palabras:

460.0 1643.0 529.0 71.0 —Dime, mujer insensible;

452.0 1692.0 453.0 63.0 si tu religión dejaras ,

457.0 1737.0 461.0 66.0 ¡cuanto mejor te sería,

465.0 1783.0 417.0 60.0 y la vida reservaras !

457.0 1818.0 564.0 71.0 También la de tus tres hijos

462.0 1871.0 620.0 61.0 que en gran peligro se hallan.—

457.0 1912.0 526.0 65.0 Pero viendo los tormentos

455.0 1957.0 501.0 63.0 que el bárbaro ejecutaba

455.0 2003.0 539.0 68.0 en sus tres hijos queridos ,

455.0 2046.0 455.0 65.0 á renegar la obligaba.

455.0 2086.0 453.0 68.0 Lo hizo en apariencia,

452.0 2132.0 501.0 88.0 sólo porque se aquietara

1140.0 225.0 458.0 73.0 la furia de aquel cruel ,

1140.0 278.0 478.0 73.0 que con rigor castigaba

1143.0 333.0 473.0 56.0 aquellos tres inocentes

1143.0 369.0 475.0 66.0 sin haberle dado causa.

1143.0 417.0 468.0 63.0 Doña Francisca le dijo :

1143.0 460.0 478.0 66.0 —Desata, señor, desata

1140.0 500.0 483.0 71.0 á mis hijos de prisiones,

1138.0 541.0 647.0 83.0 que ya me humillo á tus plantas.

1138.0 591.0 483.0 69.0 Me aparto de Jesucristo,

1138.0 627.0 556.0 86.0 también de la Virgen santa

1140.0 682.0 428.0 64.0 y del divino misterio

1145.0 715.0 506.0 66.0 de la Trinidad Sagrada.—

1138.0 761.0 531.0 66.0 Pero nuestro Dios piadoso

1138.0 809.0 541.0 71.0 mo quiso que aquesta alma

1143.0 859.0 528.0 66.0 se perdiese, y dió licencia

1140.0 907.0 524.0 56.0 al niño que el pecho daba

1138.0 950.0 539.0 64.0 para que á su madre avise

1140.0 991.0 567.0 68.0 del peligro en que se halla;

1145.0 1042.0 448.0 58.0 y entonces el angelito

1143.0 1082.0 597.0 63.0 pronunció aquestas palabras :

1143.0 1122.0 647.0 66.0 —Madre, ¿qué es eso que dices?

1140.0 1168.0 547.0 68.0 Mira bien lo que tú hablas,

1145.0 1214.0 648.0 63.0 que aunque es de cumplimiento

1140.0 1256.0 531.0 69.0 mucho le daña á tu alma,

1145.0 1305.0 491.0 58.0 que para morir por Dios

1145.0 1348.0 519.0 58.0 no se ha de tapar la cara.

1150.0 1380.0 587.0 76.0 Triunfen los santos misterios

1145.0 1434.0 534.0 68.0 de nuesta iglesia romana,

1145.0 1482.0 471.0 63.0 que mis hermanos y yo

1140.0 1525.0 501.0 58.0 morimos de buena gana ,

1143.0 1565.0 528.0 66.0 sólo porque nos defiendas

1150.0 1616.0 511.0 58.0 y que se salve tu alma.—

1143.0 1654.0 501.0 65.0 Absorta quedó la madre ,

1148.0 1697.0 453.0 68.0 y de rodillas postrada,

1145.0 1745.0 440.0 55.0 pidiendo misericordia

1145.0 1785.0 423.0 63.0 al cielo los ojos alza.

1143.0 1828.0 506.0 63.0 El renegado que ha oído

1133.0 1863.0 521.0 79.0 al niño aquesta palabras,

1140.0 1914.0 509.0 61.0 en vez de compadecerse ,

1145.0 1957.0 559.0 73.0 más aquel perro se ensaña,

1145.0 2003.0 471.0 65.0 y cogiendo al inocente

1143.0 2051.0 523.0 68.0 contra una pared le daba,

1143.0 2099.0 473.0 58.0 hasta que de su cabeza

1143.0 2139.0 496.0 99.0 los sesos se le saltaban.

1090.0 149.0 81.0 76.0 — 3 —
