1860 2629
1449.0 142.0 55.0 77.0 7

203.0 173.0 384.0 78.0 en las reales galeras

208.0 236.0 377.0 66.0 qui tenia de remar?

199.0 276.0 410.0 76.0 arriba al palo mayor

201.0 326.0 406.0 68.0 qui tenia de puchar

199.0 379.0 445.0 65.0 á arriar els gallardets?

199.0 431.0 559.0 66.0 pues el conte está ben clar,

199.0 484.0 452.0 63.0 que si faltabem nosatros

201.0 530.0 373.0 54.0 habien de tirar má

201.0 576.0 586.0 72.0 de alguns dels que están oint,

193.0 624.0 451.0 61.0 y es morien de pesar.

195.0 672.0 581.0 68.0 Porque hay ternes al compuesto,

197.0 720.0 511.0 70.0 gran patilla y ben barbat,

201.0 771.0 516.0 70.0 que en decirte tente al Rey,

199.0 828.0 489.0 61.0 ya el tenen tot escuallat;

193.0 876.0 530.0 63.0 si els tanquen en calabosos

197.0 928.0 509.0 62.0 tot sels empasa en plorar,

197.0 970.0 544.0 68.0 y si els carreguen de férro

197.0 1025.0 386.0 59.0 acábenlo de contar.

197.0 1069.0 518.0 70.0 Máre, busquem un empeño

195.0 1123.0 614.0 66.0 que em traga de asi al instant.

193.0 1165.0 493.0 75.0 Máre, que les panderóles

193.0 1220.0 421.0 66.0 me roseguen lespinás.

195.0 1266.0 520.0 72.0 Mare, que les rates gróses

193.0 1321.0 495.0 61.0 me se menchen el dinar.

190.0 1371.0 525.0 59.0 Máre, que no hu faré mes;

193.0 1424.0 493.0 59.0 pues y ára, guapo cagat?

193.0 1474.0 526.0 57.0 y ára, so térne de mierda?

188.0 1518.0 575.0 65.0 qué surra en un drap bañat;

188.0 1566.0 456.0 57.0 el pá meu de cada dia

188.0 1614.0 461.0 59.0 en tú ha segut solimá.

190.0 1662.0 505.0 62.0 del número de los hombres

186.0 1713.0 404.0 61.0 mereixies ser borrát.

184.0 1757.0 469.0 67.0 Aqui quiero ver la gente,

186.0 1816.0 498.0 59.0 que tot ha de ser chillar

184.0 1857.0 465.0 62.0 á la pórta de la tenda

182.0 1912.0 436.0 64.0 en lo mocador al cap,

184.0 1962.0 484.0 55.0 el capote puesto en facha

182.0 2013.0 429.0 52.0 el churí desembainat,

188.0 2065.0 478.0 57.0 pera asustar á les dónes

184.0 2109.0 399.0 59.0 el fiera mes acabat.

182.0 2155.0 572.0 62.0 El terne que ha de ser terne

177.0 2208.0 413.0 61.0 ha de tragelar el pá

182.0 2254.0 440.0 138.0 por otro estilo irrisiuo,

910.0 179.0 526.0 81.0 y en ser que hacha lograt

908.0 243.0 612.0 59.0 lo que yo ( eu bon hora ho diga)

912.0 289.0 564.0 68.0 ya es pót tindre per pintat.

908.0 339.0 443.0 59.0 Vostés dirán les asañes

903.0 392.0 533.0 63.0 de este gandul ahon están?

901.0 442.0 500.0 59.0 sense gastar molta flema

903.0 481.0 347.0 64.0 les aniré relatant.

903.0 532.0 507.0 63.0 Com son tan anomenades

901.0 578.0 515.0 70.0 les diré en la cara en alt.

901.0 628.0 548.0 68.0 Yo soc la embecha del mon,

903.0 676.0 415.0 71.0 el playante consumat

903.0 736.0 614.0 59.0 que se encontra en estos tiempos,

901.0 782.0 529.0 59.0 y lo que tinc ho he guañat

899.0 830.0 502.0 59.0 con mis queridos didales;

897.0 871.0 445.0 71.0 ixca un átre mascarát

901.0 935.0 594.0 64.0 que se hacha menchat el férro

897.0 977.0 410.0 54.0 en lo calabós tancat,

901.0 1031.0 564.0 68.0 com yo me menchí els grillons,

897.0 1084.0 430.0 55.0 no mes tenia huit añs,

897.0 1126.0 502.0 70.0 á los quince mal cumplidos

899.0 1176.0 502.0 59.0 ya me encontri rechentant

892.0 1220.0 445.0 68.0 la vara de la comuna,

892.0 1277.0 432.0 57.0 gobernador consumat,

892.0 1323.0 527.0 65.0 cuant ma chalala retundis

892.0 1373.0 483.0 66.0 sempre ma vist amarrat

892.0 1419.0 435.0 62.0 á la primera parella

892.0 1476.0 485.0 51.0 en ma bandereta en má.

892.0 1520.0 463.0 57.0 La sombra de la cruera

890.0 1570.0 447.0 55.0 es lugar que se reserva

890.0 1616.0 421.0 59.0 para la gente morena.

888.0 1665.0 456.0 54.0 Per ahon anaba pasant

888.0 1711.0 502.0 61.0 ningú em miraba la cara,

888.0 1759.0 485.0 63.0 tots miraben á les mans,

886.0 1807.0 537.0 63.0 si he aplegat al cuartelillo

886.0 1860.0 412.0 67.0 he segut tan estimat

881.0 1906.0 568.0 72.0 que á tots els deixaben solts,

886.0 1958.0 484.0 64.0 y á mí em tenien ferrat.

883.0 2013.0 446.0 68.0 Séuta, Melilla, el Peñó,

883.0 2070.0 433.0 52.0 Cartagena, el Arsenal,

886.0 2109.0 465.0 68.0 Málaga, en les Filipines,

883.0 2157.0 404.0 62.0 latre Peñó y en Orá,

883.0 2208.0 422.0 63.0 Gurumete y pagesillo,

883.0 2254.0 525.0 131.0 le que dihnen gat de nan,
