<?xml version="1.0" encoding="UTF-8"?>
<alto xmlns:xsi="http://www.w3.org/2001/XMLSchema-instance"
      xmlns="http://www.loc.gov/standards/alto/ns-v4#"
      xsi:schemaLocation="http://www.loc.gov/standards/alto/ns-v4# http://www.loc.gov/standards/alto/v4/alto-4-2.xsd">
  <Description>
    <MeasurementUnit>pixel</MeasurementUnit>
    <sourceImageInformation>
      <fileName>Varios_150_2.jpg</fileName>
      
    </sourceImageInformation>
  </Description>
  
  <Tags>
    <OtherTag ID="BT507" LABEL="CustomZone:impresorNum" DESCRIPTION="block type CustomZone:impresorNum"/><OtherTag ID="BT508" LABEL="CustomZone:numero_pliego" DESCRIPTION="block type CustomZone:numero_pliego"/><OtherTag ID="BT509" LABEL="CustomZone:title" DESCRIPTION="block type CustomZone:title"/><OtherTag ID="BT510" LABEL="GraphicZone:illustration" DESCRIPTION="block type GraphicZone:illustration"/><OtherTag ID="BT511" LABEL="GraphicZone:ornamentation" DESCRIPTION="block type GraphicZone:ornamentation"/><OtherTag ID="BT512" LABEL="MainZone" DESCRIPTION="block type MainZone"/><OtherTag ID="BT513" LABEL="MainZone:columns" DESCRIPTION="block type MainZone:columns"/><OtherTag ID="BT514" LABEL="MarginTextZone:colophon" DESCRIPTION="block type MarginTextZone:colophon"/><OtherTag ID="BT515" LABEL="MarginTextZone:note" DESCRIPTION="block type MarginTextZone:note"/><OtherTag ID="BT516" LABEL="MusicZone" DESCRIPTION="block type MusicZone"/><OtherTag ID="BT517" LABEL="NumberingZone:page" DESCRIPTION="block type NumberingZone:page"/><OtherTag ID="BT518" LABEL="QuireMarksZone:catchwords" DESCRIPTION="block type QuireMarksZone:catchwords"/><OtherTag ID="BT519" LABEL="QuireMarksZone:signature" DESCRIPTION="block type QuireMarksZone:signature"/><OtherTag ID="BT520" LABEL="RunningTitleZone" DESCRIPTION="block type RunningTitleZone"/>
    <OtherTag ID="LT180" LABEL="CustomLine:propriedad" DESCRIPTION="line type CustomLine:propriedad"/><OtherTag ID="LT181" LABEL="CustomLine:trailer" DESCRIPTION="line type CustomLine:trailer"/><OtherTag ID="LT182" LABEL="DefaultLine" DESCRIPTION="line type DefaultLine"/><OtherTag ID="LT183" LABEL="HeadingLine" DESCRIPTION="line type HeadingLine"/>
  </Tags>
  
  <Layout>
    <Page WIDTH="1753"
          HEIGHT="2480"
          PHYSICAL_IMG_NR="28"
          ID="eSc_dummypage_">
      <PrintSpace HPOS="0"
                  VPOS="0"
                  WIDTH="1753"
                  HEIGHT="2480">
        
        <TextBlock HPOS="567.0"
                   VPOS="102.0"
                   WIDTH="631.0"
                   HEIGHT="233.0"
                   ID="eSc_textblock_5dc1b739"
                   TAGREFS="BT513">
          <Shape><Polygon POINTS="567 102 567 335 1198 335 1198 102"/></Shape>
          
          
          <TextLine ID="eSc_line_539fec9e"
                    TAGREFS="LT182"
                    BASELINE="680 186 1188 172" 
                    HPOS="673.0"
                    VPOS="103.0"
                    WIDTH="513.0"
                    HEIGHT="97.0">
            <Shape><Polygon POINTS="678 186 678 200 1186 190 1186 171 1180 111 1124 119 1095 111 1072 103 1070 103 1068 103 1066 103 1048 111 1029 119 996 111 973 105 971 105 969 105 967 105 965 105 965 107 961 111 948 126 886 130 835 130 804 113 802 113 800 113 797 113 795 113 795 115 779 130 673 113 678 186"/></Shape>
	    <String CONTENT="Flor, &#39;serafin ó deidad,"
                    HPOS="673.0"
                    VPOS="103.0"
                    WIDTH="513.0"
                    HEIGHT="97.0"></String>
          </TextLine>

          
          
          <TextLine ID="eSc_line_91e8e4c6"
                    TAGREFS="LT182"
                    BASELINE="628 235 1120 219" 
                    HPOS="624.0"
                    VPOS="169.0"
                    WIDTH="496.0"
                    HEIGHT="87.0">
            <Shape><Polygon POINTS="628 235 624 188 804 192 868 183 934 175 934 175 936 175 936 175 936 175 938 175 938 175 940 175 950 183 955 183 957 183 965 175 965 173 965 173 967 173 967 173 967 173 969 173 969 173 969 173 971 173 971 173 973 173 973 173 973 173 992 181 1070 169 1070 169 1072 169 1072 169 1072 169 1074 169 1118 181 1120 219 1120 235 628 256"/></Shape>
	    <String CONTENT="bello clavel de cupido,"
                    HPOS="624.0"
                    VPOS="169.0"
                    WIDTH="496.0"
                    HEIGHT="87.0"></String>
          </TextLine>

          
          
          <TextLine ID="eSc_line_311154f9"
                    TAGREFS="LT182"
                    BASELINE="638 285 1151 268" 
                    HPOS="634.0"
                    VPOS="229.0"
                    WIDTH="517.0"
                    HEIGHT="78.0">
            <Shape><Polygon POINTS="638 285 634 239 1145 229 1151 268 1151 293 771 293 758 303 758 305 758 305 758 305 756 305 756 305 756 305 754 305 754 305 754 305 638 307"/></Shape>
	    <String CONTENT="págame como es debido,"
                    HPOS="634.0"
                    VPOS="229.0"
                    WIDTH="517.0"
                    HEIGHT="78.0"></String>
          </TextLine>

          
          
          <TextLine ID="eSc_line_520c39c4"
                    TAGREFS="LT182"
                    BASELINE="642 332 1099 318" 
                    HPOS="636.0"
                    VPOS="272.0"
                    WIDTH="463.0"
                    HEIGHT="95.0">
            <Shape><Polygon POINTS="642 332 636 299 671 285 671 285 673 285 673 285 675 285 675 285 675 285 678 285 678 285 678 285 680 285 680 285 680 287 690 295 690 295 760 295 762 291 769 283 771 283 771 281 771 281 773 281 773 281 773 281 775 281 775 281 777 281 874 285 940 287 952 281 961 274 963 274 963 274 963 274 965 274 965 274 967 274 967 274 967 274 969 274 981 279 996 283 1093 272 1099 318 1099 359 1035 347 948 347 924 359 903 367 903 367 901 367 901 367 901 367 899 367 640 357"/></Shape>
	    <String CONTENT="amor fineza y lealtad."
                    HPOS="636.0"
                    VPOS="272.0"
                    WIDTH="463.0"
                    HEIGHT="95.0"></String>
          </TextLine>

          
        </TextBlock>
        
        <TextBlock HPOS="248.0"
                   VPOS="407.0"
                   WIDTH="717.0"
                   HEIGHT="1004.0"
                   ID="eSc_textblock_22ffa435"
                   TAGREFS="BT513">
          <Shape><Polygon POINTS="959 485 932 494 874 494 874 639 892 639 874 768 899 917 882 1089 940 1215 907 1411 281 1411 248 560 281 438 965 407 965 485"/></Shape>
          
          
          <TextLine ID="eSc_line_8d019a8a"
                    TAGREFS="LT182"
                    BASELINE="322 479 754 458 948 460" 
                    HPOS="314.0"
                    VPOS="369.0"
                    WIDTH="634.0"
                    HEIGHT="133.0">
            <Shape><Polygon POINTS="322 479 314 442 341 427 341 427 341 427 343 427 343 427 343 427 345 427 345 427 386 434 417 438 489 423 489 423 489 423 491 423 491 423 491 423 494 423 494 423 516 434 539 415 541 413 541 413 543 413 543 413 543 413 545 413 545 413 547 413 547 413 547 413 556 413 622 429 651 407 651 407 653 407 653 407 655 407 655 407 655 407 657 407 657 407 657 407 715 419 756 390 775 376 777 376 777 376 777 376 779 376 779 376 779 376 942 369 948 460 946 481 888 483 886 483 886 483 886 483 884 483 884 483 884 483 882 483 882 483 882 483 872 473 859 483 859 483 857 483 857 483 857 483 857 483 855 483 855 483 853 483 853 483 849 483 758 475 684 487 636 493 636 493 634 493 634 493 634 493 632 493 632 493 616 487 601 481 593 487 582 496 582 496 580 496 580 496 578 496 578 496 578 496 576 496 576 496 533 489 508 485 494 489 465 500 465 500 463 500 463 500 460 500 460 500 460 500 458 500 458 500 436 491 432 489 429 491 401 502 401 502 398 502 398 502 396 502 396 502 320 491"/></Shape>
	    <String CONTENT="Con mucho gusto te adoro,"
                    HPOS="314.0"
                    VPOS="369.0"
                    WIDTH="634.0"
                    HEIGHT="133.0"></String>
          </TextLine>

          
          
          <TextLine ID="eSc_line_bc2c2655"
                    TAGREFS="LT182"
                    BASELINE="277 531 777 510" 
                    HPOS="274.0"
                    VPOS="460.0"
                    WIDTH="507.0"
                    HEIGHT="95.0">
            <Shape><Polygon POINTS="277 531 274 481 310 489 357 477 359 477 361 477 361 477 363 477 363 477 363 477 365 477 365 477 398 485 471 473 473 473 473 473 475 473 477 473 657 475 671 465 671 465 673 465 673 465 675 465 675 465 675 465 678 465 678 465 680 465 713 473 771 460 777 510 781 524 766 537 766 537 764 537 764 537 764 537 762 537 762 537 762 537 655 541 653 541 653 541 653 541 651 541 651 541 632 533 626 531 607 535 551 545 551 545 551 545 549 545 483 541 427 539 401 547 378 553 376 553 376 553 376 555 277 555"/></Shape>
	    <String CONTENT="tanto te llego à que er"
                    HPOS="274.0"
                    VPOS="460.0"
                    WIDTH="507.0"
                    HEIGHT="95.0"></String>
          </TextLine>

          
          
          <TextLine ID="eSc_line_34089e5c"
                    TAGREFS="LT182"
                    BASELINE="281 580 845 553" 
                    HPOS="274.0"
                    VPOS="506.0"
                    WIDTH="571.0"
                    HEIGHT="97.0">
            <Shape><Polygon POINTS="281 580 274 543 458 522 458 522 460 522 460 522 463 522 463 522 463 522 465 522 473 529 481 535 491 529 496 524 498 524 498 524 498 524 500 524 500 524 502 524 502 524 523 527 578 531 605 520 622 514 622 514 624 514 624 514 626 514 626 514 626 514 628 514 628 514 638 518 657 527 752 524 839 506 845 553 843 568 281 603"/></Shape>
	    <String CONTENT="que solo por ti he de ser"
                    HPOS="274.0"
                    VPOS="506.0"
                    WIDTH="571.0"
                    HEIGHT="97.0"></String>
          </TextLine>

          
          
          <TextLine ID="eSc_line_67cd6afe"
                    TAGREFS="LT182"
                    BASELINE="279 626 737 609 859 613" 
                    HPOS="272.0"
                    VPOS="560.0"
                    WIDTH="587.0"
                    HEIGHT="93.0">
            <Shape><Polygon POINTS="279 626 272 591 336 589 336 586 349 576 349 574 349 574 351 574 351 574 351 574 353 574 353 574 355 574 355 574 355 574 394 582 405 584 855 560 859 613 857 634 609 632 589 644 585 646 582 646 582 646 582 646 580 646 580 646 578 646 578 646 560 644 496 636 483 646 479 651 479 653 479 653 477 653 477 653 477 653 475 653 475 653 473 653 473 653 473 653 471 653 471 653 458 648 436 638 279 653"/></Shape>
	    <String CONTENT="esclavo con grillos de oro;"
                    HPOS="272.0"
                    VPOS="560.0"
                    WIDTH="587.0"
                    HEIGHT="93.0"></String>
          </TextLine>

          
          
          <TextLine ID="eSc_line_dd38b29a"
                    TAGREFS="LT182"
                    BASELINE="303 684 355 673 731 661" 
                    HPOS="297.0"
                    VPOS="620.0"
                    WIDTH="434.0"
                    HEIGHT="78.0">
            <Shape><Polygon POINTS="303 684 297 640 367 626 367 626 367 626 370 626 370 626 372 626 405 634 407 634 409 634 434 624 434 624 436 624 436 624 438 624 438 624 438 624 440 624 465 632 467 632 471 632 489 622 489 622 489 622 491 622 491 622 491 622 725 620 731 661 729 682 475 682 446 692 442 694 442 694 440 694 440 694 440 694 303 698"/></Shape>
	    <String CONTENT="y sujeto á tu decoro"
                    HPOS="297.0"
                    VPOS="620.0"
                    WIDTH="434.0"
                    HEIGHT="78.0"></String>
          </TextLine>

          
          
          <TextLine ID="eSc_line_a85cf5da"
                    TAGREFS="LT182"
                    BASELINE="285 725 692 713" 
                    HPOS="279.0"
                    VPOS="669.0"
                    WIDTH="413.0"
                    HEIGHT="75.0">
            <Shape><Polygon POINTS="285 725 279 688 686 669 692 713 690 725 285 744"/></Shape>
	    <String CONTENT="estaré con lealtad,"
                    HPOS="279.0"
                    VPOS="669.0"
                    WIDTH="413.0"
                    HEIGHT="75.0"></String>
          </TextLine>

          
          
          <TextLine ID="eSc_line_35d301a2"
                    TAGREFS="LT182"
                    BASELINE="299 775 735 754" 
                    HPOS="293.0"
                    VPOS="708.0"
                    WIDTH="442.0"
                    HEIGHT="91.0">
            <Shape><Polygon POINTS="299 775 293 735 729 708 735 754 733 779 647 772 299 799"/></Shape>
	    <String CONTENT="y tu hermosura será"
                    HPOS="293.0"
                    VPOS="708.0"
                    WIDTH="442.0"
                    HEIGHT="91.0"></String>
          </TextLine>

          
          
          <TextLine ID="eSc_line_12a7c58f"
                    TAGREFS="LT182"
                    BASELINE="291 822 787 803" 
                    HPOS="285.0"
                    VPOS="766.0"
                    WIDTH="502.0"
                    HEIGHT="77.0">
            <Shape><Polygon POINTS="291 822 285 787 508 766 510 766 783 768 787 803 787 822 291 843"/></Shape>
	    <String CONTENT="en mi pecho colocada,"
                    HPOS="285.0"
                    VPOS="766.0"
                    WIDTH="502.0"
                    HEIGHT="77.0"></String>
          </TextLine>

          
          
          <TextLine ID="eSc_line_f612a7ad"
                    TAGREFS="LT182"
                    BASELINE="295 870 795 849" 
                    HPOS="291.0"
                    VPOS="810.0"
                    WIDTH="504.0"
                    HEIGHT="82.0">
            <Shape><Polygon POINTS="295 870 291 830 789 810 795 849 795 870 502 872 448 886 444 886 444 886 444 886 442 886 442 886 442 886 440 886 394 878 295 892"/></Shape>
	    <String CONTENT="pues eres la idolatrada"
                    HPOS="291.0"
                    VPOS="810.0"
                    WIDTH="504.0"
                    HEIGHT="82.0"></String>
          </TextLine>

          
          
          <TextLine ID="eSc_line_7283c44d"
                    TAGREFS="LT182"
                    BASELINE="295 921 742 901" 
                    HPOS="289.0"
                    VPOS="855.0"
                    WIDTH="455.0"
                    HEIGHT="91.0">
            <Shape><Polygon POINTS="295 921 289 880 454 876 483 870 558 855 558 855 558 855 560 855 560 855 613 863 636 865 642 861 651 855 653 855 653 855 653 855 655 855 655 855 657 855 737 857 742 901 744 911 731 923 731 925 731 925 729 925 729 925 729 925 727 925 727 925 727 925 725 925 725 925 723 925 723 925 723 925 721 925 704 915 702 915 620 917 618 921 613 927 613 927 611 927 611 930 611 930 609 930 609 930 609 930 607 930 607 930 605 930 605 930 564 925 533 923 504 930 475 938 473 938 473 938 471 938 432 936 351 932 297 946"/></Shape>
	    <String CONTENT="flor, serafin ó deidad."
                    HPOS="289.0"
                    VPOS="855.0"
                    WIDTH="455.0"
                    HEIGHT="91.0"></String>
          </TextLine>

          
          
          <TextLine ID="eSc_line_0f741542"
                    TAGREFS="LT182"
                    BASELINE="343 963 843 942" 
                    HPOS="332.0"
                    VPOS="899.0"
                    WIDTH="511.0"
                    HEIGHT="88.0">
            <Shape><Polygon POINTS="343 963 332 932 343 917 343 917 345 917 345 915 345 915 347 915 347 915 347 915 349 915 349 915 351 915 351 915 438 923 539 907 539 907 541 907 541 907 541 907 543 907 572 915 580 917 837 899 843 942 843 973 750 977 748 977 748 977 746 977 742 977 702 965 694 975 692 975 692 977 692 977 690 977 690 977 690 977 688 977 688 977 688 977 686 977 684 977 566 971 547 981 539 987 537 987 537 987 535 987 535 987 535 987 533 987 533 987 533 987 531 987 531 987 529 987 520 981 508 975 343 985"/></Shape>
	    <String CONTENT="Si consigo ser dichoso"
                    HPOS="332.0"
                    VPOS="899.0"
                    WIDTH="511.0"
                    HEIGHT="88.0"></String>
          </TextLine>

          
          
          <TextLine ID="eSc_line_6cfe5dbd"
                    TAGREFS="LT182"
                    BASELINE="293 1014 756 996" 
                    HPOS="287.0"
                    VPOS="954.0"
                    WIDTH="469.0"
                    HEIGHT="83.0">
            <Shape><Polygon POINTS="293 1014 287 977 448 961 448 961 450 961 525 967 537 967 545 967 589 954 591 954 591 954 593 954 752 958 756 996 756 1010 293 1037"/></Shape>
	    <String CONTENT="será felice mi suerte,"
                    HPOS="287.0"
                    VPOS="954.0"
                    WIDTH="469.0"
                    HEIGHT="83.0"></String>
          </TextLine>

          
          
          <TextLine ID="eSc_line_606b7b87"
                    TAGREFS="LT182"
                    BASELINE="349 1062 760 1045" 
                    HPOS="345.0"
                    VPOS="1004.0"
                    WIDTH="415.0"
                    HEIGHT="81.0">
            <Shape><Polygon POINTS="349 1062 345 1023 754 1004 760 1045 758 1066 659 1062 624 1070 591 1076 591 1076 591 1076 589 1076 589 1076 589 1076 587 1076 568 1070 554 1066 520 1072 450 1082 450 1082 448 1082 448 1082 448 1082 407 1072 401 1072 396 1074 370 1085 370 1085 367 1085 367 1085 367 1085 365 1085 365 1085 363 1085 363 1085 363 1085 345 1074"/></Shape>
	    <String CONTENT="seré para quererte"
                    HPOS="345.0"
                    VPOS="1004.0"
                    WIDTH="415.0"
                    HEIGHT="81.0"></String>
          </TextLine>

          
          
          <TextLine ID="eSc_line_271d7d63"
                    TAGREFS="LT182"
                    BASELINE="299 1111 812 1093" 
                    HPOS="291.0"
                    VPOS="1049.0"
                    WIDTH="521.0"
                    HEIGHT="87.0">
            <Shape><Polygon POINTS="299 1111 291 1076 351 1060 353 1060 353 1060 355 1060 355 1060 355 1060 357 1060 392 1070 394 1070 514 1068 520 1064 537 1054 539 1054 539 1054 541 1054 541 1054 541 1054 543 1054 543 1054 593 1060 611 1062 624 1058 647 1049 647 1049 649 1049 649 1049 651 1049 808 1049 812 1093 812 1111 696 1124 694 1124 694 1124 628 1118 603 1116 597 1118 587 1128 587 1128 585 1128 585 1128 585 1128 582 1128 582 1128 580 1128 580 1128 580 1128 578 1128 578 1128 558 1120 554 1118 549 1120 529 1130 529 1130 529 1130 527 1130 527 1130 525 1130 525 1130 460 1122 450 1122 438 1124 355 1136 355 1136 353 1136 353 1136 353 1136 297 1126"/></Shape>
	    <String CONTENT="obgeto mas prodigioso:"
                    HPOS="291.0"
                    VPOS="1049.0"
                    WIDTH="521.0"
                    HEIGHT="87.0"></String>
          </TextLine>

          
          
          <TextLine ID="eSc_line_4ac76fc8"
                    TAGREFS="LT182"
                    BASELINE="299 1163 826 1144" 
                    HPOS="295.0"
                    VPOS="1105.0"
                    WIDTH="531.0"
                    HEIGHT="68.0">
            <Shape><Polygon POINTS="299 1163 295 1122 820 1105 826 1144 826 1163 299 1173"/></Shape>
	    <String CONTENT="si yo soy el venturoso,"
                    HPOS="295.0"
                    VPOS="1105.0"
                    WIDTH="531.0"
                    HEIGHT="68.0"></String>
          </TextLine>

          
          
          <TextLine ID="eSc_line_7832bb2b"
                    TAGREFS="LT182"
                    BASELINE="299 1211 835 1190" 
                    HPOS="295.0"
                    VPOS="1151.0"
                    WIDTH="540.0"
                    HEIGHT="82.0">
            <Shape><Polygon POINTS="299 1211 295 1163 828 1151 835 1190 835 1206 634 1209 632 1213 626 1221 624 1221 624 1223 624 1223 622 1223 622 1223 622 1223 620 1223 620 1223 620 1223 618 1223 618 1223 616 1223 616 1223 591 1215 589 1213 587 1215 570 1225 568 1225 568 1225 566 1225 566 1225 566 1225 458 1229 456 1229 456 1229 456 1229 409 1219 401 1229 398 1229 398 1231 398 1231 396 1231 396 1231 394 1231 394 1231 394 1231 351 1233 349 1233 349 1233 349 1233 297 1221"/></Shape>
	    <String CONTENT="aqui me tienes rendido,"
                    HPOS="295.0"
                    VPOS="1151.0"
                    WIDTH="540.0"
                    HEIGHT="82.0"></String>
          </TextLine>

          
          
          <TextLine ID="eSc_line_c8271d7e"
                    TAGREFS="LT182"
                    BASELINE="312 1258 917 1240" 
                    HPOS="308.0"
                    VPOS="1192.0"
                    WIDTH="609.0"
                    HEIGHT="85.0">
            <Shape><Polygon POINTS="312 1258 308 1217 911 1192 917 1240 913 1264 783 1254 709 1266 709 1266 709 1266 706 1266 706 1266 649 1258 609 1271 601 1273 599 1273 599 1273 599 1273 597 1273 597 1273 597 1273 587 1271 551 1262 541 1271 541 1273 541 1273 541 1273 539 1273 539 1273 539 1273 537 1273 537 1273 535 1273 535 1273 525 1273 465 1264 448 1273 444 1277 442 1277 442 1277 440 1277 440 1277 440 1277 438 1277 438 1277 438 1277 436 1277 425 1275 403 1266 312 1275"/></Shape>
	    <String CONTENT="que no me olvides te pido,"
                    HPOS="308.0"
                    VPOS="1192.0"
                    WIDTH="609.0"
                    HEIGHT="85.0"></String>
          </TextLine>

          
          
          <TextLine ID="eSc_line_ca2a6d3a"
                    TAGREFS="LT182"
                    BASELINE="303 1306 847 1287" 
                    HPOS="297.0"
                    VPOS="1242.0"
                    WIDTH="550.0"
                    HEIGHT="80.0">
            <Shape><Polygon POINTS="303 1306 297 1264 841 1242 847 1287 847 1304 303 1322"/></Shape>
	    <String CONTENT="no me mires con enojos"
                    HPOS="297.0"
                    VPOS="1242.0"
                    WIDTH="550.0"
                    HEIGHT="80.0"></String>
          </TextLine>

          
          
          <TextLine ID="eSc_line_d1ebbc86"
                    TAGREFS="LT182"
                    BASELINE="316 1355 828 1337" 
                    HPOS="312.0"
                    VPOS="1297.0"
                    WIDTH="516.0"
                    HEIGHT="81.0">
            <Shape><Polygon POINTS="316 1355 312 1314 822 1297 828 1337 822 1359 800 1349 775 1361 773 1361 773 1361 771 1361 771 1361 771 1361 769 1361 769 1361 766 1361 764 1361 727 1351 613 1368 601 1368 601 1368 599 1368 582 1368 429 1361 351 1374 351 1374 349 1374 349 1374 349 1374 347 1374 347 1374 347 1374 332 1366 320 1378"/></Shape>
	    <String CONTENT="pues eres para mis ojos"
                    HPOS="312.0"
                    VPOS="1297.0"
                    WIDTH="516.0"
                    HEIGHT="81.0"></String>
          </TextLine>

          
          
          <TextLine ID="eSc_line_9b4d9fd5"
                    TAGREFS="LT182"
                    BASELINE="314 1401 775 1384" 
                    HPOS="305.0"
                    VPOS="1341.0"
                    WIDTH="470.0"
                    HEIGHT="113.0">
            <Shape><Polygon POINTS="314 1401 305 1370 367 1353 370 1353 370 1353 372 1353 372 1353 372 1353 374 1353 374 1353 403 1364 543 1347 543 1347 545 1347 545 1347 547 1347 547 1347 547 1347 549 1347 549 1347 549 1349 558 1355 566 1347 566 1347 568 1347 568 1347 568 1347 570 1347 570 1347 572 1347 572 1347 655 1355 723 1341 723 1341 723 1341 725 1341 725 1341 727 1341 773 1353 775 1384 771 1440 678 1415 585 1417 560 1442 560 1444 560 1444 558 1444 558 1444 558 1444 558 1444 556 1444 556 1444 556 1444 554 1444 554 1444 551 1444 551 1444 514 1434 502 1446 500 1446 500 1448 500 1448 498 1448 498 1448 496 1448 496 1448 496 1448 450 1450 448 1450 448 1450 446 1450 446 1450 436 1446 390 1430 365 1448 359 1454 359 1454 357 1454 357 1454 355 1454 355 1454 355 1454 353 1454 353 1454 312 1448"/></Shape>
	    <String CONTENT="bello clavel de cupido."
                    HPOS="305.0"
                    VPOS="1341.0"
                    WIDTH="470.0"
                    HEIGHT="113.0"></String>
          </TextLine>

          
        </TextBlock>
        
        <TextBlock HPOS="984.0"
                   VPOS="380.0"
                   WIDTH="709.0"
                   HEIGHT="1031.0"
                   ID="eSc_textblock_8f5bb57d"
                   TAGREFS="BT513">
          <Shape><Polygon POINTS="1000 1386 984 554 996 554 996 406 1571 380 1693 405 1684 948 1643 1058 1651 1337 1610 1386 1048 1411"/></Shape>
          
          
          <TextLine ID="eSc_line_6df78765"
                    TAGREFS="LT182"
                    BASELINE="1017 452 1672 425" 
                    HPOS="1012.0"
                    VPOS="359.0"
                    WIDTH="660.0"
                    HEIGHT="118.0">
            <Shape><Polygon POINTS="1017 452 1012 384 1064 384 1064 384 1064 384 1066 384 1066 384 1066 384 1068 384 1068 384 1068 386 1079 396 1112 382 1120 380 1120 380 1122 380 1122 380 1124 380 1124 380 1124 380 1126 380 1126 380 1128 380 1128 380 1128 382 1130 382 1147 396 1203 382 1227 376 1229 376 1229 376 1232 376 1232 376 1234 376 1234 376 1250 382 1289 396 1356 396 1434 392 1457 380 1484 367 1484 367 1484 367 1486 367 1486 367 1488 367 1488 367 1490 367 1540 380 1546 382 1548 380 1558 365 1560 365 1560 363 1560 363 1562 363 1562 363 1562 363 1564 363 1564 363 1608 359 1610 359 1610 359 1610 359 1612 359 1670 380 1672 425 1670 454 1488 450 1397 462 1368 467 1368 467 1366 467 1366 467 1339 465 1273 458 1182 469 1116 477 1116 477 1114 477 1015 473"/></Shape>
	    <String CONTENT="De este, mi amor, no te enfades"
                    HPOS="1012.0"
                    VPOS="359.0"
                    WIDTH="660.0"
                    HEIGHT="118.0"></String>
          </TextLine>

          
          
          <TextLine ID="eSc_line_4524e517"
                    TAGREFS="LT182"
                    BASELINE="1002 500 1606 483" 
                    HPOS="996.0"
                    VPOS="440.0"
                    WIDTH="610.0"
                    HEIGHT="78.0">
            <Shape><Polygon POINTS="1002 500 996 462 1211 458 1211 456 1217 448 1219 448 1219 446 1219 446 1221 446 1221 446 1221 446 1223 446 1223 446 1223 446 1225 446 1345 452 1366 452 1378 450 1444 440 1444 440 1447 440 1602 446 1606 483 1606 502 1002 518"/></Shape>
	    <String CONTENT="que no pretendo enfadarte,"
                    HPOS="996.0"
                    VPOS="440.0"
                    WIDTH="610.0"
                    HEIGHT="78.0"></String>
          </TextLine>

          
          
          <TextLine ID="eSc_line_36048573"
                    TAGREFS="LT182"
                    BASELINE="1004 549 1519 531" 
                    HPOS="1000.0"
                    VPOS="489.0"
                    WIDTH="519.0"
                    HEIGHT="75.0">
            <Shape><Polygon POINTS="1004 549 1000 512 1513 489 1519 531 1519 547 1004 564"/></Shape>
	    <String CONTENT="que seré para adorarte"
                    HPOS="1000.0"
                    VPOS="489.0"
                    WIDTH="519.0"
                    HEIGHT="75.0"></String>
          </TextLine>

          
          
          <TextLine ID="eSc_line_16ef92c5"
                    TAGREFS="LT182"
                    BASELINE="1004 599 1573 584" 
                    HPOS="1000.0"
                    VPOS="535.0"
                    WIDTH="573.0"
                    HEIGHT="89.0">
            <Shape><Polygon POINTS="1004 599 1000 560 1077 558 1077 555 1083 547 1085 547 1085 545 1085 545 1087 545 1087 545 1087 545 1089 545 1089 545 1089 545 1091 545 1091 545 1143 551 1157 553 1566 535 1573 584 1571 609 1411 599 1327 611 1325 611 1325 611 1323 611 1323 611 1323 611 1320 611 1273 603 1258 613 1250 620 1248 620 1248 620 1248 620 1246 620 1246 620 1246 620 1244 620 1244 620 1242 620 1217 613 1190 605 1143 613 1083 624 1083 624 1081 624 1081 624 1081 624 1079 624 1079 624 1077 624 1077 624 1077 622 1066 613 1062 609 1056 613 1046 622 1043 622 1043 622 1043 622 1041 622 1041 622 1039 622 1039 622 1039 622 1002 613"/></Shape>
	    <String CONTENT="la puerta de las deidades;"
                    HPOS="1000.0"
                    VPOS="535.0"
                    WIDTH="573.0"
                    HEIGHT="89.0"></String>
          </TextLine>

          
          
          <TextLine ID="eSc_line_9d1c4d8e"
                    TAGREFS="LT182"
                    BASELINE="1008 646 1515 632" 
                    HPOS="1002.0"
                    VPOS="593.0"
                    WIDTH="513.0"
                    HEIGHT="74.0">
            <Shape><Polygon POINTS="1008 646 1002 611 1048 599 1050 599 1050 599 1050 599 1509 593 1515 632 1515 646 1008 667"/></Shape>
	    <String CONTENT="culpa mis necesidades"
                    HPOS="1002.0"
                    VPOS="593.0"
                    WIDTH="513.0"
                    HEIGHT="74.0"></String>
          </TextLine>

          
          
          <TextLine ID="eSc_line_d7d3ddcb"
                    TAGREFS="LT182"
                    BASELINE="1010 696 1593 682" 
                    HPOS="1008.0"
                    VPOS="630.0"
                    WIDTH="585.0"
                    HEIGHT="85.0">
            <Shape><Polygon POINTS="1010 696 1008 655 1215 655 1227 644 1234 638 1234 638 1236 638 1236 638 1236 638 1238 638 1238 638 1240 638 1240 638 1240 638 1242 638 1242 638 1244 638 1244 638 1244 640 1248 644 1261 653 1320 653 1335 640 1341 634 1341 634 1343 634 1343 634 1343 634 1345 634 1345 634 1347 634 1347 634 1347 634 1349 634 1366 638 1401 648 1587 630 1593 682 1591 706 1509 696 1428 696 1403 710 1401 710 1401 710 1401 710 1399 710 1399 710 1397 710 1397 710 1389 710 1327 702 1312 710 1312 713 1310 713 1310 713 1310 713 1308 713 1308 713 1308 713 1306 713 1283 713 1176 704 1010 715"/></Shape>
	    <String CONTENT="no me culpes de atrevido;"
                    HPOS="1008.0"
                    VPOS="630.0"
                    WIDTH="585.0"
                    HEIGHT="85.0"></String>
          </TextLine>

          
          
          <TextLine ID="eSc_line_c086332a"
                    TAGREFS="LT182"
                    BASELINE="1010 744 1533 729" 
                    HPOS="1006.0"
                    VPOS="686.0"
                    WIDTH="527.0"
                    HEIGHT="76.0">
            <Shape><Polygon POINTS="1010 744 1006 706 1527 686 1533 729 1533 746 1010 762"/></Shape>
	    <String CONTENT="advierte lo que te digo"
                    HPOS="1006.0"
                    VPOS="686.0"
                    WIDTH="527.0"
                    HEIGHT="76.0"></String>
          </TextLine>

          
          
          <TextLine ID="eSc_line_fd113181"
                    TAGREFS="LT182"
                    BASELINE="1015 793 1643 783" 
                    HPOS="1010.0"
                    VPOS="739.0"
                    WIDTH="633.0"
                    HEIGHT="71.0">
            <Shape><Polygon POINTS="1015 793 1010 750 1637 739 1643 783 1641 806 1517 797 1401 808 1368 810 1366 810 1012 808"/></Shape>
	    <String CONTENT="que amor con amor se paga;"
                    HPOS="1010.0"
                    VPOS="739.0"
                    WIDTH="633.0"
                    HEIGHT="71.0"></String>
          </TextLine>

          
          
          <TextLine ID="eSc_line_14a6df5b"
                    TAGREFS="LT182"
                    BASELINE="1017 839 1473 828" 
                    HPOS="1012.0"
                    VPOS="787.0"
                    WIDTH="461.0"
                    HEIGHT="74.0">
            <Shape><Polygon POINTS="1017 839 1012 803 1467 787 1473 828 1473 845 1017 861"/></Shape>
	    <String CONTENT="para sanar esta llaga"
                    HPOS="1012.0"
                    VPOS="787.0"
                    WIDTH="461.0"
                    HEIGHT="74.0"></String>
          </TextLine>

          
          
          <TextLine ID="eSc_line_e803a5ec"
                    TAGREFS="LT182"
                    BASELINE="1019 890 1531 874" 
                    HPOS="1015.0"
                    VPOS="849.0"
                    WIDTH="516.0"
                    HEIGHT="66.0">
            <Shape><Polygon POINTS="1019 890 1015 851 1461 849 1531 874 1529 888 1339 905 1337 905 1244 905 1091 903 1019 915"/></Shape>
	    <String CONTENT="págame como es debido."
                    HPOS="1015.0"
                    VPOS="849.0"
                    WIDTH="516.0"
                    HEIGHT="66.0"></String>
          </TextLine>

          
          
          <TextLine ID="eSc_line_ad5818cc"
                    TAGREFS="LT182"
                    BASELINE="1064 936 1662 919" 
                    HPOS="1060.0"
                    VPOS="880.0"
                    WIDTH="602.0"
                    HEIGHT="78.0">
            <Shape><Polygon POINTS="1064 936 1060 894 1655 880 1662 919 1662 938 1064 958"/></Shape>
	    <String CONTENT="En fin, si tu amor me ama"
                    HPOS="1060.0"
                    VPOS="880.0"
                    WIDTH="602.0"
                    HEIGHT="78.0"></String>
          </TextLine>

          
          
          <TextLine ID="eSc_line_4fe55f10"
                    TAGREFS="LT182"
                    BASELINE="1070 987 1507 977" 
                    HPOS="1066.0"
                    VPOS="930.0"
                    WIDTH="441.0"
                    HEIGHT="76.0">
            <Shape><Polygon POINTS="1070 987 1066 946 1500 930 1507 977 1504 998 1442 987 1407 998 1397 1002 1395 1002 1395 1002 1395 1002 1320 1004 1318 1004 1318 1004 1318 1004 1316 1004 1316 1004 1314 1004 1314 1004 1314 1004 1310 998 1300 992 1273 998 1240 1006 1240 1006 1240 1006 1238 1006 1238 1006 1238 1006 1196 998 1165 994 1070 998"/></Shape>
	    <String CONTENT="me llegas à querer,"
                    HPOS="1066.0"
                    VPOS="930.0"
                    WIDTH="441.0"
                    HEIGHT="76.0"></String>
          </TextLine>

          
          
          <TextLine ID="eSc_line_67e46e94"
                    TAGREFS="LT182"
                    BASELINE="1019 1033 1467 1023" 
                    HPOS="1012.0"
                    VPOS="975.0"
                    WIDTH="455.0"
                    HEIGHT="72.0">
            <Shape><Polygon POINTS="1019 1033 1012 996 1461 975 1467 1023 1467 1039 1019 1047"/></Shape>
	    <String CONTENT="en mi llegarás á ver"
                    HPOS="1012.0"
                    VPOS="975.0"
                    WIDTH="455.0"
                    HEIGHT="72.0"></String>
          </TextLine>

          
          
          <TextLine ID="eSc_line_cfca4d0a"
                    TAGREFS="LT182"
                    BASELINE="1019 1082 1589 1064" 
                    HPOS="1015.0"
                    VPOS="1025.0"
                    WIDTH="574.0"
                    HEIGHT="80.0">
            <Shape><Polygon POINTS="1019 1082 1015 1043 1583 1025 1589 1064 1589 1082 1525 1095 1525 1095 1525 1095 1523 1095 1397 1087 1368 1087 1360 1089 1316 1101 1314 1101 1314 1101 1314 1101 1312 1101 1312 1101 1310 1101 1267 1091 1265 1091 1263 1091 1196 1105 1196 1105 1196 1105 1194 1105 1017 1095"/></Shape>
	    <String CONTENT="dar la vida por mi dama:"
                    HPOS="1015.0"
                    VPOS="1025.0"
                    WIDTH="574.0"
                    HEIGHT="80.0"></String>
          </TextLine>

          
          
          <TextLine ID="eSc_line_03686f53"
                    TAGREFS="LT182"
                    BASELINE="1019 1132 1475 1116" 
                    HPOS="1015.0"
                    VPOS="1072.0"
                    WIDTH="460.0"
                    HEIGHT="81.0">
            <Shape><Polygon POINTS="1019 1132 1015 1091 1351 1087 1356 1085 1374 1072 1376 1072 1376 1072 1376 1072 1378 1072 1378 1072 1380 1072 1380 1072 1471 1082 1475 1116 1475 1130 1019 1153"/></Shape>
	    <String CONTENT="si conoces esta fama"
                    HPOS="1015.0"
                    VPOS="1072.0"
                    WIDTH="460.0"
                    HEIGHT="81.0"></String>
          </TextLine>

          
          
          <TextLine ID="eSc_line_692a068d"
                    TAGREFS="LT182"
                    BASELINE="1019 1180 1573 1169" 
                    HPOS="1012.0"
                    VPOS="1118.0"
                    WIDTH="561.0"
                    HEIGHT="86.0">
            <Shape><Polygon POINTS="1019 1180 1012 1140 1035 1128 1035 1128 1035 1128 1037 1128 1037 1128 1039 1128 1039 1128 1122 1136 1126 1136 1265 1134 1265 1132 1277 1122 1277 1122 1279 1122 1279 1122 1279 1122 1281 1122 1281 1122 1281 1122 1283 1122 1283 1122 1283 1122 1285 1122 1285 1122 1306 1130 1310 1132 1316 1130 1360 1120 1362 1120 1362 1120 1364 1120 1364 1120 1364 1120 1366 1120 1366 1120 1389 1128 1395 1130 1409 1128 1467 1118 1467 1118 1467 1118 1469 1118 1569 1124 1573 1169 1569 1194 1180 1192 1132 1202 1118 1204 1118 1204 1118 1204 1116 1204 1116 1204 1097 1202 1037 1194 1023 1204"/></Shape>
	    <String CONTENT="siempre será mi lealtad,"
                    HPOS="1012.0"
                    VPOS="1118.0"
                    WIDTH="561.0"
                    HEIGHT="86.0"></String>
          </TextLine>

          
          
          <TextLine ID="eSc_line_0fa85c5b"
                    TAGREFS="LT182"
                    BASELINE="1031 1233 1455 1217" 
                    HPOS="1025.0"
                    VPOS="1175.0"
                    WIDTH="430.0"
                    HEIGHT="77.0">
            <Shape><Polygon POINTS="1031 1233 1025 1184 1449 1175 1455 1217 1455 1235 1031 1252"/></Shape>
	    <String CONTENT="y con fina voluntad"
                    HPOS="1025.0"
                    VPOS="1175.0"
                    WIDTH="430.0"
                    HEIGHT="77.0"></String>
          </TextLine>

          
          
          <TextLine ID="eSc_line_765b2a43"
                    TAGREFS="LT182"
                    BASELINE="1021 1279 1484 1266" 
                    HPOS="1015.0"
                    VPOS="1227.0"
                    WIDTH="469.0"
                    HEIGHT="75.0">
            <Shape><Polygon POINTS="1021 1279 1015 1237 1478 1227 1484 1266 1484 1283 1151 1297 1149 1297 1149 1297 1145 1297 1095 1289 1021 1302"/></Shape>
	    <String CONTENT="á servirte me sujeto"
                    HPOS="1015.0"
                    VPOS="1227.0"
                    WIDTH="469.0"
                    HEIGHT="75.0"></String>
          </TextLine>

          
          
          <TextLine ID="eSc_line_b15cea37"
                    TAGREFS="LT182"
                    BASELINE="1025 1326 1614 1314" 
                    HPOS="1021.0"
                    VPOS="1258.0"
                    WIDTH="593.0"
                    HEIGHT="91.0">
            <Shape><Polygon POINTS="1025 1326 1021 1289 1091 1275 1091 1275 1091 1275 1093 1275 1203 1279 1213 1279 1215 1279 1244 1264 1244 1264 1244 1264 1246 1264 1246 1264 1248 1264 1248 1264 1248 1264 1250 1264 1250 1264 1250 1264 1271 1277 1277 1279 1289 1275 1329 1262 1331 1262 1331 1262 1331 1262 1333 1262 1333 1262 1335 1262 1335 1262 1335 1262 1337 1262 1337 1262 1337 1264 1345 1273 1354 1281 1409 1281 1436 1268 1436 1268 1438 1268 1438 1268 1438 1268 1438 1268 1440 1268 1440 1268 1440 1268 1442 1268 1473 1277 1498 1264 1513 1258 1513 1258 1513 1258 1515 1258 1515 1258 1517 1258 1610 1260 1614 1314 1612 1339 1486 1343 1484 1343 1484 1343 1467 1341 1420 1330 1405 1341 1401 1345 1401 1345 1399 1345 1399 1345 1399 1345 1397 1345 1397 1345 1395 1345 1395 1345 1395 1345 1393 1345 1378 1341 1349 1333 1234 1341 1149 1347 1147 1347 1147 1347 1147 1347 1145 1347 1145 1347 1145 1347 1132 1341 1124 1337 1114 1341 1099 1349 1099 1349 1099 1349 1097 1349 1097 1349 1095 1349 1095 1349 1023 1341"/></Shape>
	    <String CONTENT="con obediencia y respeto,"
                    HPOS="1021.0"
                    VPOS="1258.0"
                    WIDTH="593.0"
                    HEIGHT="91.0"></String>
          </TextLine>

          
          
          <TextLine ID="eSc_line_1e96c107"
                    TAGREFS="LT182"
                    BASELINE="1029 1378 1494 1364" 
                    HPOS="1025.0"
                    VPOS="1324.0"
                    WIDTH="471.0"
                    HEIGHT="97.0">
            <Shape><Polygon POINTS="1029 1378 1025 1339 1488 1324 1494 1364 1496 1407 1434 1409 1432 1409 1432 1409 1432 1409 1430 1409 1430 1409 1378 1392 1331 1392 1300 1413 1298 1415 1296 1415 1296 1415 1296 1415 1294 1415 1294 1415 1292 1415 1292 1415 1292 1415 1289 1415 1289 1415 1285 1413 1250 1397 1227 1413 1225 1413 1225 1413 1225 1413 1223 1413 1223 1413 1223 1413 1221 1413 1221 1413 1219 1413 1219 1413 1219 1413 1217 1413 1196 1401 1130 1401 1097 1419 1093 1421 1091 1421 1091 1421 1089 1421 1089 1421 1089 1421 1087 1421 1027 1419"/></Shape>
	    <String CONTENT="amor fineza y lealtad."
                    HPOS="1025.0"
                    VPOS="1324.0"
                    WIDTH="471.0"
                    HEIGHT="97.0"></String>
          </TextLine>

          
        </TextBlock>
        
        <TextBlock HPOS="638.0"
                   VPOS="1421.0"
                   WIDTH="648.0"
                   HEIGHT="228.0"
                   ID="eSc_textblock_e50da1ab"
                   TAGREFS="BT513">
          <Shape><Polygon POINTS="638 1444 638 1649 1286 1649 1286 1421"/></Shape>
          
          
          <TextLine ID="eSc_line_88f65609"
                    TAGREFS="LT182"
                    BASELINE="721 1479 1248 1465" 
                    HPOS="713.0"
                    VPOS="1411.0"
                    WIDTH="535.0"
                    HEIGHT="87.0">
            <Shape><Polygon POINTS="721 1479 713 1444 740 1432 740 1432 742 1432 742 1432 742 1432 744 1432 744 1432 812 1438 826 1426 826 1426 828 1426 828 1426 828 1426 831 1426 831 1426 831 1426 833 1426 833 1426 835 1426 835 1426 868 1438 895 1421 897 1421 897 1421 899 1421 899 1421 899 1421 901 1421 901 1421 901 1421 903 1421 903 1421 903 1421 928 1436 948 1415 948 1413 948 1413 950 1413 950 1413 950 1413 952 1413 952 1413 952 1413 1023 1411 1025 1411 1095 1411 1095 1411 1095 1411 1097 1411 1097 1411 1097 1411 1099 1411 1099 1411 1122 1430 1242 1430 1248 1465 1248 1477 721 1498"/></Shape>
	    <String CONTENT="Si acaso no me conoces"
                    HPOS="713.0"
                    VPOS="1411.0"
                    WIDTH="535.0"
                    HEIGHT="87.0"></String>
          </TextLine>

          
          
          <TextLine ID="eSc_line_d60526dc"
                    TAGREFS="LT182"
                    BASELINE="684 1533 1153 1516" 
                    HPOS="680.0"
                    VPOS="1471.0"
                    WIDTH="473.0"
                    HEIGHT="81.0">
            <Shape><Polygon POINTS="684 1533 680 1492 791 1494 843 1488 915 1477 915 1477 917 1477 1041 1483 1070 1483 1074 1481 1089 1471 1091 1471 1091 1471 1091 1471 1093 1471 1093 1471 1093 1471 1095 1471 1095 1471 1149 1481 1153 1516 1153 1535 684 1552"/></Shape>
	    <String CONTENT="y me quieres conocer,"
                    HPOS="680.0"
                    VPOS="1471.0"
                    WIDTH="473.0"
                    HEIGHT="81.0"></String>
          </TextLine>

          
          
          <TextLine ID="eSc_line_7697472c"
                    TAGREFS="LT182"
                    BASELINE="682 1578 1217 1564" 
                    HPOS="675.0"
                    VPOS="1516.0"
                    WIDTH="542.0"
                    HEIGHT="73.0">
            <Shape><Polygon POINTS="682 1578 675 1541 1211 1516 1217 1564 1215 1583 682 1589"/></Shape>
	    <String CONTENT="Pedro Buscarlo me llamo,"
                    HPOS="675.0"
                    VPOS="1516.0"
                    WIDTH="542.0"
                    HEIGHT="73.0"></String>
          </TextLine>

          
          
          <TextLine ID="eSc_line_e5a2d469"
                    TAGREFS="LT182"
                    BASELINE="684 1626 1124 1616" 
                    HPOS="680.0"
                    VPOS="1572.0"
                    WIDTH="448.0"
                    HEIGHT="87.0">
            <Shape><Polygon POINTS="684 1626 680 1593 766 1576 766 1576 769 1576 769 1576 769 1576 771 1576 810 1587 948 1572 948 1572 950 1572 1120 1583 1124 1616 1128 1630 1103 1645 1101 1645 1101 1645 1099 1645 1099 1645 1099 1645 1097 1645 1097 1645 1097 1645 1095 1645 1095 1645 1093 1645 1074 1634 1074 1632 1072 1634 1052 1647 1050 1647 1050 1647 1048 1647 1048 1647 1048 1647 1046 1647 1046 1647 1043 1647 1010 1638 977 1630 893 1630 857 1647 857 1647 855 1647 855 1647 855 1647 853 1647 853 1647 851 1647 851 1647 851 1647 828 1634 800 1653 793 1657 791 1657 791 1657 791 1657 789 1657 789 1657 789 1657 684 1659"/></Shape>
	    <String CONTENT="marido de mi muger."
                    HPOS="680.0"
                    VPOS="1572.0"
                    WIDTH="448.0"
                    HEIGHT="87.0"></String>
          </TextLine>

          
        </TextBlock>
        
        <TextBlock HPOS="297.0"
                   VPOS="1719.0"
                   WIDTH="693.0"
                   HEIGHT="519.0"
                   ID="eSc_textblock_d6690e61"
                   TAGREFS="BT513">
          <Shape><Polygon POINTS="915 2099 957 2122 907 2141 957 2157 948 2213 347 2238 297 1948 297 1818 330 1744 628 1719 874 1719 890 1791 981 1826 957 1940 990 2039 965 2097"/></Shape>
          
          
          <TextLine ID="eSc_line_97f45685"
                    TAGREFS="LT182"
                    BASELINE="376 1769 872 1754" 
                    HPOS="370.0"
                    VPOS="1696.0"
                    WIDTH="502.0"
                    HEIGHT="89.0">
            <Shape><Polygon POINTS="376 1769 370 1698 440 1696 442 1696 442 1696 444 1696 444 1696 444 1696 450 1698 496 1725 518 1709 520 1709 520 1709 520 1709 523 1709 523 1709 523 1709 525 1709 525 1709 613 1725 665 1709 667 1709 667 1709 667 1709 669 1709 669 1709 671 1709 671 1709 709 1723 725 1709 725 1709 727 1709 727 1709 727 1709 729 1709 729 1709 731 1709 731 1709 731 1709 733 1709 733 1709 733 1709 754 1719 783 1709 793 1705 793 1705 795 1705 795 1705 795 1705 797 1705 868 1711 872 1754 870 1775 376 1785"/></Shape>
	    <String CONTENT="Vivo dentro del lugar"
                    HPOS="370.0"
                    VPOS="1696.0"
                    WIDTH="502.0"
                    HEIGHT="89.0"></String>
          </TextLine>

          
          
          <TextLine ID="eSc_line_352122c8"
                    TAGREFS="LT182"
                    BASELINE="322 1820 781 1808" 
                    HPOS="316.0"
                    VPOS="1762.0"
                    WIDTH="465.0"
                    HEIGHT="73.0">
            <Shape><Polygon POINTS="322 1820 316 1783 667 1775 669 1773 692 1762 692 1762 694 1762 694 1762 694 1762 696 1762 777 1771 781 1808 779 1826 322 1835"/></Shape>
	    <String CONTENT="en una casa parada,"
                    HPOS="316.0"
                    VPOS="1762.0"
                    WIDTH="465.0"
                    HEIGHT="73.0"></String>
          </TextLine>

          
          
          <TextLine ID="eSc_line_b9256d43"
                    TAGREFS="LT182"
                    BASELINE="326 1870 979 1853" 
                    HPOS="322.0"
                    VPOS="1800.0"
                    WIDTH="657.0"
                    HEIGHT="80.0">
            <Shape><Polygon POINTS="326 1870 322 1831 458 1816 458 1816 460 1816 460 1816 463 1816 463 1816 463 1816 477 1822 485 1812 487 1812 487 1810 487 1810 489 1810 489 1810 489 1810 491 1810 491 1810 494 1810 494 1810 494 1810 496 1810 496 1810 531 1824 531 1824 618 1822 766 1820 812 1802 812 1802 814 1802 814 1802 814 1802 897 1800 899 1800 899 1800 975 1816 979 1853 979 1872 326 1880"/></Shape>
	    <String CONTENT="que si la encuentras cerrada,"
                    HPOS="322.0"
                    VPOS="1800.0"
                    WIDTH="657.0"
                    HEIGHT="80.0"></String>
          </TextLine>

          
          
          <TextLine ID="eSc_line_dbba8bfc"
                    TAGREFS="LT182"
                    BASELINE="326 1919 944 1901" 
                    HPOS="322.0"
                    VPOS="1855.0"
                    WIDTH="622.0"
                    HEIGHT="85.0">
            <Shape><Polygon POINTS="326 1919 322 1882 938 1855 944 1901 942 1913 326 1940"/></Shape>
	    <String CONTENT="no tiene por donde entrar:"
                    HPOS="322.0"
                    VPOS="1855.0"
                    WIDTH="622.0"
                    HEIGHT="85.0"></String>
          </TextLine>

          
          
          <TextLine ID="eSc_line_1300b4a2"
                    TAGREFS="LT182"
                    BASELINE="330 1967 845 1950" 
                    HPOS="326.0"
                    VPOS="1909.0"
                    WIDTH="519.0"
                    HEIGHT="72.0">
            <Shape><Polygon POINTS="330 1967 326 1926 839 1909 845 1950 841 1975 804 1967 700 1977 651 1981 649 1981 328 1979"/></Shape>
	    <String CONTENT="si me vienes á buscar"
                    HPOS="326.0"
                    VPOS="1909.0"
                    WIDTH="519.0"
                    HEIGHT="72.0"></String>
          </TextLine>

          
          
          <TextLine ID="eSc_line_241e7c60"
                    TAGREFS="LT182"
                    BASELINE="347 2019 979 1996" 
                    HPOS="343.0"
                    VPOS="1946.0"
                    WIDTH="636.0"
                    HEIGHT="89.0">
            <Shape><Polygon POINTS="347 2019 343 1969 804 1963 828 1959 948 1946 948 1946 950 1946 950 1946 952 1946 952 1946 977 1957 979 1996 979 2012 347 2035"/></Shape>
	    <String CONTENT="y no me hallas, dame voces,"
                    HPOS="343.0"
                    VPOS="1946.0"
                    WIDTH="636.0"
                    HEIGHT="89.0"></String>
          </TextLine>

          
          
          <TextLine ID="eSc_line_2dc18f81"
                    TAGREFS="LT182"
                    BASELINE="339 2062 971 2043" 
                    HPOS="332.0"
                    VPOS="2004.0"
                    WIDTH="639.0"
                    HEIGHT="77.0">
            <Shape><Polygon POINTS="339 2062 332 2023 965 2004 971 2043 971 2060 339 2081"/></Shape>
	    <String CONTENT="aunque las des bien atroces:"
                    HPOS="332.0"
                    VPOS="2004.0"
                    WIDTH="639.0"
                    HEIGHT="77.0"></String>
          </TextLine>

          
          
          <TextLine ID="eSc_line_0c28cee1"
                    TAGREFS="LT182"
                    BASELINE="339 2110 857 2093" 
                    HPOS="334.0"
                    VPOS="2048.0"
                    WIDTH="523.0"
                    HEIGHT="74.0">
            <Shape><Polygon POINTS="339 2110 334 2072 851 2048 857 2093 857 2114 339 2122"/></Shape>
	    <String CONTENT="señas formales te doy:"
                    HPOS="334.0"
                    VPOS="2048.0"
                    WIDTH="523.0"
                    HEIGHT="74.0"></String>
          </TextLine>

          
          
          <TextLine ID="eSc_line_837075dd"
                    TAGREFS="LT182"
                    BASELINE="357 2159 746 2147 880 2151" 
                    HPOS="355.0"
                    VPOS="2099.0"
                    WIDTH="525.0"
                    HEIGHT="81.0">
            <Shape><Polygon POINTS="357 2159 355 2114 491 2118 502 2112 508 2105 508 2105 510 2105 510 2105 510 2105 512 2105 512 2105 514 2105 514 2105 514 2105 543 2112 568 2116 605 2112 682 2099 682 2099 684 2099 878 2110 880 2151 880 2165 804 2167 802 2167 802 2167 802 2167 800 2167 800 2167 800 2167 797 2167 797 2167 785 2157 771 2170 771 2170 769 2170 769 2170 769 2170 766 2170 766 2170 764 2170 731 2170 448 2165 440 2176 438 2176 438 2178 438 2178 438 2178 436 2178 436 2178 436 2178 434 2178 434 2178 434 2180 357 2180"/></Shape>
	    <String CONTENT="padre de mis hijos soy,"
                    HPOS="355.0"
                    VPOS="2099.0"
                    WIDTH="525.0"
                    HEIGHT="81.0"></String>
          </TextLine>

          
          
          <TextLine ID="eSc_line_d5e63c2f"
                    TAGREFS="LT182"
                    BASELINE="353 2207 862 2192" 
                    HPOS="347.0"
                    VPOS="2155.0"
                    WIDTH="515.0"
                    HEIGHT="99.0">
            <Shape><Polygon POINTS="353 2207 347 2170 855 2155 862 2192 859 2221 775 2221 769 2223 727 2242 727 2242 725 2242 725 2242 725 2242 723 2242 723 2242 723 2242 655 2225 644 2223 640 2225 605 2248 603 2248 603 2248 601 2248 601 2248 601 2248 423 2254 421 2254 421 2254 421 2254 419 2254 349 2229"/></Shape>
	    <String CONTENT="si acaso no me conoces."
                    HPOS="347.0"
                    VPOS="2155.0"
                    WIDTH="515.0"
                    HEIGHT="99.0"></String>
          </TextLine>

          
        </TextBlock>
        
        <TextBlock HPOS="1033.0"
                   VPOS="1669.0"
                   WIDTH="668.0"
                   HEIGHT="560.0"
                   ID="eSc_textblock_5d823e66"
                   TAGREFS="BT513">
          <Shape><Polygon POINTS="1701 1711 1701 2139 1668 2188 1050 2229 1033 1711 1521 1669"/></Shape>
          
          
          <TextLine ID="eSc_line_051b2efb"
                    TAGREFS="LT182"
                    BASELINE="1093 1750 1544 1731 1674 1736" 
                    HPOS="1089.0"
                    VPOS="1661.0"
                    WIDTH="585.0"
                    HEIGHT="110.0">
            <Shape><Polygon POINTS="1093 1750 1089 1688 1182 1700 1196 1686 1215 1667 1215 1665 1215 1665 1217 1665 1217 1665 1217 1665 1219 1665 1219 1665 1219 1665 1327 1661 1329 1661 1329 1661 1329 1661 1331 1661 1380 1678 1420 1663 1420 1663 1422 1663 1422 1663 1424 1663 1424 1663 1424 1663 1426 1663 1426 1663 1426 1663 1428 1663 1461 1686 1469 1690 1521 1686 1633 1676 1633 1676 1635 1676 1635 1676 1637 1676 1674 1686 1674 1736 1674 1752 1597 1756 1595 1756 1595 1756 1595 1756 1593 1756 1593 1756 1591 1756 1591 1756 1591 1756 1581 1748 1573 1754 1573 1756 1573 1756 1573 1756 1571 1756 1571 1756 1571 1756 1569 1756 1569 1756 1569 1756 1566 1756 1556 1756 1444 1750 1358 1762 1323 1767 1323 1767 1320 1767 1320 1767 1320 1767 1318 1767 1308 1764 1283 1756 1273 1764 1269 1769 1269 1769 1267 1769 1267 1769 1267 1769 1265 1769 1265 1769 1265 1771 1093 1771"/></Shape>
	    <String CONTENT="Pregunta por el cuadrado,"
                    HPOS="1089.0"
                    VPOS="1661.0"
                    WIDTH="585.0"
                    HEIGHT="110.0"></String>
          </TextLine>

          
          
          <TextLine ID="eSc_line_7475c410"
                    TAGREFS="LT182"
                    BASELINE="1050 1800 1637 1779" 
                    HPOS="1043.0"
                    VPOS="1740.0"
                    WIDTH="594.0"
                    HEIGHT="76.0">
            <Shape><Polygon POINTS="1050 1800 1043 1758 1631 1740 1637 1779 1637 1802 1050 1816"/></Shape>
	    <String CONTENT="que es tocador de vihuela:"
                    HPOS="1043.0"
                    VPOS="1740.0"
                    WIDTH="594.0"
                    HEIGHT="76.0"></String>
          </TextLine>

          
          
          <TextLine ID="eSc_line_8de571b3"
                    TAGREFS="LT182"
                    BASELINE="1052 1849 1664 1829" 
                    HPOS="1048.0"
                    VPOS="1783.0"
                    WIDTH="616.0"
                    HEIGHT="87.0">
            <Shape><Polygon POINTS="1052 1849 1048 1812 1600 1783 1602 1783 1602 1783 1659 1793 1664 1829 1664 1849 1052 1870"/></Shape>
	    <String CONTENT="yo soy nieto de mi abuela,"
                    HPOS="1048.0"
                    VPOS="1783.0"
                    WIDTH="616.0"
                    HEIGHT="87.0"></String>
          </TextLine>

          
          
          <TextLine ID="eSc_line_3d558425"
                    TAGREFS="LT182"
                    BASELINE="1050 1895 1664 1876" 
                    HPOS="1043.0"
                    VPOS="1837.0"
                    WIDTH="621.0"
                    HEIGHT="74.0">
            <Shape><Polygon POINTS="1050 1895 1043 1857 1126 1845 1126 1845 1128 1845 1283 1849 1310 1849 1312 1849 1320 1841 1320 1839 1320 1839 1323 1839 1323 1839 1323 1839 1325 1839 1325 1839 1325 1839 1327 1839 1327 1839 1329 1839 1360 1847 1362 1847 1362 1847 1378 1837 1380 1837 1380 1837 1380 1837 1382 1837 1382 1837 1385 1837 1659 1839 1664 1876 1662 1899 1050 1911"/></Shape>
	    <String CONTENT="un hombre recio ò delgado,"
                    HPOS="1043.0"
                    VPOS="1837.0"
                    WIDTH="621.0"
                    HEIGHT="74.0"></String>
          </TextLine>

          
          
          <TextLine ID="eSc_line_a801b49b"
                    TAGREFS="LT182"
                    BASELINE="1054 1944 1655 1926" 
                    HPOS="1050.0"
                    VPOS="1888.0"
                    WIDTH="605.0"
                    HEIGHT="73.0">
            <Shape><Polygon POINTS="1054 1944 1050 1909 1116 1895 1116 1895 1116 1895 1118 1895 1118 1895 1184 1903 1318 1888 1320 1888 1651 1891 1655 1926 1655 1950 1054 1961"/></Shape>
	    <String CONTENT="moreno ó muy encarnado;"
                    HPOS="1050.0"
                    VPOS="1888.0"
                    WIDTH="605.0"
                    HEIGHT="73.0"></String>
          </TextLine>

          
          
          <TextLine ID="eSc_line_c3c1055b"
                    TAGREFS="LT182"
                    BASELINE="1054 1992 1575 1979" 
                    HPOS="1050.0"
                    VPOS="1938.0"
                    WIDTH="525.0"
                    HEIGHT="72.0">
            <Shape><Polygon POINTS="1054 1992 1050 1950 1569 1938 1575 1979 1575 1990 1054 2010"/></Shape>
	    <String CONTENT="mi estatura, al parecer,"
                    HPOS="1050.0"
                    VPOS="1938.0"
                    WIDTH="525.0"
                    HEIGHT="72.0"></String>
          </TextLine>

          
          
          <TextLine ID="eSc_line_8fe7ed78"
                    TAGREFS="LT182"
                    BASELINE="1056 2037 1531 2025" 
                    HPOS="1050.0"
                    VPOS="1981.0"
                    WIDTH="481.0"
                    HEIGHT="75.0">
            <Shape><Polygon POINTS="1056 2037 1050 2006 1085 1992 1085 1992 1087 1992 1087 1992 1087 1992 1223 1988 1225 1988 1225 1988 1227 1988 1227 1988 1227 1988 1229 1988 1229 1988 1240 1996 1244 1998 1302 1992 1393 1984 1395 1984 1395 1984 1395 1984 1411 1986 1449 1994 1525 1981 1531 2025 1531 2039 1145 2043 1143 2046 1114 2056 1114 2056 1112 2056 1112 2056 1110 2056 1110 2056 1110 2056 1054 2046"/></Shape>
	    <String CONTENT="alta ó baja debe ser;"
                    HPOS="1050.0"
                    VPOS="1981.0"
                    WIDTH="481.0"
                    HEIGHT="75.0"></String>
          </TextLine>

          
          
          <TextLine ID="eSc_line_6ab4e91b"
                    TAGREFS="LT182"
                    BASELINE="1116 2087 1562 2074" 
                    HPOS="1112.0"
                    VPOS="2029.0"
                    WIDTH="450.0"
                    HEIGHT="72.0">
            <Shape><Polygon POINTS="1116 2087 1112 2048 1335 2029 1337 2029 1558 2035 1562 2074 1562 2095 1116 2101"/></Shape>
	    <String CONTENT="te digo como amigo,"
                    HPOS="1112.0"
                    VPOS="2029.0"
                    WIDTH="450.0"
                    HEIGHT="72.0"></String>
          </TextLine>

          
          
          <TextLine ID="eSc_line_27b123bd"
                    TAGREFS="LT182"
                    BASELINE="1070 2134 1680 2116" 
                    HPOS="1064.0"
                    VPOS="2070.0"
                    WIDTH="616.0"
                    HEIGHT="89.0">
            <Shape><Polygon POINTS="1070 2134 1064 2099 1674 2070 1680 2116 1680 2143 1579 2145 1577 2145 1577 2145 1575 2145 1575 2145 1575 2145 1575 2145 1573 2145 1573 2145 1558 2134 1413 2147 1341 2153 1339 2153 1339 2153 1339 2153 1337 2153 1337 2153 1335 2153 1329 2149 1318 2143 1267 2149 1205 2157 1205 2157 1203 2157 1203 2157 1201 2157 1201 2157 1201 2157 1198 2157 1198 2157 1198 2155 1192 2151 1188 2147 1167 2151 1120 2159 1120 2159 1120 2159 1118 2159 1118 2159 1068 2151"/></Shape>
	    <String CONTENT="que si es caso das conmigo"
                    HPOS="1064.0"
                    VPOS="2070.0"
                    WIDTH="616.0"
                    HEIGHT="89.0"></String>
          </TextLine>

          
          
          <TextLine ID="eSc_line_0f190045"
                    TAGREFS="LT182"
                    BASELINE="1068 2188 1566 2167" 
                    HPOS="1064.0"
                    VPOS="2128.0"
                    WIDTH="502.0"
                    HEIGHT="104.0">
            <Shape><Polygon POINTS="1068 2188 1064 2139 1110 2147 1246 2134 1312 2128 1314 2128 1562 2128 1566 2167 1566 2194 1511 2203 1496 2217 1496 2219 1496 2219 1494 2219 1494 2219 1494 2219 1492 2219 1492 2219 1490 2219 1490 2219 1490 2219 1430 2205 1418 2203 1401 2207 1343 2225 1341 2225 1341 2225 1341 2225 1294 2227 1292 2227 1292 2227 1292 2227 1289 2227 1289 2227 1289 2227 1287 2227 1287 2227 1275 2215 1265 2209 1236 2209 1227 2219 1215 2229 1215 2232 1215 2232 1213 2232 1213 2232 1213 2232 1211 2232 1211 2232 1209 2232 1066 2229"/></Shape>
	    <String CONTENT="ya me puedes conocer."
                    HPOS="1064.0"
                    VPOS="2128.0"
                    WIDTH="502.0"
                    HEIGHT="104.0"></String>
          </TextLine>

          
        </TextBlock>
        

        
      </PrintSpace>
    </Page>
  </Layout>
</alto>
