1860 2629
1155.0 146.0 275.0 90.0 (Núm. 117.)

293.0 219.0 1073.0 151.0 MARCOS DE CABRA.

188.0 1038.0 1261.0 94.0 NUEVA RELACION Y DIVERTIDO ROMANCE,

120.0 1106.0 1404.0 90.0 en que se refiere el trágico casamiento de este pobre hombre, vecino

118.0 1176.0 1408.0 66.0 de Guadarrama, que despues de unas alegres bodas, esperimentó á

118.0 1224.0 1406.0 70.0 pocos meses tanta multitud de partos en su casa, que por asistir á

116.0 1277.0 1414.0 70.0 ellos no pudo comer ni descansar en todo el dia. Dase cuenta de su

162.0 1318.0 1316.0 103.0 grande afliccion, y otras muchas circunstancias que verá el

673.0 1371.0 294.0 90.0 curioso tector.

166.0 1573.0 417.0 65.0 En domingo se casó

118.0 1625.0 529.0 72.0 Marcos el de Guadarrama,

118.0 1673.0 478.0 68.0 digo, de carnestolendas

116.0 1726.0 467.0 66.0 de la cuaresma pasada:

116.0 1776.0 533.0 59.0 casó con Juana Chamorro,

111.0 1820.0 470.0 64.0 hija de Pedro Miranda,

114.0 1862.0 517.0 70.0 él es hijo de Juan Crespo

116.0 1919.0 419.0 63.0 y de María la Larga,

116.0 1967.0 441.0 59.0 nieto del tamborilero

114.0 2015.0 526.0 66.0 que nació en Guadalajara.

120.0 2063.0 426.0 64.0 Este tal tiene una tia

118.0 2109.0 546.0 66.0 que es partera en Berlarga;

120.0 2151.0 546.0 68.0 la cual viniendo á la boda,

118.0 2197.0 572.0 107.0 la ofreció á su nuera Juana,

831.0 1548.0 430.0 101.0 para empezar á vivir

837.0 1616.0 522.0 75.0 una burra con su albarda,

835.0 1678.0 590.0 63.0 y que no la carguen mucho,

835.0 1732.0 586.0 55.0 que hace juicio está preñada.

833.0 1772.0 452.0 63.0 Su tio el tamborilero

835.0 1824.0 432.0 60.0 una perra y una gata,

835.0 1870.0 568.0 71.0 que tambien están en cinta

833.0 1925.0 494.0 62.0 como la burra de Juana.

833.0 1962.0 540.0 71.0 Su padre le dió una yegua,

833.0 2011.0 542.0 74.0 su suegro le dió una vaca,

831.0 2057.0 489.0 68.0 otro una gallina clueca,

831.0 2109.0 502.0 73.0 la cual estaba ya echada

835.0 2164.0 546.0 64.0 con mas de catorce huevos

833.0 2206.0 572.0 122.0 gordos como unas granadas;
