1860 2629
203.0 166.0 483.0 53.0 Con tal anhelo y cuidado

182.0 203.0 508.0 59.0 a pasos dobles marchaban

182.0 236.0 401.0 55.0 con bayoneta calada,

182.0 269.0 438.0 59.0 antes de ponerse el sol

184.0 306.0 476.0 62.0 les pedí un poco de agua

186.0 337.0 428.0 55.0 y les dije en alta voz:

186.0 368.0 480.0 63.0 Por Dios quitadme la vida

182.0 411.0 524.0 57.0 que en Córdoba no entro yo

182.0 446.0 539.0 66.0 que está mi familia honrada;

184.0 484.0 414.0 68.0 de mis padre el honor.

217.0 532.0 412.0 81.0 No te puedo remediar

182.0 589.0 443.0 52.0 el comandante me dijo,

184.0 622.0 469.0 59.0 ya no tienes más recurso

182.0 661.0 366.0 55.0 es preciso caminar,

184.0 696.0 416.0 51.0 a Córdoba te llevamos

188.0 729.0 432.0 53.0 por orden del tribunal

184.0 753.0 520.0 70.0 padre, madre y hermanito;

182.0 801.0 449.0 55.0 mis culpas voy a pagar,

184.0 828.0 526.0 59.0 un año que no me han visto

184.0 876.0 456.0 63.0 las fuerzas me faltan ya.

217.0 922.0 359.0 70.0 Multiplicó mi dolor

182.0 972.0 418.0 55.0 al entrar en la ciudad,

188.0 1003.0 463.0 61.0 padres, madres y familia

186.0 1047.0 443.0 57.0 causé gran admiración;

186.0 1080.0 441.0 57.0 todos me vienen detrás

186.0 1112.0 432.0 62.0 ya cogieron al traidor,

184.0 1152.0 419.0 57.0 otros lloran sin cesar;

184.0 1185.0 416.0 57.0 me llevan a la prísión

184.0 1220.0 463.0 52.0 me cargaron de cadenas

182.0 1255.0 445.0 85.0 del cielo baje el perdón.

217.0 1318.0 480.0 68.0 Quédense todos con Dlos,

186.0 1358.0 515.0 63.0 perdón les pido a las gentes,

182.0 1399.0 513.0 62.0 que una mujer fué la causa

179.0 1437.0 450.0 76.0 de pelear con la muerte.

210.0 1487.0 432.0 64.0 Me toman declaración

182.0 1524.0 522.0 70.0 trece muertos; dos heridos,

184.0 1568.0 517.0 75.0 de ladrón un año he sido

182.0 1605.0 326.0 55.0 mi causa finalizó,

182.0 1640.0 408.0 60.0 tiene pena de la vida

182.0 1678.0 359.0 54.0 el tribunar afirmó,

186.0 1711.0 447.0 54.0 ya me ponen en capilla

182.0 1746.0 451.0 57.0 con un Cristo Redentor;

188.0 1778.0 522.0 66.0 padre, madre y hermanitos

184.0 1820.0 465.0 72.0 quedarse todos con Dios.

217.0 1870.0 530.0 82.0 Aquí se amansa el valiente,

179.0 1919.0 520.0 92.0 la honradez y el pundonor

980.0 175.0 515.0 59.0 y se afrentan los parientes.

982.0 214.0 432.0 48.0 Aquí tengo el confesor,

980.0 240.0 458.0 62.0 ya Portela se arrepiente,

984.0 282.0 454.0 57.0 ya el patíbulo me espera

982.0 322.0 456.0 48.0 para mañana a las once

978.0 348.0 544.0 48.0 de los males que he causado

982.0 389.0 531.0 68.0 perdón les pido a las gentes.

1006.0 438.0 533.0 76.0 Aquí se amansa el valiente,

980.0 481.0 452.0 57.0 aquí se pierde el valor,

982.0 523.0 507.0 50.0 la honradez y el pundonor

980.0 558.0 520.0 59.0 y se afrentan los valientes.

982.0 602.0 421.0 46.0 Aquí tengo el confesor,

980.0 633.0 463.0 52.0 ya Portela se arrepiente,

980.0 670.0 450.0 50.0 ya el patíbulo me espera

980.0 705.0 441.0 50.0 para mañana a las once

980.0 736.0 526.0 52.0 de los males que he causado

980.0 771.0 531.0 63.0 perdón les pido a las gentes

1011.0 817.0 480.0 83.0 Calles, ventanas y casas,

978.0 865.0 493.0 72.0 Córdoba y sus habitantes,

982.0 917.0 450.0 53.0 perdonadme en adelante

980.0 953.0 511.0 48.0 socorred mis dos hermanos.

984.0 985.0 476.0 51.0 Ancianos, padres y niños,

982.0 1018.0 494.0 55.0 las peñas y las montanas,

980.0 1047.0 458.0 61.0 las fuentes y mis amigos

978.0 1082.0 511.0 63.0 llorad, vuestra dulce calma

982.0 1126.0 461.0 50.0 vuestra bendición confío,

982.0 1158.0 511.0 57.0 que una mujer fué la causa

1019.0 1200.0 439.0 86.0 Ya salgo con un piquete

982.0 1257.0 441.0 61.0 y una caja destenplada,

982.0 1296.0 459.0 57.0 la caridad me acompaña,

978.0 1327.0 511.0 66.0 me miran todas las gentes,

980.0 1369.0 476.0 55.0 adios, adios compañeros,

984.0 1408.0 500.0 53.0 adios, adios para siempre.

982.0 1434.0 509.0 60.0 Veinticinco años de mundo

980.0 1474.0 439.0 53.0 mirad todos mi suerte,

980.0 1509.0 597.0 55.0 un Santo Cristo en mis manos

980.0 1551.0 434.0 59.0 le pido que no me deje.

1013.0 1597.0 480.0 72.0 Ya subo por la escalera,

980.0 1645.0 504.0 57.0 ya el verdugo me acomete

980.0 1669.0 643.0 79.0 creo en Dios padre y en Dios hijo

978.0 1717.0 542.0 61.0 aquí fué el dolor más fuerte,

984.0 1754.0 465.0 57.0 ya me sientan en la silla,

978.0 1787.0 469.0 59.0 mirando estoy a la gente,

982.0 1822.0 391.0 59.0 me retiran la cabeza

980.0 1866.0 526.0 48.0 un torno al cuello me meten

987.0 1892.0 447.0 53.0 y al decir su único hijo

980.0 1932.0 463.0 68.0 de pelear con la muerte.

644.0 2370.0 522.0 177.0 Imps. Hospital, 19, «El Abanico»
