1860 2629
78.0 1485.0 1512.0 215.0 LA  ESTISORA

74.0 1678.0 1509.0 94.0 Sermó sense ser furiós, pero pica y punxa: reparteix alguns clatallots y surras

208.0 1741.0 1254.0 88.0 Está carregat de mentidas vestidas de alguns trossas de veritat

250.0 1800.0 1160.0 77.0 Está escrit per un mes embustero que un gos de dos nassos

291.0 1851.0 1075.0 92.0 y mes dormilega que una marmota, y en prova d'aixó

451.0 1923.0 759.0 118.0 ALLÁ VA BOLA

214.0 2138.0 395.0 79.0 Comenso y escolteu bé

177.0 2182.0 351.0 63.0 sino may comensaré,

179.0 2214.0 474.0 73.0 perqué vos dieh que será bó

179.0 2263.0 380.0 52.0 aquest bossí de sermó.

212.0 2298.0 364.0 54.0 Escolteume ciutadans

177.0 2324.0 511.0 92.0 tan bé 'ls petits com los grans;

925.0 2142.0 502.0 86.0 homéns, donas, jovens, vellas

925.0 2199.0 395.0 50.0 adressen be las orellas;

925.0 2234.0 434.0 59.0 veniu los que esteu pelats

927.0 2267.0 367.0 61.0 que no diré disbarats.

958.0 2295.0 485.0 75.0 Perque jo al que diu mentida

921.0 2337.0 463.0 94.0 ja sabeu que 'l dono a dida,
