1860 2629
267 238 437 77 de rey fingido trataron

274 302 386 70 tu divina Magestad;

276 350 463 72 y ¿de dónde tal maldad?

269 403 406 59 de un letrado baladí;

278 460 375 50 su furor, su frenesí

274 495 484 61 y sus discursos malvados.

274 536 495 77 Huid, Señor, de letrados,

274 591 460 70 si un letrado os puso asi.

313 641 450 64 Si de espinas coronado

274 690 498 72 os contemplo de tal modo,

278 740 439 70 con el pecho roto todo

278 788 500 72 y en la dura Cruz clavado,

274 843 480 70 siento tus penas, Amado,

274 889 458 72 mas yo miraré por Vos,

276 944 460 61 pues de gente tan atroz

276 988 456 61 es mi intento separaros;

274 1040 434 68 si uno pudo ultrajaros,

278 1073 586 92 ¿cuál, mi Bien, os pondrán do?

324 1137 410 59 Mis afectos abrasados

276 1180 548 77 contemplan tu imágen grata;

274 1233 484 70 hermoso sois como plata,

274 1286 484 63 regalo de enamorados;

276 1338 531 66 guárdense pues los letrados,

276 1388 496 57 que esta vez les pego coz,

276 1437 450 59 pues yo solo contra dos

274 1474 432 70 espero andar tan listo,

274 1527 465 81 que los dejaré sin Cristo

269 1583 408 62 por no dejaros á Vos,

315 1612 557 96 Aunque tu humilde Grandeza

278 1667 458 92 buscó los bajos empleos,

278 1728 375 59 y trató con fariscos

276 1759 474 96 por convencer su torpeza,

276 1814 397 65 no permite mi fineza

274 1860 462 70 verte aqui tan deslucido:

274 1914 460 81 yo por Vos fuí redimido,

274 1965 408 76 y tendré por desamor

276 2024 384 63 dejaros aqui, Señor,

280 2061 384 72 con esta gente metido.

329 2103 517 107 El remedio está en la mano,

965 249 555 73 y Vos, Señor, lo enseñasteis:

962 291 514 77 hácia el Ejipto os pasasteis

962 346 479 74 huyendo de aquel tirano;

967 407 500 64 un ladron fue mas humano

965 453 491 66 que el letrado tan sabido;

967 497 458 66 el remedio es conocido,

967 547 434 64 y es que yo te salvaré,

967 593 493 70 pues este es el medio que

967 644 463 70 mi discurso ha preuenido.

1019 698 472 64 ¿Qué podeis Vos esperar

967 740 498 66 de los que buscan litigios,

965 793 458 72 sino maldades y vicios?

965 845 522 70 ¿qué otra cosa pueden dar?

965 889 487 68 De estos quiérote vengar,

967 939 379 68 y te veré rescatado;

965 992 458 63 por no vivir con letrado

967 1036 447 70 enseñaste en tu pasion,

962 1082 432 81 perecer con un ladron

967 1132 480 66 ser mejor, mi Dios amado,

997 1185 446 68 Si tu voluntad abierta

956 1235 513 72 muy encendida en amores,

958 1288 437 65 á los tristes pecadores

965 1334 568 65 les das siempre franca puerta,

967 1378 588 76 que á Tí, Señor, me convierta,

965 1437 460 59 de amores soy obligado;

965 1485 460 59 y asi habiéndote hallado

965 1531 408 57 en tal lugar de dolor,

969 1568 467 79 tengo, Señor, por mejor

967 1621 476 72 que esteis conmigo robado.

1015 1669 458 79 Eres Padre de consuelos

965 1724 480 68 dulce amparo de aflijidos,

967 1770 491 65 quien ampara á los caidos

965 1818 502 74 y remedia nuestros duelos;

962 1875 520 61 por tanto son mis desvelos,

967 1921 467 70 y asi os suplico rendido,

965 1967 539 70 que no os mostreis ofendidó,

965 2011 559 70 pues siempre es mas acertado

969 2059 526 96 ser de un platero comprado

965 2111 449 103 que no con ellos vendido.

772.0 2217.0 344.0 89.0 MADRID,—1858.

350.0 2289.0 1231.0 99.0 Imprenta á cargo de José M. Marés, plazuela de la Cebada n°.96.
