1860 2629
324 203 35 48 4

269 254 446 39 y cincuenta para avisos,

267 280 450 61 los matadores y hachos,

261 324 397 59 cabezas, especies, sal,

267 368 456 67 pimentón, cebollas, ajos.

267 420 485 55 Mas no quiero poner nada

263 460 430 61 de vestido y de calzado

263 506 430 63 ni alquileres de la casa

261 543 605 66 en que ha de vivir, que es claro

265 591 478 57 que costará por lo menos

265 635 515 57 treinta ó cuarenta ducados,

265 672 412 68 ni tampoco lo preciso

267 722 465 64 para la decencia y gasto:

267 768 478 60 pues cualquiera considera

265 810 570 53 que no es muy fácil sumarlo.

265 845 423 62 Ni tampoco lo demas,

263 889 443 68 como escobas, vidriado,

269 937 421 57 jabon peines, almidon,

265 981 471 64 agujas, seda, hilo blanco,

265 1016 454 75 cintas, moños y alfileres,

265 1066 428 66 cepillos, encajes, lazos,

265 1110 371 57 torcidas para velon,

263 1150 401 61 candiles de garavato,

265 1200 471 59 un calentador de azofar,

263 1242 366 63 abanicos en verano,

267 1292 382 53 el rizar á la Señora

265 1327 399 64 en los dias señalados,

258 1371 496 66 que sin manteca ni polvos

261 1417 583 64 se van treinta y cuatro cuartos.

261 1459 416 59 A todo esto se siguen

263 1505 447 61 los vómitos del preñado

263 1546 487 64 de un hijo, que será suyo,

265 1597 471 59 ó no, que está mas abajo.

263 1638 524 64 Lo que en tal caso se ofrece

263 1675 465 64 no sé si sabré esplicarlo;

261 1726 427 55 atienda á ver si es así,

265 1774 469 59 el que lo hubiera pasado,

265 1811 445 66 pues al parto le precisa

256 1855 439 57 el prevenir de contado

261 1895 515 70 el atillo en que envolverlo,

265 1945 452 63 el vino con que lavarlo:

265 1989 322 66 jarave de poenia,

269 2033 516 105 para cuando llegue el parto,

969 214 421 94 la Comadre, la bebida,

969 286 439 66 el Médico, el Cirujano,

969 324 423 68 los aceites, los jarabes,

969 372 493 66 las mesas de los emplastos

969 418 428 55 alhucema, escorzoneras

971 464 463 63 y otras cositas que callo:

967 497 449 63 el ama que crie el niño,

967 543 480 68 por tener un pecho malo;

969 587 397 65 y esta lleva cada mes

967 637 504 57 de cuatro á cinco ducados,

971 679 516 59 sin el de llenar las barrigas

971 720 520 64 que esto suele ser mas caro.

971 764 450 61 Si el ama tiene marido,

967 797 542 74 son mucho mas los cuidados,

971 850 502 67 y cuando menos se piensa,

971 891 421 68 sale con un embarazo,

971 939 410 62 y á pocos meses se vé

969 985 406 57 el infante encanijado,

969 1014 489 72 y es menester buscar otra;

971 1071 423 52 ó es preciso destetarlo.

971 1110 465 64 Este es uno y puede ser,

969 1154 487 61 siga el turno con los años,

969 1202 535 62 y el caudal no se acrecienta,

967 1246 574 57 aunque se aumentan los gastos.

976 1283 528 66 Y esto piensa quien se casa?

967 1321 491 70 Pues nadie podrá negarlo,

973 1378 468 56 y ójala tanto no hubiera,

967 1419 520 59 que todos lo están mirando;

971 1461 527 66 y aun hay mucho que añadir

967 1507 471 55 á cuanto va mencionado.

969 1546 467 64 Por eso yo me mantengo

967 1594 467 55 soltero que corro y ando

971 1629 487 66 por donde me da la gana,

973 1673 505 70 y si tengo, hincho y campo,

973 1724 470 54 y si no, presto paciencia,

971 1770 516 59 ayuno, ó busco y entrampo;

973 1811 443 62 y nadie me pide cuenta,

967 1855 474 59 si voy, si entro, si salgo:

967 1879 566 83 que buey suelto, bien se lame,

973 1941 560 61 y ando lucido, gordo y guapo.

971 1976 507 63 Y así amigos si ser puede,

967 2019 550 82 librarse de este gran chasco.

905 2079 108 107 FIN.

337 2232 1251 110 REUS. Imp.ª y lib.ª de Juan Bautista Vidal, Calle mayor Año 1847.
