2148 3034
465.0 235.0 724.0 101.0 ¡ Oh que Escuadra de fragatas tiene !

465.0 305.0 612.0 81.0 ¡ Oh que mozos tiene galardon !

462.0 343.0 577.0 81.0 No temen las balas enemigas

460.0 391.0 589.0 91.0 Ni tampoco á la insurreccion.

536.0 480.0 468.0 91.0 Nos suben á la Cabaña

533.0 538.0 468.0 76.0 Divididos por secciones

531.0 584.0 491.0 80.0 En nombre de cazadores

533.0 639.0 489.0 68.0 Que aterra la voz cubana

531.0 675.0 529.0 91.0 Un morral y unas polainas

533.0 725.0 504.0 84.0 Y un traje que causa celo

533.0 768.0 489.0 81.0 Y una hermosa carabina

526.0 821.0 599.0 94.0 Que es la flor de los guerreros.

440.0 900.0 612.0 96.0 Al cruzar esos espesos bosques

442 953 759 98 Reina un silencio lúgubre y sepulcral

440.0 1003.0 665.0 96.0 Donde está el enemigo emboscado

442.0 1051.0 582.0 109.0 Con intencion dañada y fatal.

511.0 1130.0 503.0 108.0 Nos tocan alto la marcha

521.0 1195.0 440.0 81.0 Y el fuego se precipita

516.0 1243.0 458.0 81.0 Y al obtener la victoria

511.0 1286.0 511.0 84.0 De gloria el alma se agita:

511.0 1340.0 511.0 80.0 Y entonces ordena el Gefe

508.0 1382.0 541.0 84.0 Dar un trago á sus soldados

508.0 1431.0 468.0 80.0 Y así con heróico ardor,

500.0 1486.0 499.0 89.0 Lucharán más animados.

425.0 1554.0 574.0 97.0 Ya salen á recorrer el campo

419.0 1613.0 704.0 101.0 ¡ Oh que pena se siente y que dolor !

419.0 1671.0 641.0 93.0 A los muertos á prenderles fuego

417.0 1719.0 597.0 98.0 A los vivos tratarles con amor.

490.0 1790.0 468.0 98.0 Unos dicen, madre mia,

490.0 1850.0 522.0 104.0 Llegó el momento postrero

490.0 1901.0 405.0 73.0 Ya no volverás á ver

485.0 1956.0 400.0 71.0 A tu hijo verdadero;

490.0 1997.0 453.0 71.0 Y si muero, madre mia

485.0 2040.0 357.0 73.0 Mitigarás tu dolor

493.0 2085.0 481.0 107.0 Y por mí la gloria eterna

483.0 2136.0 389.0 162.0 Suplicarás al Señor.

1244.0 262.0 597.0 94.0 Ya los recogen en las camillas

1244.0 326.0 615.0 86.0 Id con tiento les dice el oficial,

1242.0 374.0 688.0 86.0 Que para este ha sido aciago el dia,

1247.0 417.0 653.0 106.0 Triste la hora y el momento fatal.

1315.0 505.0 483.0 84.0 Y él le dice mi Teniente

1318.0 561.0 470.0 86.0 Vos ahora sois mi padre

1318.0 609.0 394.0 73.0 Y silmuero le dareis

1310.0 664.0 549.0 79.0 La triste nueva á mi madre:

1313.0 702.0 374.0 74.0 Y si la noticia dais

1305.0 750.0 486.0 84.0 A mi madre desgraciada

1302.0 798.0 413.0 76.0 Dejarle no permitais

1305.0 849.0 519.0 91.0 Tan triste y desconsolada.

1224.0 915.0 640.0 111.0 Ya murió, dicen sus compañeros

1224.0 988.0 643.0 89.0 Y su muerte la hemos de vengar;

1219.0 1039.0 569.0 75.0 Porque de esa hueste maldita

1219.0 1079.0 564.0 96.0 Fin de todos ya debemos dar.

1290.0 1175.0 539.0 73.0 Id con cuidado insurrectos

1292.0 1221.0 529.0 78.0 La muerte os hemos de dar

1287.0 1276.0 585.0 84.0 Que os seguiremos constantes

1285.0 1327.0 496.0 71.0 Sin dormir ni descansar.

1287.0 1367.0 552.0 81.0 Y aunque perezcamos todos

1282.0 1415.0 514.0 79.0 La venganza ha de seguir,

1280.0 1466.0 488.0 81.0 Fieles nos defenderemos

1277.0 1504.0 435.0 83.0 Hasta vencer ó morir.

1196.0 1585.0 635.0 111.0 cuanta lomas, rios y barrancos

1196.0 1648.0 521.0 81.0 Cazadores hemos de pasar,

1196.0 1691.0 701.0 78.0 Hasta hacer por encontrar la huella

1196.0 1739.0 726.0 101.0 Del que á España nos vino á insultar.

1267.0 1812.0 625.0 104.0 Para que veais que somos fieles

1267.0 1886.0 574.0 68.0 En cumplir nuestra campaña

1267.0 1931.0 541.0 73.0 Mientras que la Luna brille

1265.0 1982.0 574.0 63.0 Cuba debe ser de España:

1265.0 2020.0 546.0 73.0 Y mientras que brille el Sol

1265.0 2065.0 533.0 84.0 Y nuestra madre la Aurora,

1252.0 2113.0 491.0 101.0 Cuba ha de ser Española

1252.0 2171.0 417.0 137.0 O se pierde la nacion
