1860 2629
100.0 1364.0 1553.0 250.0 TESTAMEAT Y ENTERRO

177.0 1590.0 1402.0 127.0 DE UNA PUSSA

89.0 1726.0 1560.0 114.0 ESPLICAT AB GRANS GATADAS COM HU VEURÁ LO QUE

405.0 1814.0 919.0 118.0 HU LLEIGEIXI. PER J. F. (A) Q.

135.0 1903.0 573.0 101.0 A una ciutat molt grandiosa

94.0 1982.0 478.0 59.0 un gran cas va sucsuhi

92.0 2024.0 445.0 68.0 perque allí si va morí

87.0 2079.0 463.0 52.0 la pusa mes horrorosa.

138.0 2107.0 491.0 77.0 Potsé n'han sentit parlá

87.0 2160.0 540.0 61.0 de sons fets i sas assanyes

89.0 2190.0 628.0 79.0 perque ab sas males entranyes

89.0 2256.0 479.0 53.0 a mitg mon va derrotá.

138.0 2280.0 535.0 77.0 Li van trobá el testament,

83.0 2331.0 662.0 87.0 que crec que el va escriura ella,

940.0 1906.0 549.0 98.0 dintre el forat d'una orella

938.0 1984.0 500.0 64.0 i el va lleigi molta gent.

984.0 2035.0 450.0 57.0 Com era cosa desenta

938.0 2061.0 478.0 72.0 tothom lo volgué lleigi,

934.0 2116.0 430.0 59.0 i per poderlo adquirí

940.0 2147.0 593.0 87.0 lo varen portá a la imprenta.

987.0 2203.0 394.0 68.0 Passava d'un milió

932.0 2236.0 594.0 84.0 los examplars que es van fe,

938.0 2298.0 487.0 76.0 i aquet romanso o papé

936.0 2342.0 406.0 78.0 es una copia d'alló.
