1690 2351
321 125 1229 66 la copa de Faraon, que tenia en sus manos, y se lo habia servido.

335 182 1215 57 —Soñó el panadero que llevaba tres cestas de harina en la cabeza y

321 219 1223 63 le parecia que en la que estaba encima de todas, habia cosas muy deli¬

321 272 1225 55 cadas de su oficio, las que iban á arrebatarle las aves que al derredor

323 309 374 61 de ella revoloteaban.

380 358 1164 57 Encomendóse José de corazon al Dios de sus padres, y despues

315 405 1225 53 de reflexionar algunos momentos explicó á cada uno de los dos pre¬

311 446 1224 55 sos la significacion de sus respectivos sueños. Díjoles, al panadero,

315 491 1225 59 que dentro de tres dias sufriria una muerte afrentosa, y al copero

317 536 884 57 que en igual tiempo seria repuesto en su destino.

378 574 1162 64 Verificáronse ambas predicciones. El panadero fué ejecutado y el

311 617 1224 62 copero otra vez colocado en palacio. Antes de salir de la cárcel este

309 664 1228 60 último, rogóle José que se acordára de él y que si podia intercediera

311 715 1222 52 en su favor. Pero como en la prosperidad nadie se acuerda del que

313 754 1216 59 sufre, el servidor de Faraon llegó hasta olvidarse de su compañero

305 795 814 63 de infortunio, del feliz intérprete de su sueño.

370 842 1161 53 Continuaba entre cerrojos el hijo de Jacob sin esperanza de salir

305 885 1224 61 de su encierro, cuando Dios que ya queria librar á su humilde siervo

303 928 1224 63 de tantas penalidades, infundió á Faraon unos sueños tan llenos de

299 979 1224 51 misterio que ninguno de los adivinos de Egipto pudo darle una ver¬

303 1018 1224 59 dadera solucion. Recordó entonces el desagradecido copero lo que en

301 1063 1228 61 la cárcel le pasara, y habiéndoselo contado á Faraon, este se alegró

298 1104 1221 65 mucho de tal noticia y mandando poner en libertad al jóven hebreo,

292 1151 1237 65 le hizo comparecer ante su córte, y despues de hacerle mil agasajos

292 1204 870 57 narróle los dos sueños causa de sus inquietudes.

923 72 49 69 8

764 1289 280 60 CAPITULO IV.

292 1371 1229 76 José interpreta los sueños de Faraon, que le dá la superintendencia de todo

835 1426 129 59 Egipto.

350 1487 1069 72 Sentado en su trono Faraon habló á José en estos términos:

350 1549 1167 49 «Me parecia estar á la ribera del rio, y que subian del rio siete

286 1590 1229 55 vacas, hermosas en extremo, y de gruesas carnes: las cuales despun¬

286 1630 1231 58 taban la yerba verde en el pasto de la laguna, y hé aquí que á estas

282 1679 1227 58 seguian otras siete vacas tan feas y flacas que nunca he visto otras

278 1720 1223 58 tales en la tierra de Egipto: las cuales habiendo devorado y consumi¬

282 1763 1217 60 do á las primeras, ninguna muestra dieron de hartura, sino que esta¬

282 1810 1215 55 ban entorpecidas con la flaqueza y saña de antes. Despertando, y

278 1853 1229 65 oprimido otra vez del sueño, ví este suceso: Siete espigas brotaban

282 1902 1211 51 en una sola caña llenas y muy hermosas. Otras siete delgadas y pica¬

276 1947 1225 57 das de tizon salian tambien de una caña; las cuales se tragaron la

284 1986 1219 67 lozanía de las primeras. He contado á los adivinos el sueño v no hay

276 2031 406 80 quien me lo declare.»
