1753 2480
287.0 99.0 554.0 72.0 »más diestra en armas que ellos

287.0 157.0 430.0 51.0 »fué, Juana la Valerosa».

287.0 239.0 506.0 50.0 sin que le anime el despecho,

330.0 196.0 420.0 56.0 Al resplandor de la luna

287.0 272.0 397.0 58.0 despoja de sus vestidos

287.0 314.0 527.0 62.0 Juana á los dos que ha muerto.

326.0 351.0 451.0 66.0 Se ampara de sus bolsillos

287.0 398.0 434.0 60.0 que bien provistos tenían

287.0 438.0 430.0 60.0 y de sus mejores prendas

281.0 479.0 378.0 56.0 de la ropa que traían.

332.0 514.0 472.0 56.0 Vístese con ellos de hombre

287.0 560.0 399.0 60.0 por si fuese perseguida,

285.0 599.0 376.0 58.0 y evitar con el disfraz

279.0 636.0 407.0 62.0 ser de pronto conocida

324.0 684.0 401.0 53.0 Creyéndose más segura

281.0 719.0 467.0 58.0 con el traje que ha tomado

285.0 760.0 349.0 64.0 y provista de dinero

281.0 795.0 471.0 66.0 resuelve el irse en poblado.

324.0 841.0 507.0 62.0 Entra en Madrid un domingo

279.0 880.0 415.0 60.0 donde presumir pudiera

283.0 917.0 494.0 70.0 que entre un inmenso gentío

277.0 969.0 388.0 54.0 menos conocida fuera.

324.0 1010.0 445.0 56.0 Pero vé con gran sospresa

283.0 1049.0 444.0 56.0 que entre la gente curiosa

279.0 1089.0 477.0 53.0 sólo se habla de los hechos

279.0 1130.0 370.0 52.0 de Juana la Valerosa.

326.0 1167.0 430.0 56.0 Un cartel en las esquinas

283.0 1209.0 397.0 59.0 que sus señas describía

283.0 1250.0 440.0 62.0 y al que viva la entregara

283.0 1293.0 386.0 52.0 mil escudos se ofrecía.

320.0 1322.0 343.0 62.0 Medita su situación

279.0 1361.0 463.0 71.0 que en verdad era apurada

277.0 1407.0 471.0 58.0 mas por ello no se espanta,

279.0 1450.0 440.0 58.0 y no se arredra por nada.

326.0 1488.0 418.0 57.0 Tan sólo en desfigurarse

279.0 1521.0 512.0 72.0 muestra un poquito de anhelo

283.0 1572.0 347.0 60.0 y de rubio que tenía

274.0 1612.0 420.0 59.0 se tiñe de negro el pelo.

320.0 1657.0 415.0 60.0 La desfigura en un todo

272.0 1696.0 335.0 62.0 una postiza patilla,

279.0 1733.0 347.0 62.0 un pequeñito bigote

277.0 1764.0 434.0 79.0 y algo de barba y perilla

324.0 1814.0 403.0 60.0 Y de su transformación

283.0 1860.0 372.0 55.0 hallándose satisfecha,

272.0 1899.0 391.0 56.0 se viste á lo cortesano

279.0 1942.0 405.0 54.0 y todo temor deshecha.

320.0 1965.0 449.0 68.0 Se hospeda en una posada

274.0 2017.0 399.0 60.0 despesa de estudiantes,

281.0 2058.0 421.0 60.0 y de una niña que había

277.0 2099.0 458.0 62.0 todos quieren ser amantes.

318.0 2139.0 448.0 59.0 Pero ella al ver á Dionisio

272.0 2184.0 480.0 62.0 dombre que Juana se daba,

277.0 2225.0 454.0 83.0 nespreciando á los demás,

1089.0 84.0 521.0 87.0 demostró que á el sólo amaba.

1087.0 198.0 451.0 52.0 fuera el creebro de quicio,

1128.0 148.0 370.0 54.0 Los otros enturecidos

1091.0 231.0 430.0 54.0 y los tres que eran á la vez

1093.0 270.0 337.0 56.0 desaff́an á Dionisio.

1126.0 307.0 372.0 56.0 La carabina y pistola

1087.0 357.0 415.0 52.0 que es su arma favorita,

1089.0 396.0 422.0 54.0 tomó Juana y se marchó

1087.0 434.0 457.0 49.0 con gran frescura á la cita

1130.0 473.0 422.0 58.0 Los dos están á traición,

1083.0 512.0 401.0 58.0 ocultos entre una mata

1085.0 555.0 428.0 50.0 disparan, pero uno yerra

1091.0 597.0 407.0 56.0 y al otro el tiro le falta.

1124.0 640.0 378.0 52.0 Con la mayor rapidez

1087.0 682.0 343.0 51.0 al ver ella tal vileza

1085.0 710.0 378.0 67.0 les deja á pistoletazos

1085.0 760.0 382.0 56.0 sin sesos en la cabeza.

1124.0 797.0 459.0 58.0 El otro que allí aguardaba

1087.0 839.0 420.0 57.0 del vil plan el resultado,

1087.0 884.0 384.0 54.0 al ver la idea frustada

1085.0 923.0 459.0 52.0 quiere escapar de contado.

1130.0 963.0 391.0 55.0 Pero disparando Juana

1089.0 1006.0 424.0 50.0 contra de él su carabina,

1087.0 1043.0 459.0 56.0 lo derriba antes que pueda

1087.0 1087.0 471.0 49.0 resguardarse en una encina

1128.0 1124.0 416.0 54.0 Les registra los bolsillos

1089.0 1167.0 469.0 50.0 en que halla algún escudito

1093.0 1204.0 393.0 54.0 y en la cartera del uno

1089.0 1246.0 463.0 53.0 le puso el siguiente escrito:

1128.0 1281.0 457.0 56.0 ¿Por querer matarme á mí

1091.0 1328.0 322.0 52.0 s á traición alevosa

1091.0 1361.0 465.0 56.0 pmaté á estos tres cobardes

1085.0 1405.0 419.0 52.0 ¿yo, Juana la Valerosa.»

1128.0 1442.0 381.0 60.0 Divulgóse por Madrid

1089.0 1490.0 409.0 53.0 esta hazaña tan famosa,

1085.0 1529.0 393.0 54.0 y todo el pueblo desea

1087.0 1568.0 378.0 50.0 ver Juana la Valerosa.

1124.0 1614.0 447.0 53.0 En vano son las pesquisas

1089.0 1651.0 502.0 62.0 con que el góbierno se afana,

1085.0 1696.0 510.0 56.0 en vano se aumentan premios

1081.0 1736.0 475.0 51.0 nadie puede dar con Juana.

1130.0 1775.0 529.0 58.0 Mientras que ella por las calles

1089.0 1814.0 337.0 54.0 yse pasea libremente

1083.0 1855.0 467.0 52.0 escuchando en los corrillos

1085.0 1895.0 494.0 53.0 lo que de ella habla la gente,

1128.0 1934.0 449.0 54.0 Un día oye á un charlatán

1087.0 1979.0 397.0 54.0 que decía á lo valiente,

1087.0 2019.0 417.0 49.0 que para vencer á Juana

1087.0 2052.0 372.0 56.0 bastaría él solamente.

1122.0 2097.0 353.0 56.0 Corre ella á un café,

1081.0 2136.0 345.0 62.0 pide papel y tintero

1083.0 2176.0 409.0 62.0 y de la muerte de aquel

1079.0 2219.0 496.0 75.0 de antemano hace el letrero.
