1753 2480
235.0 45.0 449.0 74.0 en sus virgenes entrañas,

241.0 105.0 418.0 58.0 para redimir al hombre,

235.0 148.0 385.0 54.0 álzeme Usia esa baza,

237.0 173.0 459.0 64.0 con un varon que merezca

229 217 521 59 hechos de tanta importancia:

239.0 256.0 530.0 64.0 A esto se encogió de hombros,

252.0 303.0 415.0 50.0 y dijo: no puedo alzarla.

243.0 338.0 414.0 58.0 Vamos á otra, otra vez;

237.0 380.0 422.0 64.0 esta es la segunda baza.

235 423 364 52 Una muger mereció

245.0 450.0 505.0 66.0 que todo un Dios la llamara,

243.0 502.0 459.0 60.0 Madre mia, muchas veces,

239.0 543.0 439.0 58.0 lumbre de toda mi alma,

243.0 586.0 474.0 52.0 en vuestras entrañas puras

241.0 626.0 463.0 58.0 fui concebido sin mancha

239 669 350 50 de pecado original:

243.0 702.0 385.0 60.0 álzeme Usia esta baza

243.0 748.0 478.0 53.0 con un varon que merezca

241 787 408 54 una tan lucida hazaña.

248.0 818.0 545.0 70.0 A lo que se encogió de hombros,

252 870 463 43 y dijo: no puedo alzarla.

250.0 901.0 405.0 62.0 Vamos á otra, y puesto

243 944 457 56 que van de hilo de bazas,

250.0 985.0 390.0 52.0 esta por ser la tercera

250.0 1023.0 444.0 64.0 ha de ser bien luminada.

248.0 1058.0 347.0 58.0 Una muger mereció

252.0 1091.0 419.0 74.0 que la Trinidad sagrada

250.0 1140.0 454.0 60.0 en el vientre de su madre

250.0 1180.0 361.0 62.0 tres veces la visitara

252.0 1225.0 411.0 56.0 antes que fuese nacida:

250 1268 407 54 álzeme Usía esta baza,

252.0 1293.0 467.0 68.0 con un varon que merezca

250.0 1335.0 504.0 68.0 hecho de tanta importancia.

250 1388 521 54 Quédense quietos los naipes,

256 1426 523 53 que tengo yo con qué alzarla:

254.0 1463.0 481.0 62.0 Entre los hombres hay uno

262.0 1504.0 465.0 60.0 que es el todo de la gracia,

262.0 1545.0 461.0 64.0 que es mi Señor San José,

258.0 1585.0 434.0 60.0 pabellon de gloria tanta,

258.0 1620.0 424.0 62.0 que en su mano floreció

260.0 1663.0 432.0 56.0 un palo que seco estaba.

264.0 1688.0 533.0 85.0 Tenga Usia quietos los naipes,

258.0 1746.0 415.0 54.0 aun no la tiene ganada,

264.0 1789.0 416.0 52.0 conozco en mi corazon,

260.0 1820.0 463.0 64.0 mi vida, potencias y alma,

264.0 1864.0 399.0 62.0 que mi señor San José

260.0 1905.0 413.0 58.0 es el todo de la gracia:

262.0 1938.0 500.0 66.0 mas sabe Usia por qué tiene

264 1988 360 55 altura tan elevada ?

270.0 2021.0 408.0 66.0 por recibir por esposa

266.0 2064.0 438.0 56.0 una muger que se llama

268.0 2105.0 449.0 54.0 María; ese es mi nombre,

270.0 2134.0 492.0 71.0 yo tambien tengo esa gracia

266.0 2186.0 482.0 93.0 ponque segun por lo visto,

944.0 28.0 434.0 77.0 la muger es la que gana:

944.0 86.0 393.0 62.0 diga, mi señor Obispo,

950 126 447 64 quién ha ganado la baza?

948.0 171.0 447.0 58.0 Tirala, Niña, que es tuya,

942 208 453 56 merecida y muy ganada.

950.0 252.0 412.0 45.0 Vamos á otra, otra vez.

948.0 287.0 364.0 60.0 Una muger mereció,

948.0 326.0 424.0 60.0 que Teresa la llamaban,

955.0 367.0 357.0 60.0 y ahora Santa Teresa

948 409 490 53 todos los cristianos llaman,

957.0 448.0 471.0 56.0 que todo un Dios le dijera:

952.0 483.0 360.0 62.0 Teresa, si no criara

955.0 520.0 417.0 62.0 este mundo, por criarte

952.0 564.0 311.0 60.0 á tí sola lo criara

957.0 597.0 434.0 70.0 porque me tiene rendido

952.0 644.0 404.0 64.0 el obgeto de tu gracia:

955.0 688.0 469.0 56.0 es mucho lo que te quiero:

955.0 729.0 378.0 64.0 álzeme Usia esa baza

955.0 764.0 473.0 62.0 con un varon que merezca

955.0 810.0 403.0 55.0 una tan lucida hazaña.

955.0 845.0 498.0 64.0 Quédense los naipes quietos,

959.0 886.0 512.0 56.0 que yo tengo con que alzarla.

959.0 925.0 494.0 60.0 Entre los hombres hay uno

963.0 961.0 469.0 64.0 que es el todo de la gracia,

961.0 1000.0 508.0 66.0 que es San Juan Evangelista,

959.0 1049.0 477.0 54.0 este con Dios se acompaña,

959.0 1074.0 552.0 70.0 fué anunciando, y en el mundo

965.0 1126.0 510.0 58.0 siempre á su lado se hallaba.

965 1169 554 54 Tenga Usia los naipes quietos,

961.0 1206.0 411.0 62.0 aun no la tiene ganada.

963.0 1244.0 422.0 64.0 Concedo en mi corazon,

965.0 1283.0 469.0 68.0 mi vida, potencias y alma,

967.0 1330.0 463.0 60.0 que San Juan Evangelista,

969.0 1372.0 409.0 56.0 es el todo de la gracia,

969.0 1405.0 393.0 62.0 que es capitan general

969.0 1448.0 391.0 62.0 en esta gloria elevada;

977.0 1479.0 482.0 71.0 pues sepa Usía, que si tiene

969.0 1529.0 327.0 58.0 altura tan elevada,

971.0 1556.0 482.0 68.0 es porque lo ha criado Dios

975.0 1603.0 443.0 62.0 para la custodia y guarda

971.0 1647.0 463.0 58.0 de una muger en la tierra

975.0 1686.0 432.0 64.0 para que la acompañara.

971.0 1729.0 471.0 54.0 Conque segun por lo visto,

973.0 1769.0 434.0 53.0 la muger es la que gana.

971.0 1810.0 407.0 58.0 Decida el señor Obispo

979.0 1847.0 426.0 58.0 quién ha ganado la baza.

977.0 1888.0 445.0 58.0 Tírala, Niña, que es tuya,

977.0 1930.0 434.0 54.0 merecida y muy ganada.

981.0 1973.0 418.0 50.0 Vamos á otra, otra vez,

981.0 2008.0 492.0 54.0 que es con la que se remata.

977.0 2046.0 385.0 57.0 Habiendo venido Dios

981.0 2081.0 457.0 68.0 para lomar carne humana

973.0 2128.0 401.0 56.0 de nuestra naturaleza,

981.0 2170.0 350.0 76.0 venida tan deseada,
