1860 2629
581.0 1150.0 542.0 90.0 LO TOT SANS

144.0 1237.0 1384.0 197.0 EN BARCELONA,

320.0 1402.0 1070.0 133.0 CASTANYAS Y PANALLETS.

239.0 1962.0 405.0 82.0 Si potble barcelonés

193.0 2015.0 486.0 79.0 en mi tens un bon amich

197.0 2065.0 531.0 79.0 y ho veurás ab lo que dich

195.0 2118.0 588.0 81.0 sens quem desmenteixi en res,

197.0 2177.0 471.0 57.0 lo meu desix tan sols es

199.0 2217.0 469.0 72.0 que tingan ben satisfets,

199.0 2254.0 570.0 83.0 tan los richs, com los pobrets,

197.0 2313.0 476.0 66.0 al celebrar tan gran dia

201.0 2361.0 408.0 77.0 pa, vi, pau y alegría,

201.0 2414.0 437.0 96.0 Castanyas y Panallets.

916.0 1954.0 406.0 72.0 En dia de tal tabola

877.0 2008.0 452.0 73.0 voldria jo..... ¡en veritat!

868.0 2063.0 384.0 62.0 que tota la societat

870.0 2107.0 406.0 68.0 fos una familia sola,

866.0 2144.0 529.0 92.0 que del mon parant la bola

877.0 2199.0 447.0 83.0 jermá, parent y amich,

872.0 2256.0 474.0 75.0 tan lo pobre com lo rich

881.0 2300.0 432.0 77.0 tinguesen taula parada

875.0 2348.0 430.0 86.0 pera fer la Castanyada

875.0 2392.0 552.0 129.0 abrasanse el gran y el xich.

603.0 1632.0 563.0 70.0 Per la festa de Tots Sans

581.0 1682.0 568.0 55.0 tan célebre en Barceloma

583.0 1732.0 550.0 64.0 un amich al potble dona

579.0 1765.0 576.0 70.0 consells molt interesants.
