1753 2480
124 231 504 66 con siete ú ocho jorobas

128 283 508 78 y mas fea que un ladron,

134 336 438 69 porque parece muger

126 367 572 91 la quiero, que es un horror;

128 436 448 70 esto es querer al uso,

132 479 502 76 porque los majos de hoy

128 524 467 81 á toditicas las quieren,

138 580 461 75 y por todas les dá tos:

134 620 593 84 y hablando fuera de muelas,

130 669 498 75 escupa usted, mi señor,

134 723 597 74 ve usted esta cruz que pongo

134 772 510 77 en pecho de emperador?

142 818 492 81 pues á toditas las quiero

132 865 479 81 én Sevilla, en Badajoz,

136 911 546 87 en Córdoba, en Cataluña,

136 973 486 68 en Roma y en el Japon;

136 1012 575 83 sea aqui, y sea en Flandes,

136 1064 436 76 daré vida y corazon

142 1118 523 70 por las señoras mugeres,

142 1173 401 69 y si tocan haré son,

144 1209 548 82 y con la espada en la mano

820 208 461 79 daré vueltas al redor,

824 262 478 70 diciendo: fuera de ahí,

826 310 492 80 cierra España batallon!

826 363 590 71 Sí, las quiero muy de veras,

835 415 543 68 que han sido,  serán, y son,

833 473 469 62 la cosa mas admirable

833 516 436 68 que su Majestad crió.

833 566 490 72 Perdonadme, señoritas,

835 615 502 67 que todas en mi opinion

831 651 580 80 sois rosas las mas fragantes,

835 719 436 60 claveles de rico olor,

839 754 552 78 y asi en mis manos y pies,

831 801 500 73 en mi pluma y corazon,

837 855 585 68 tendreis por ser muy debido

837 911 448 64 el sitio mas superior,

843 958 490 73 porque sois la filigrana,

843 1004 527 76 y sois nuestro resplandor

841 1051 595 77 me confieso vuestro esclavo

841 1101 477 77 con la mayor sumision,

843 1147 488 70 de lo poco que os alabo

839 1204 492 75 os pido á todas perdon.

423 1345 825 87 DESENGAÑOS DE LAS DONCELLAS.

179 1459 633 74 ¿Qué importa que dé hermosura

146 1502 513 83 el cielo á una niña llene

146 1554 554 70 si sus mismas perfecciones

152 1603 594 79 en contra de ella se vuelven?

204 1649 488 72 Apenas llegó á los años

152 1698 552 87 que los corazones vencen,

159 1758 514 73 y que su rostro y su talle

161 1804 566 80 fuertes pasiones encienden.

212 1855 408 64 Apenas en el teatro

155 1888 614 79 del gran mundo se embellece,

159 1948 483 67 y cual astro nuevo sale

157 1996 485 76 en su delicioso oriente.

208 2046 521 76 Enjambre de adoradores

161 2093 448 77 acuden á su aliciente,

163 2143 494 66 á tributarla homenages,

167 2203 399 60 á recibir rosicleses.

210 2240 509 76 Otros astros abandonan,

169 2285 604 104 que eclipse al punto padecen,

851 1446 565 73 y el triunfo de la que nace,

847 1490 527 76 derrota de la que muere.

895 1539 494 70 Sitiada siempre la niña,

845 1587 442 72 alucinada é inocente,

853 1643 525 74 rendimientos vé tan solo,

857 1690 472 72 y adoracion reverente.

907 1738 548 64 Cuál númen en sus altares

857 1789 534 62 mira el incienso perenne,

857 1835 540 74 sin refrenar fraude ó dolo

859 1884 540 71 de su ser se enorgullece.

899 1932 529 66 Los obsequios, los recibe

855 1986 527 72 como moneda corriente,

857 2031 499 77 sin recelar que la digan

859 2072 616 79 lo que ellos mismos no creen.

905 2124 626 81 Que no todas son hermosas,

864 2174 467 72 y no todas ciertamente

868 2234 498 68 las perfecciones reunen

862 2285 510 85 en grado muy eminente.
