2148 3034
301.0 1845.0 579.0 91.0 Al dejar las playas españolas,

301.0 1908.0 533.0 71.0 Mi corazon debia de penar;

301.0 1956.0 536.0 69.0 Al decir una madre llorosa,

298.0 1994.0 519.0 91.0 Hijo mio, dime donde vas.

379.0 2060.0 423.0 109.0 Voy á la Isla de Cuba

382.0 2133.0 511.0 81.0 Le respondió y con salero,

379.0 2187.0 519.0 73.0 Voy en busca viva el cielo

376.0 2232.0 405.0 71.0 Del enemigo traidor,

379.0 2275.0 625.0 83.0 Donde están nuestros hermanos

376.0 2331.0 418.0 63.0 Con valentía y ardor,

379.0 2384.0 440.0 58.0 Se baten desesperados

376.0 2422.0 458.0 86.0 En el campo del honor.

1075.0 1840.0 615.0 104.0 Al cruzar esos horribles mares,

1077.0 1916.0 749.0 81.0 ¡ oh ! ¡ que horror causa la tempestad !

1082.0 1959.0 532.0 68.0 Yo llegué á la Isla de Cuba,

1077.0 2002.0 557.0 96.0 Madre mia no tuve novedad.

1156.0 2083.0 405.0 91.0 Al divisar la Cabaña

1161.0 2146.0 458.0 83.0 Y al entrar en la bahía,

1158.0 2202.0 478.0 65.0 Yo me quedé madre mia

1156.0 2250.0 455.0 71.0 Más helado que la mar,

1156.0 2298.0 511.0 65.0 Tiene dos fuertes castillos

1153.0 2343.0 562.0 76.0 Que es el Morro y la Cabaña,

1153.0 2384.0 476.0 81.0 Para los hijos de España

1146.0 2442.0 425.0 106.0 Que allí van á pelear.

1616.0 295.0 177.0 117.0 Núm. 6.

308.0 1635.0 1523.0 150.0 HIMNO DE LA GUERRA DE CUBA
