1753 2480
119.0 64.0 596.0 82.0 un farrol en la escalera

117.0 124.0 687.0 74.0 que de noche esté alumbrado,

119.0 175.0 575.0 68.0 cordel en el picaporte,

117.0 225.0 587.0 70.0 dos paises en el patio,

121.0 270.0 664.0 81.0 un sillon ú escaño grande,

126.0 328.0 634.0 68.0 tendrá tambien preparado,

126.0 382.0 609.0 72.0 para que sentarse pueda

119.0 423.0 681.0 73.0 el que tenga que esperarlo.

124.0 479.0 616.0 66.0 Todo lo que he referido

121.0 529.0 683.0 70.0 le costará, y no me alargo,

119.0 578.0 691.0 73.0 si ha de hacerlo como he dicho

124.0 638.0 647.0 56.0 muy cerca de mil ducados :

126.0 675.0 640.0 77.0 ¡ lo que cuesta una muger

124.0 729.0 671.0 68.0 despues de tantos cuidados !

128.0 775.0 535.0 82.0 y si ella sale traviesa

130.0 828.0 574.0 79.0 y de genio alborótado,

124.0 880.0 578.0 74.0 amiga de pelendengues

130.0 938.0 556.0 66.0 y visirar los estrados;

130.0 994.0 639.0 57.0 inclinada à  los correjos,

126.0 1035.0 669.0 74.0 que es comun en estos años,

130.0 1080.0 641.0 77.0 que Judas cargue con ella

130.0 1134.0 670.0 77.0 con la honda de los diablos.

128.0 1180.0 620.0 78.0 ¡Que cueste tanto dinero

138.0 1231.0 498.0 75.0 un enemigo diario,

128.0 1283.0 651.0 74.0 que siempre tiene el castigo

130.0 1341.0 659.0 60.0 para el marido en la mano !

130.0 1382.0 624.0 68.0 Tambien se ha de prevenir

132.0 1432.0 541.0 74.0 de todo lo necesario,

132.0 1492.0 564.0 62.0 como el aceyte, carbon,

134.0 1535.0 688.0 77.0 vinagre, especias, garbanzos,

134.0 1591.0 579.0 70.0 y las demas zarandajas

134.0 1649.0 647.0 70.0 para el consumo del año,

134.0 1690.0 469.0 70.0 y sino diariamente

132.0 1733.0 668.0 75.0 habrá de estar aguantando

132.0 1785.0 550.0 81.0 el pobre los apellidos

132.0 1835.0 670.0 80.0 que la muger le va dando;

134.0 1888.0 690.0 79.0 y si acaso es Juan su nombre,

136.0 1940.0 525.0 66.0 le dira con desenfado:

134.0 1990.0 657.0 72.0 Juan carnero, Juan carbon,

132.0 2048.0 688.0 95.0 Juan especias, Juan gerbanzos,

824.0 64.0 616.0 72.0 Juan aceyte, Juan vinagre,

820.0 124.0 689.0 66.0 Juan tomates, Juan esparragos,

820.0 165.0 689.0 80.0 Juan lechugas, Juan limones,

831.0 227.0 676.0 68.0 Juan huevos, y Juan pescado,

818.0 268.0 631.0 75.0 Juan acelgas, y espinacas,

828.0 320.0 581.0 74.0 Juan zanahorias, y ajos,

828.0 378.0 608.0 70.0 Juan cisco, en el Invierno,

818.0 421.0 614.0 75.0 Juan nieve en el Verano,

824.0 473.0 639.0 72.0 tambien es Juan chocolate,

818.0 516.0 699.0 79.0 es Juan dulce, y es Juan agrio;

824.0 570.0 666.0 78.0 hasta, que enfadado el pobre

833.0 622.0 651.0 76.0 dice: Juan cuerno me llamo.

835.0 673.0 630.0 77.0 Por S. Andres la matanza,

822.0 727.0 649.0 70.0 que es otro preciso gasto,

831.0 781.0 686.0 64.0 pues un cerdo de ocho arrobas,

833.0 828.0 609.0 71.0 que es un peso moderado,

820.0 876.0 538.0 74.0 le ha de venir à costar

824.0 917.0 645.0 83.0 quinientos reales cerrados,

818.0 985.0 608.0 66.0 y cincuenta para avios,

826.0 1025.0 585.0 86.0 de matadores y hachos,

835.0 1087.0 537.0 64.0 cabezas, especias, sal,

831.0 1126.0 613.0 68.0 pimientos, cebollas, ajos;

835.0 1175.0 643.0 71.0 mas no quiero poner nada

843.0 1237.0 635.0 71.0 de vestido, y de calzado,

835.0 1281.0 607.0 72.0 ni de alquileres de casa

828.0 1322.0 705.0 87.0 en que ha de vivir, que es claro

845.0 1388.0 690.0 64.0 que ha de costar por lo ménos

843.0 1428.0 647.0 72.0 treinta ó quarenta ducados

845.0 1485.0 540.0 67.0 ni tampoco del preciso

839.0 1533.0 597.0 70.0 para la decencia, gasto,

845.0 1576.0 589.0 81.0 que qualquiera considera

845.0 1640.0 690.0 71.0 que no es muy fácil sumarlo;

845.0 1684.0 533.0 72.0 ni tampoco lo demas,

839.0 1736.0 587.0 66.0 como escobas, vidriado,

849.0 1789.0 591.0 66.0 peynes, xabon, almidon,

845.0 1833.0 589.0 70.0 agujas, seda, hilo blanco,

841.0 1884.0 622.0 77.0 muchos moños, y alfileres,

847.0 1934.0 566.0 74.0 cepillos, encaxes, lazos,

835.0 1988.0 576.0 74.0 torcidas para el velon,

837.0 2039.0 535.0 106.0 candiles de garabato,
