1753 2480
398.0 113.0 71.0 99.0 III.

95.0 227.0 583.0 85.0 Embriagado de gozo, bien mio,

62.0 287.0 531.0 78.0 De tu voz escuché la dulzura

62.0 336.0 624.0 79.0 Y una llama de amor la mas pura

53.0 390.0 596.0 62.0 En mi alma encendió tu cantar.

57.0 429.0 637.0 79.0 Desde entonces, mujer, te idolatro

55.0 481.0 517.0 66.0 De mi sino fatal á despecho,

59.0 520.0 625.0 77.0 Pues tu acento divino en el pecho

64.0 566.0 663.0 89.0 Se introduce mas bien que un guñal.

1198.0 99.0 69.0 93.0 IV.

893.0 200.0 640.0 95.0 Por do quiera me sigue tu imágen

857.0 274.0 625.0 62.0 Fascinando de amor mis sentidos;

855.0 314.0 556.0 72.0 De tu canto los dulces sonidos

859.0 369.0 606.0 62.0 Por do quiera yo escucho vibrar.

862.0 419.0 539.0 60.0 Si deseas que baje á la tumba

859.0 454.0 588.0 75.0 ¡Ah! no cese de oir ese acento ..

862.0 500.0 545.0 74.0 Me verás perecer al momento,

859.0 555.0 650.0 89.0 Cual si hiriora mi pecho un puñal.

1341.0 601.0 199.0 66.0 —A. M..

119.0 1173.0 1445.0 85.0 R L r .

409.0 1306.0 74.0 76.0 1

155.0 1384.0 614.0 83.0 Te vi un tiempo hermosa y pura,

107.0 1442.0 444.0 68.0 Cual la rosa mas galana

105.0 1483.0 511.0 81.0 Que al labor de la mañana

103.0 1539.0 455.0 66.0 Se meció en rico verjel:

115.0 1591.0 447.0 70.0 Y al amarte con delirio,

107.0 1645.0 397.0 62.0 Oividaba que la rosa

109.0 1686.0 403.0 68.0 Una espina venenosa

111.0 1746.0 459.0 74.0 En su tallo oculta cruel.

438.0 1855.0 43.0 42.0 11

155.0 1930.0 413.0 74.0 Del ovario de esa rosa,

124.0 1979.0 545.0 83.0 Tras los juegos de la infancia,

119.0 2033.0 395.0 64.0 Aspiraba la fragancia

121.0 2081.0 464.0 66.0 Embebido en mi ilusión.

121.0 2124.0 474.0 66.0 Y al besar mi lábio osado

115.0 2184.0 410.0 62.0 Su corona purpurina,

117.0 2227.0 463.0 69.0 La ponzoña de su espina

124.0 2281.0 394.0 87.0 Desgarró mi corazon,

1211.0 1264.0 66.0 87.0 I11.

950.0 1361.0 395.0 73.0 Ai cariño agradecide,

921.0 1413.0 435.0 66.0 Que tu lábio me jurara,

915.0 1450.0 556.0 73.0 r e erigí en mi pecho un ara..

909.0 1502.0 407.0 76.0 Culto en ella te rendí.

911.0 1556.0 500.0 70.0 Mas en breve mi desprecio

915.0 1603.0 418.0 62.0 Sucedió á la idolazría,

915.0 1655.0 379.0 58.0 Porque oculta falsía

915.0 1694.0 385.0 95.0 En tu halago conocí.

1219.0 1804.0 73.0 78.0 1V.

950.0 1897.0 554.0 87.0 Con tu amor sufrió mi pecho

926.0 1967.0 469.0 68.0 Tan cruentos desengaños,

917.0 2015.0 507.0 68.0 Que en mis juvaniles años,

913.0 2062.0 542.0 74.0 La amargura holló el placer.

921.0 2108.0 528.0 72.0 Así pues por tu inconstancla

919.0 2157.0 439.0 77.0 Deja que mi labio diga,

921.0 2217.0 464.0 58.0 Que tu pecho solo abriga

924.0 2256.0 465.0 100.0 Imposturas, ¡oh! ¡mujer!
