1753 2480
252 93 481 93 ¿qué se oirece, caballero!

248 157 560 76 respondió luego un anciano:

250 206 581 75 —Esta gente ¿qué hace aquí?

252 256 636 78 —Tres hombres están cenando

277 318 458 47 —Aquí teneis á Portela:

241 349 585 66 darle un pienso á mi caballo.

293 396 566 71 Uno de ellos dió un suspiro.

243 450 503 64 de los tales que cenaban,

243 496 511 72 sus lágrimas derramaban,

248 549 489 60 cuando á Portela le dijo:

254 591 605 68 —¡Qué suerte tan desgraciada!

250 644 494 73 ¿dónde vas, desconocido?

248 698 525 62 tu padre me dió esta carta;

250 735 459 73 adelante, soy tu amigo,

252 787 485 70 en las manos de Portela,

256 834 544 81 ¿ay de mí, que soy perdido!

258 890 498 73 ¿Y leyendo con cuidado,

252 936 409 66 estas palabras decia:

254 989 494 58 «Te van á quitar la vida,

252 1039 423 62 hijo mio; he pensado

248 1078 533 75 que te marches de España,

250 1138 498 56 no cometas más estragos,

252 1184 506 58 que en Córdoba tu cabeza

252 1225 514 64 ayer mismo pregonaron.»

258 1277 473 66 ¡Oh, qué noticias recibo

250 1320 454 68 en esta casa de campo!

297 1376 453 60 Un año justo y seguido

254 1423 475 60 de ladron más afamado;

252 1471 537 64 mi vida ya he despreciado,

248 1516 489 69 que para nada la estimo,

252 1564 488 70 vengan pollos y gallinas,

248 1616 500 72 y á cenar todos conmigo,

254 1665 512 68 y despues venga fandango

252 1707 475 74 y buenos tragos de vino,

250 1758 502 73 que este gasto yo le pago

260 1818 475 50 veinte pasos del camino.

297 1855 465 60 Cuando llegó la mañana

262 1905 471 66 te dije á mi compañero:

264 1950 546 75 —como amigo te la entrego,

254 2002 502 72 cuando llegues á mi casa

256 2056 459 62 á mi padre con secreto

256 2108 475 53 le entregarás esta carta,

258 2147 479 72 los dineros y el bolsillo,

260 2174 606 95 porque á mi no me hace falta,

260 2248 461 66 y vivir todos tranquilos

260 2285 554 99 que á mi nada me acobarda.

988 88 566 85 Bien montado en mi caballo

940 148 459 77 de la casa me despido,

938 225 436 41 me tiraron Cinco tiros

932 256 508 70 al subir por un barranco;

934 312 467 60 aquí te quiero, Portela,

942 355 565 70 y amparándome de un árbol

934 409 525 60 dos heridos van por tierra

936 458 535 56 de un tremendo trabucazo,

942 504 507 62 y quedó el leon guerrero;

938 553 488 62 me llaman el temerario.

983 595 416 58 Una partida de capa,

934 644 657 69 diez hombres muy bien armados

938 696 513 64 del gobierno son pagados,

942 741 546 73 y á agarrarme se adelantan;

934 787 475 70 todos somos andaluces,

932 834 523 67 fanfarrones no me bastan,

938 890 469 60 y al salir de unos pinos

936 934 463 62 me tiran una descarga,

940 983 459 62 me mataron el caballo,

938 1025 480 64 facineroso en mi planta.

979 1064 523 85 Cuando me ví desmontado

938 1122 461 72 de sentimiento lloraba,

934 1169 455 73 á unas peñas retiraba,

932 1209 535 72 cuando todos me cercaron

940 1262 552 83 —Date, date, Juan Portela..

930 1316 486 64 Ocho tiros me arrojaron

938 1357 540 85 los que hirieron al valiente

938 1426 488 49 en la cabeza y un brazo,

934 1459 490 72 de sangre bañado estaba

938 1510 529 71 cuando el trabuco disparo.

992 1566 471 70 Ya perdí las esperanzas.

940 1605 461 69 de mis padres el honor,

940 1657 488 62 las fuerzas me faltan ya,

934 1698 482 71 del cielo baje el perdon,

938 1748 502 66 la sangre que derramaba

940 1798 432 62 me cubria el corazon,

934 1841 506 72 no siento mi muerte, no,

942 1891 511 76 voy á pagar mis hazañas;

940 1950 478 65 me agarraron entre dos

946 1988 536 72 y con cordeles me amarran,

940 2050 546 60 cuando llegó el comandante

942 2101 519 54 todos ocho me acompañan

946 2147 472 56 me llevan como traidor,

944 2192 492 60 ya perdí mis esperanzas,

948 2240 490 60 quedarse todos con Dios.

1002 2285 498 102 Con tal anhelo y cuidado
