1753 2480
1496 237 64 118 2

190 219 477 103 mas gloria ni mas blason,

190 301 434 62 que sobre tu pecho fiel

190 347 376 68 descanse mi corazon.

508 442 43 62 5.

227 520 490 69 Dime, dama, si me quieres,

183 568 499 60 por Dios descubre tu pecho,

181 615 505 60 que no quiero en este mundo

183 655 482 62 gastar tiempo sin provecho.

223 698 463 70 Me adulan los pareceres

179 729 476 79 de tu pecho de diamante,

177 783 490 74 de gusto, gozo y placeres,

183 830 364 58 para pasar adelante

177 872 470 62 dime dama, si me quieres.

223 913 481 72 Ya sabes que yo sospecho

173 950 478 73 de verte con otro hablar,

175 1004 486 70 y si en lance tan estrecho

173 1056 443 53 gustas de verme penar,

169 1089 506 76 por Dios descubre tu pecho.

212 1132 515 77 Es mi querer tan profundo

165 1184 453 64 que si me olvidas sabré

165 1223 589 68 clamar á Dios, en quien fundo

163 1275 510 62 mi dicha, con que haré ver

165 1310 531 74 que no quiero en este mundo.

206 1357 500 73 Si otro quiere tu derecho,

159 1392 529 81 aunque seas la mas querida,

159 1448 523 68 dímelo pues, pecho á pecho,

157 1490 506 70 que no quiero en esta vida

157 1539 485 73 gastar tiempo sin provecho.

469 1612 54 74 6.

150 1684 538 99 Ya me has vuelto las espaldas

150 1758 463 64 porque tienes nuevo amor,

146 1802 486 70 bien puedes corresponderle,

146 1839 401 72 pues lo merece mejor.

190 1876 568 87 Sobre alfombras de esmeraldas

146 1924 410 72 un galan enternecido,

142 1977 548 69 al pié de unas verdes palmas

136 2017 486 68 con ansias dice à Cupido:

144 2062 511 74 ya me has vuelto las espaldas.

183 2105 410 62 De tu desden el favor

136 2149 465 72 me penetró toda el alma,

138 2192 407 106 olvidando á tu rigor,

903 252 585 93 mi vida, se encuentra en calma

905 318 469 54 porque tienes nuevo amor.

948 357 428 66 Me alegrara conocerle

903 398 459 75 para envidiarle la dicha,

905 450 426 58 y pues deseas tenerle,

901 491 500 69 mentras lloro mi desdicha

901 531 484 70 bien puedes corresponderte.

940 574 575 83 ¡ Oh que pena ! ¡ oh qué rigor !

899 626 589 78 ¡ qué suerte ! ¡ qué desventura!

899 669 486 70 por mí se acabe el horror,

895 715 463 70 él goce de tu hermosura

895 760 390 74 pues lo merece mejor.

1211 826 35 101 7.

932 911 351 85 Señora ya te olvidé

886 963 488 88 á lo hecho no hay remedio,

886 1020 383 67 arrepentido no estoy,

886 1068 488 60 busca quien te dé consuelo.

928 1113 479 69 Siempre constante te amé

882 1144 445 81 con muy fina voluntad,

882 1198 331 64 y fino te idolatré;

880 1231 443 81 pero al ver tu falsedad,

878 1287 347 64 señora ya te olvide.

919 1326 525 87 Llegaste á mostrarme tédio,

876 1378 380 58 procuré desenojarte,

872 1415 554 83 mas viendo no hallaba medio,

874 1459 440 68 ya me resolví á dejarte,

868 1502 479 72 á lo hecho no hay remedio.

909 1543 535 87 Por muy bien empleado doy

864 1585 492 78 de tu vista el ausentarme,

866 1634 463 75 y aunque sepa desde hoy

868 1686 587 81 que el no verte ha de matarme,

859 1731 377 60 arrepentido no estoy.

915 1767 424 80 Ya falleció mi desvelo,

862 1810 409 70 ya mi cuidado murió,

864 1851 494 85 ya no quiero mas tu cielo,

870 1909 430 58 y pues que te olvidé yo

855 1942 478 87 busca quien te dé consuelo.

1180 2039 37 60 8.

895 2110 432 74 Si fueras la reina Ester

855 2163 457 66 y á su hermosura llegaras

847 2219 399 95 por tu falso proceder,
