1740 2341
712 163 272 84 HISTORIA

804 269 70 70 DEL

304 345 1041 109 PATRIARCA JOSÉ

632 565 408 70 CAPITULO PRIMERO.

222 653 1215 70 Envidia de los hijos de Jacob contra José su hermano: ellos le venden á los

331 710 1006 58 Madianitas y estos á Putifar en Egigto, á donde le conducen.

283 834 1156 67 La vida del Patriarca José es una de las mas maravillosas y ejem¬

226 885 1211 65 plares que nos refiere el antiguo testamento. En ella hallará el lector

216 932 1215 60 mucho que aprender, mucho que meditar, y verá como Dios con su

220 979 1223 58 omnipotente poder eleva al más encumbrado puesto al que ayer era

220 1022 1223 66 un pobre esclavo sacrificado por la malevolencia de sus propios her¬

224 1071 131 60 manos.

279 1100 1152 68 Solo contaba diez y seis años José, cuando ya estaba apacentando,

226 1152 1224 65 junto con sus hermanos, los rebaños de su padre Jacob. Amábale este

216 1201 1227 53 con extremado cariño, no solo por sus buenas cualidades, sino porque

220 1238 1227 63 le habia tenido en los últimos años de su senectud. Tal preferencia

218 1281 1225 61 en cariño fué causa de que sus hermanos le envidiaran y aborrecie¬

220 1334 1222 58 ran, y aumentó su odio el haber contado á su padre algunos hechos,

222 1377 1223 60 no muy decentes, que advirtió en ellos cierto dia. Mas lo que puso

222 1414 1223 66 el sello á su rencoroso corazon, y que acabó de llenarlos de envi¬

212 1461 1231 60 dia, fué un sueño que tuvo José, y que aun cuando misterioso en sí,

216 1507 1223 63 él lo contó con toda la sencillez de la edad. Es, pues, el caso, que so-

214 1556 1225 53 ñó que se hallaba con sus hermanos en el campo haciendo haces de

220 1595 1217 63 espigas; pero su haz era mucho mayor que las otras y parecia que

214 1638 1227 57 estas le adoraban. Mal recibieron los hermanos la relacion de este

216 1679 1223 66 sueño; pero José continuó diciendo que poco despues habia soñado

216 1724 1221 62 que el sol, la luna y once estrellas, le prestaban adoracion. Tal re¬

210 1767 1223 70 lato llenó de cólera á todos aquellos envidiosos, y Jacob no pudo

220 1810 1215 72 menos de reñir á su hijo diciéndole: «¿Qué quiere decir este sueño

222 1863 1211 64 que viste? ¿Acaso yo, tu madre y tus hermanos te adoraremos sobre

224 1911 174 61 la tierra?»

283 1939 1142 74 Empero Jacob, considerando la virtud y sencillez de su hijo,

210 1989 1233 65 réconocia la voz de Dios en la de José, que le decia, que aquel niño

208 2032 1229 72 estaba destinado para cosas grandes y maravillosas, y meditaba sobre

220 2077 1213 80 la inteligencia de sus sueños. Si le riñó fué tan solo para que fuese
