1860 2629
214.0 234.0 349.0 107.0 una vieja y agarró

217.0 304.0 436.0 79.0 la bazinilla y se planta:

212.0 363.0 428.0 72.0 que truenos! que lluvia!

212.0 407.0 430.0 68.0 qu juracan que desata!

214.0 462.0 365.0 63.0 pero yo á too callao

212.0 481.0 527.0 90.0 por que en mi no reparara.

208.0 538.0 335.0 64.0 Mas apenas acabó

203.0 580.0 437.0 70.0 fue erecha á la ventana

212.0 628.0 421.0 73.0 y pensando que era yo

206.0 676.0 403.0 62.0 algun berijon de lana

210.0 712.0 423.0 70.0 se me regolvió de popa

210.0 766.0 445.0 62.0 con las naguas levantaas

214.0 799.0 446.0 72.0 y en medio de los josicos

208.0 843.0 439.0 74.0 me plantificó las nargas:

203.0 885.0 476.0 89.0 en fin se limpió y no mas

212.0 935.0 323.0 74.0 y decia la malvaa

206.0 970.0 419.0 79.0 esta lana á estao al sol

208.0 1020.0 458.0 77.0 que está caliente, su alma

208.0 1064.0 478.0 66.0 se caliente en los infiernos

212.0 1110.0 456.0 79.0 pues me llenó de surrapa

203.0 1150.0 378.0 79.0 ojos, narizes y boca:

206.0 1196.0 577.0 68.0 cuando no eche yo alli el alma,

206.0 1242.0 462.0 68.0 tripas, guajar y asaduras

210.0 1279.0 581.0 81.0 pienso que nunca he de echarla.

212.0 1329.0 476.0 79.0 y llamando á un hijo suyo

206.0 1378.0 423.0 59.0 vino dando voces altas;

214.0 1419.0 373.0 72.0 yo ije (para mi sallo)

210.0 1459.0 408.0 76.0 ya está corona la anza;

203.0 1509.0 428.0 66.0 empeze á rezar el Creo,

203.0 1557.0 428.0 66.0 no queo santo ni santa

206.0 1599.0 390.0 61.0 en toito el calandario

203.0 1634.0 525.0 79.0 á quien no me encomendara;

208.0 1684.0 428.0 68.0 mas apenas que me vió

212.0 1726.0 443.0 85.0 por las orejas me agarra,

203.0 1772.0 332.0 70.0 con tal coraje tiró

214.0 1811.0 476.0 75.0 que yo por la puerta falsa

214.0 1868.0 465.0 62.0 empeze á llorar, de suerte

217.0 1897.0 513.0 76.0 que las lagrimas que echaba

208.0 1954.0 489.0 94.0 eran mas gordas que peros

1004.0 251.0 404.0 88.0 pa toos mis camaraas,

1000.0 262.0 498.0 121.0 sin dua lo tentó el Diablo:

1004.0 363.0 461.0 57.0 Luego fue y en una taza

1000.0 400.0 548.0 71.0 trajo un betum! y pintone

1000.0 453.0 467.0 53.0 como á Demonio la cara,

1002.0 492.0 414.0 68.0 en esto ya era de dia,

1008.0 543.0 496.0 66.0 y los muchachos que pasan

1004.0 580.0 548.0 68.0 pensando que yo era un judas

997.0 624.0 483.0 59.0 me apedrean y maltratan,

1006.0 666.0 465.0 65.0 ¡que verguenza que pasé!

1004.0 709.0 450.0 62.0 se juntó gente á desgaja.

997.0 755.0 501.0 66.0 Mas un maldito muchacho

1002.0 806.0 452.0 54.0 se subió de mi se agarra

1002.0 841.0 511.0 59.0 me ha quitado los calzones

1004.0 887.0 412.0 66.0 de tanto como tiraba,

1004.0 939.0 395.0 62.0 tal que me jiso pegar

997.0 972.0 457.0 68.0 una costada de espaldas

1000.0 1018.0 370.0 64.0 que pense dejar allí

1002.0 1062.0 515.0 57.0 toas mis costillas quebraas.

1004.0 1108.0 401.0 59.0 Sali corriendo tras el

993.0 1143.0 511.0 66.0 cual liebre que va acosaa

1000.0 1200.0 456.0 59.0 un escuadron me seguia,

1006.0 1235.0 516.0 72.0 yo en viento en popa volaba

997.0 1288.0 476.0 54.0 con el pañal por bandera

1006.0 1321.0 496.0 65.0 y en el gravaas mis armas.

1002.0 1371.0 390.0 61.0 Mas tenia yo que ver

1004.0 1413.0 586.0 76.0 que un buen jardin del Alcazar

1006.0 1463.0 467.0 64.0 y mas que un titirimundi

1006.0 1496.0 494.0 63.0 en donde se ven pintaas

1006.0 1544.0 397.0 64.0 Napoles, Ingalaterra,

1008.0 1594.0 487.0 62.0 la Gran Bretaña é Irlanda,

1004.0 1632.0 476.0 59.0 la gran Corte de Madrid,

1006.0 1675.0 463.0 62.0 las Carrozas y las Damas,

1004.0 1721.0 410.0 68.0 jasta el Diablo se reia

1000.0 1757.0 546.0 81.0 de ver tan horrible estampa:

1004.0 1809.0 443.0 59.0 En fin la cruz á Sivilla

1008.0 1851.0 509.0 70.0 y á las malditas muchachas

1008.0 1895.0 652.0 78.0 pues de esta suerte me han puesto

1000.0 1938.0 533.0 101.0 voy corriendo á buscar agua.

826.0 2033.0 244.0 149.0 FIN.

212.0 2203.0 1457.0 154.0 Con licencia: En Sevilla en la Imprenta de Aragon

754.0 2291.0 377.0 121.0 y Compañia.
