1753 2480
374 43 1075 118 CANCIÓN DE LA JALEA

279.0 188.0 1275.0 91.0 Y AMORES DE UNA DAMA CON UN CONFITERO

190.0 363.0 417.0 128.0 Nadie se admire que yo

150.0 473.0 418.0 62.0 por un confitero muera:

146.0 522.0 490.0 69.0 que me da dulces muy finos

157.0 578.0 394.0 60.0 y también me da jalea.

444.0 624.0 99.0 107.0 CORO

310.0 719.0 337.0 72.0 Tú me vuelves loco,

268.0 770.0 321.0 69.0 tú me haces penar,

270.0 822.0 310.0 64.0 y á veces de gusto

270.0 868.0 298.0 64.0 me haces delirar;

266.0 911.0 412.0 66.0 de mi tiemble el mundo:

268.0 961.0 383.0 70.0 ¡qué bien te remeneas!

270.0 1012.0 300.0 58.0 estando á tu lado

266.0 1049.0 451.0 71.0 me vuelvo jalea, chis-chis;

268.0 1107.0 333.0 68.0 ay jalea, chis- chis;

270.0 1157.0 565.0 99.0 ay jalea, y que bien te remaneas!

1006.0 425.0 457.0 68.0 me pongo flaca y morena:

1006.0 485.0 424.0 54.0 la dama que no se casa,

1008.0 535.0 439.0 58.0 no sabe lo que es canela.

1000.0 626.0 434.0 68.0 don Alfonso el confitero,

1046.0 578.0 434.0 68.0 Dios cuide de mi querido

1002.0 671.0 461.0 68.0 que si los dulces son finos,

1004.0 721.0 381.0 60.0 es mas fino su salero.

1041.0 770.0 344.0 71.0 Ni mistela, ni café,

1004.0 818.0 420.0 74.0 ni bizcocho amerengado

1004.0 868.0 401.0 62.0 es más dulce que tener

1004.0 911.0 461.0 74.0 un marido siempre al ládo.

1039.0 975.0 422.0 64.0 El me da yemas nevadas

1000.0 1018.0 469.0 75.0 que relucen como estrellas,

1004.0 1070.0 418.0 68.0 acitrón, turrón de barra,

1004.0 1107.0 372.0 71.0 y á todas horas jalea.

1048.0 1169.0 446.0 71.0 ¡Qué cuerpo tan resalado!

1006.0 1217.0 391.0 64.0 ¡qué modito de mirar!

1006.0 1264.0 532.0 79.0 cuando me habla, me desahogo

1004.0 1308.0 403.0 80.0 como en el agua la sal.

1043.0 1368.0 366.0 53.0 Sin él no puedo vivir

1006.0 1415.0 374.0 64.0 una tan sola mañana;

1006.0 1457.0 484.0 74.0 que el amor de un confitero

1004.0 1504.0 420.0 68.0 sabe á ternera mechada.

1041.0 1552.0 474.0 74.0 Si se admiran las doncellas

1008.0 1605.0 484.0 66.0 que yo quiero á un confitero,

1004.0 1661.0 430.0 60.0 es porque no saben ellas

1004.0 1707.0 383.0 60.0 lo que vale su salero.

1046.0 1748.0 465.0 72.0 Una vez que le he probado

1006.0 1806.0 414.0 58.0 me supo muy exquisito;

1004.0 1849.0 331.0 66.0 una jalea me hago

1006.0 1907.0 430.0 52.0 en viendo su cuerpecito.

1046.0 1953.0 442.0 62.0 En fin, me voy á acostar,

1004.0 2002.0 492.0 56.0 pues no tengo otro remedio;

1006.0 2048.0 308.0 55.0 algún día llegará

1008.0 2087.0 523.0 76.0 que me acueste con mi dueño.

1050.0 2147.0 343.0 64.0 Así decía una dama

1010.0 2194.0 395.0 62.0 amada do un confitero,

1008.0 2246.0 461.0 58.0 que los dulces le gustaban,

1010.0 2291.0 416.0 106.0 y mucho más su dinero.

190.0 1246.0 545.0 89.0 Los hombres sou los demonios;

148.0 1295.0 445.0 66.0 según dicen las mujeres,

150.0 1351.0 420.0 52.0 cuántos habrá deseando

146.0 1392.0 484.0 71.0 que el demonio se las lleve.

316.0 1428.0 390.0 105.0 Tú me vuelves loco, etc.

190.0 1519.0 415.0 95.0 La dama que no se casa

148.0 1581.0 395.0 62.0 á los veinticinco años,

152.0 1634.0 389.0 56.0 al cielo pide venganza

148.0 1671.0 472.0 65.0 con un dolor tan extraño...

150.0 1727.0 451.0 62.0 con un dolor tan extraño!

150.0 1767.0 457.0 68.0 porque la edad se la pasa.

316.0 1804.0 390.0 120.0 Tu me vuelves loco, etc.

196.0 1903.0 442.0 76.0 Veintitrés abos cumplidos

152.0 1967.0 484.0 52.0 tengo ya y no estoy casada:

155.0 2012.0 471.0 62.0 válgame Dios ¡qué suspiros

148.0 2052.0 478.0 64.0 me cuesta el hacer la cama

194.0 2101.0 417.0 66.0 Mal haya sea mi madre

152.0 2157.0 406.0 52.0 que no me quiso casar;

152.0 2201.0 480.0 66.0 pues á fe que con mi padre

157.0 2252.0 357.0 58.0 buenos ratos pasará.

190.0 2289.0 440.0 124.0 Como la edad ve me pasa.
