1860 2629
956.0 63.0 131.0 121.0 EL

274.0 157.0 1513.0 235.0 CANTOE DE LAS HERMOSAS.

794.0 354.0 469.0 88.0 TROVAS DE AMOR

342.0 409.0 1357.0 121.0 DEDICADAS AL BELLO SENO POR UNOS AFICIONADOS

1568.0 28.0 177.0 66.0 Nu패m. 12

495.0 1662.0 1011.0 180.0 35 EL PUNAL.

592.0 1857.0 44.0 68.0 I.

267.0 1897.0 625.0 79.0 Cuando escucho tu  voz seductora,

234.0 1952.0 581.0 74.0 En mi pecho no reina la calma;

232.0 1995.0 651.0 81.0 Se conmueve de un modo mi alma,

234 2052 610 55 Que es muy fa패cil de gozo espirar

223.0 2094.0 549.0 72.0 Si pretendes quitarme la vida

230.0 2138.0 537.0 68.0 No prefieras el arma de acero

228 2184 605 65 Pues tu canto divino, hechicero,

232.0 2221.0 684.0 127.0 Se introduce mes bien que un pu침al.

1364.0 1868.0 63.0 77.0 II.

1068.0 1914.0 607.0 77.0 Su espresio패n ha llenado mi ment

1037 1967 570 70 Como el Eler ocupa el espacio;

1039 2015 669 66 py escucarie, mi bien, no me sacio

1035 2068 528 63 A despecho de mi hado fatal.

1024 2120 515 57 Al oirte se abrasa mi alma...

1041 2155 525 68 Fu celeste cantar me asesina:

1037.0 2197.0 526.0 81.0 Pues tu voz virgina! y divina

1022 2249 697 75 Se introduce mas bien que un punal.
