1860 2629
311.0 1130.0 1151.0 221.0 Padre seductor de su hija

629.0 1384.0 491.0 88.0 PRIMERA PARTE

160.0 1542.0 436.0 66.0 En Santa Coloma oyentes

127.0 1579.0 353.0 59.0 hace poco allí ocurrió

122.0 1614.0 367.0 61.0 en una casa de campo

118.0 1651.0 419.0 60.0 lo que voy a explicar yó

122.0 1689.0 443.0 54.0 ya saben que lo que canto

122.0 1728.0 406.0 57.0 los diarios lo han traido

122.0 1761.0 461.0 59.0 un padre que fué muy malo

125.0 1800.0 401.0 60.0 seductor y muy bandido

160.0 1838.0 421.0 52.0 Joaquin Villas este padre

127.0 1870.0 441.0 60.0 viudo el mal padre se alla

125.0 1903.0 366.0 57.0 eon su hija Margarita

125.0 1938.0 414.0 62.0 la joven tan desgraciada

129.0 1982.0 360.0 53.0 se ilusionó este padre

125.0 2017.0 348.0 53.0 que su deseo él logró

120.0 2044.0 391.0 65.0 a la punta da un puña!

118.0 2081.0 390.0 63.0 qne a su hija dehonró.

157.0 2114.0 426.0 74.0 Un dia este Infame padre

120.0 2157.0 334.0 55.0 a su híja sorprendió

120.0 2188.0 384.0 61.0 a la punta de un puñal

133.0 2232.0 373.0 70.0 y estas palabras le abló

125.0 2267.0 331.0 50.0 dejame gozar le dijo

127.0 2306.0 340.0 51.0 ai no te voy a matar

127.0 2337.0 366.0 55.0 pendios le dijo la hija

129.0 2377.0 414.0 61.0 por compasión y piedad.

1184.0 1535.0 419.0 66.0 Abrazó el padrea su hija

1155.0 1575.0 400.0 63.0 con el puñal en su mano

1151.0 1612.0 364.0 59.0 defendiendose la hija

1151.0 1647.0 430.0 55.0 con padre infame y tirano

1151.0 1682.0 375.0 53.0 una herida en el brazo

1153.0 1721.0 309.0 57.0 de su padre recibió

1151.0 1757.0 412.0 59.0 quedando ella sin fuerzas

1144.0 1794.0 305.0 55.0 su desen el logró.

1182.0 1822.0 346.0 59.0 Una vezélsáti sfecho

1153.0 1862.0 296.0 59.0 tendida ella quedó

1153.0 1890.0 373.0 64.0 y al volvor en sí la hija

1147.0 1934.0 379.0 55.0 su venganza ella buseí

1151.0 1967.0 428.0 61.0 vió la hija a su mal padre

1149.0 2004.0 401.0 59.0 que a dormida él estaba

1151.0 2041.0 353.0 60.0 cogió la ajada la hija

1153.0 2074.0 386.0 62.0 que la razón le sobraba

1182.0 2111.0 390.0 64.0 Con toda sufuerza ella

1151.0 2144.0 287.0 64.0 a la cabeza le dió

1149.0 2175.0 419.0 66.0 tres golpes delosmortales

1153.0 2221.0 309.0 55.0 que la cabeza leirió

1155.0 2249.0 351.0 64.0 salió la hijagritando

1149.0 2285.0 432.0 63.0 auxilio ella pidióhonrado

1142.0 2331.0 316.0 48.0 mi padre me a des

1160.0 2368.0 397.0 79.0 y así me hevengado yo
