1860 2629
184.0 173.0 1412.0 92.0 Varios de éstos reconocieroa en la auerta a una ramera, muy popular

85.0 240.0 662.0 60.0 por el remoquete de «La Chata»,

179.0 278.0 1417.0 83.0 En seguida se dió cuenta del hecho a la policia quien a vez avisó al

89.0 322.0 422.0 72.0 Juzgado de guardia.

175.0 350.0 1417.0 110.0 Praoticadas las primeras diligencias, se ordenó el levantamiento del

85.0 365.0 972.0 123.0 cdaven tica ia, confmonzo sn misprnsi cimncr

179.0 457.0 1409.0 77.0 Por reterencias de elgu nasaaigas de la interfacta, se vino én sos¬

83.0 495.0 1507.0 87.0 pecha de que en el crimen pudiera hallarse complicado un sujeto do malos

83.0 549.0 925.0 112.0 antecadencer, conocido por Luis : El Prancés.

366.0 648.0 919.0 145.0 ¿el verdadero autor?

175.0 777.0 1419.0 110.0 Ayer mañaoa el Juegado de guardia entrego las diligencias del

83.0 845.0 1505.0 77.0 orimen al Juzgudo del Sur, contin nando las indagacioues con gran aeti¬

85.0 896.0 1231.0 72.0 vidad para der con el verdadero cul pable del heoho de antos.

173.0 937.0 1408.0 79.0 El crimen podia clasificarse entre las hazañas de la gente del hampa,

173.0 981.0 1410.0 83.0 Luis, «El Francéa» era el amante de «La Chata», a Juien explotaba

78.0 1034.0 683.0 59.0 a cambio de rebaciones amorosas.

173.0 1069.0 1406.0 76.0 Por lo visto, autencche Luis arreció en sus peticiones de dinero, sien¬

78.0 1110.0 1501.0 79.0 do desoido, por an amante quien so uegó terminantemente a seguir satis.

74.0 1165.0 926.0 70.0 faciendo los caprichos y peticiones de aquel.

168.0 1209.0 1411.0 77.0 Los dos protogonistas debieron dis putar con alguna violencia, hasta

78.0 1248.0 1501.0 86.0 que «El Francés» exacerbado por la actitud de «La Chata», intirió a ésta

74.0 1296.0 1031.0 75.0 las distintav heridas que le oossionaron su muerte.

171.0 1345.0 1403.0 85.0 Pocas horas después el asesino se presentó a una compañera de la vío¬

76.0 1382.0 838.0 81.0 tima, pidiendole dos pesetas y diciendole:

168.0 1439.0 1047.0 61.0 —Ahora le acabo de cortar la cara a la «La Chata»,

166.0 1481.0 1408.0 83.0 Enterada de este incidente la policia, procedió a la busca y captura

70.0 1513.0 337.0 121.0 del delincuente.

280.0 1619.0 1044.0 149.0 Detención del criminat

144.0 1759.0 1426.0 103.0 En Badalonn junto cou des bandidos más prendieron al crimial al mo

67.0 1822.0 1501.0 75.0 mento de haber hecho un robo, comvicto y confeso del crimen que hizo

67.0 1870.0 1499.0 82.0 el Si. Juez de Badalona eon se especial avilidad supo hacerle cantar de

67.0 1919.0 1499.0 74.0 plano toda la relación del crimen y desde luego confesarse autor del

70.0 1960.0 1489.0 77.0 crimen siendo esta persoos de malos antecedentes, tiene 25 años,

67.0 2002.0 1499.0 96.0 habiendo ingresado en ln carcel inmed atamente hesta esperar la pena que

59.0 2048.0 283.0 112.0 le perteneoa.

414.0 2155.0 726.0 123.0 Imp. Aldaua, fa — BARCELONA
