1860 2629
197.0 324.0 559.0 76.0 Deixo richs, per vicis pobras ;

153.0 374.0 474.0 66.0 pobras que volan se richs

149.0 409.0 555.0 79.0 deixo al mon ple de embolichs

155.0 479.0 544.0 66.0 que sempre ni agut de sobras.

199.0 525.0 421.0 59.0 Deixo lo any comensat

151.0 573.0 425.0 62.0 desitxan 'l anima mia ,

153.0 617.0 467.0 70.0 que ab contento y alegria

149.0 668.0 425.0 63.0 lo pugau veura acabát.

201.0 720.0 465.0 62.0 Deixo que 'l enterro meu

151.0 766.0 425.0 66.0 as fasia ab solemnitat ,

151.0 814.0 419.0 57.0 recorrent per la ciutat

153.0 863.0 467.0 70.0 tota la gent que bulgueu.

199.0 909.0 406.0 74.0 Ananti si vos agrada ,

151.0 959.0 425.0 70.0 tots los que varen bení

151.0 1012.0 434.0 65.0 cuan vas arribar aquí ,

151.0 1055.0 456.0 73.0 á solemnisá ma entrada.

199.0 1106.0 507.0 72.0 Deixo ordenat quels gegans

153.0 1156.0 432.0 64.0 y vagian vestits de dol ,

155.0 1207.0 448.0 65.0 pues estarán sens consol

153.0 1257.0 408.0 64.0 tan altisims ciutadans.

208.0 1294.0 539.0 79.0 Y ab los ulls com una esponja

151.0 1351.0 471.0 66.0 de tan plorá y de singlot ,

153.0 1404.0 358.0 52.0 encomano sobre tot

153.0 1445.0 491.0 73.0 que no y faltia lo Canonje.

199.0 1496.0 535.0 77.0 Per ser mon mes gran amich

153.0 1546.0 445.0 68.0 y sabenna ma arribada ,

155.0 1592.0 395.0 66.0 va bení de una tirada

155.0 1634.0 483.0 68.0 per rebrem, desde Madrit.

206.0 1684.0 495.0 81.0 Y ancara que caiguin gotas

153.0 1739.0 489.0 70.0 plogui, nevi , ó fasia vent ,

153.0 1785.0 461.0 70.0 no hi faltian per lluimént

151.0 1838.0 478.0 59.0 tots los seus llimpiabotas.

199.0 1866.0 540.0 92.0 Que y vagian tots los coristas

149.0 1934.0 427.0 61.0 no vuy di de catedrals ,

149.0 1976.0 504.0 76.0 si no de honráts menestrals

149.0 2030.0 473.0 81.0 ab trompatés y flautistas.

971.0 333.0 511.0 74.0 Tots los timbals destrempats

921.0 381.0 522.0 59.0 sobra tot que hi vagian tots ,

923.0 431.0 531.0 70.0 y que toquin fins quels morts

919.0 481.0 465.0 62.0 se axequin tots espantats.

971.0 527.0 463.0 71.0 Als xiulets y trompetetas

923.0 576.0 504.0 76.0 que vinguian á fe amohino ,

925.0 635.0 485.0 57.0 que no y falti al tamborino

927.0 674.0 450.0 70.0 y trenta mil campanetas.

921.0 773.0 381.0 68.0 als coros del Orfeon ,

969.0 722.0 434.0 68.0 La música dels andiots ,

923.0 823.0 417.0 62.0 y als valadrés del mon

923.0 863.0 408.0 65.0 també feulos vení tots.

919.0 961.0 513.0 75.0 las mes lletxas y arrugadas ,

969.0 913.0 469.0 68.0 Llogueu á totas las yellas

919.0 1020.0 465.0 64.0 ab un bano de arengadas

925.0 1066.0 476.0 62.0 y als osus de las costellas.

971.0 1117.0 474.0 57.0 Que vagian al meu deván

927.0 1165.0 595.0 75.0 ploran lo temps que han perdut ,

923.0 1215.0 364.0 60.0 á la seva juventud ,

927.0 1266.0 424.0 61.0 y may mes recobrarán.

973.0 1310.0 487.0 63.0 Als burrus de las tarrairas

925.0 1351.0 419.0 75.0 féulosi aná que combé,

925.0 1408.0 452.0 57.0 que son ciutadans també

927.0 1452.0 481.0 72.0 y com ells no ni ha gaires.

971.0 1505.0 399.0 61.0 Encomenambos á tots

923.0 1551.0 434.0 70.0 que os divertiu ab plaer

923.0 1599.0 425.0 68.0 pero sens donar que fér

921.0 1651.0 423.0 62.0 ni promouren alvorots.

969.0 1697.0 513.0 73.0 Que desde aqui á la Bordeta

925.0 1739.0 494.0 77.0 y asta 'l altra part del mon

923.0 1796.0 456.0 70.0 sapian quels catalans son

923.0 1838.0 447.0 76.0 honrats sota una careta.

976.0 1888.0 342.0 70.0 Y si ó feu tots axi ,

921.0 1936.0 546.0 72.0 Deu vos donguia un bon repós

932.0 1998.0 419.0 59.0 per enterrá lo meu cós

921.0 2046.0 509.0 90.0 ab pa blanch, llomillo y vi.

881.0 2096.0 106.0 213.0 FI.

789.0 2339.0 647.0 86.0 Imp. de Joseph Tauló, Cirés n.° 5.—1861.

278.0 2427.0 1292.0 94.0 Barcelona : en casa Joan Llorens , carré de la Palma de Santa Catarina
