1860 2629
359.0 133.0 461.0 94.0 una muger dió su vientre

364.0 210.0 460.0 63.0 para que Dios encarnara;

366.0 256.0 441.0 55.0 una muger dió su pecho

364.0 291.0 430.0 59.0 para que se alimentara;

368.0 328.0 456.0 64.0 una muger dió su sangre

364.0 370.0 476.0 59.0 para que Dios se formara;

357.0 414.0 544.0 59.0 y el varon por ser tan bueno,

355.0 455.0 498.0 62.0 por Dios, que no puso nada;

357.0 492.0 397.0 55.0 y para sacramentarse

353.0 527.0 467.0 71.0 dos especies ó sustancias,

355.0 567.0 379.0 59.0 las mejores que crió

353.0 600.0 473.0 76.0 con el poder de su gracia,

359.0 655.0 441.0 57.0 que son el vino y el pan,

350.0 696.0 494.0 59.0 en aquestas dos sustancias

350.0 738.0 439.0 55.0 se quedó Sacramentado,

355.0 771.0 539.0 65.0 porque son buenas entrambas,

361.0 817.0 490.0 59.0 y para hacerse Dios hombre

353.0 854.0 443.0 61.0 del varon no quiso nada.

353.0 896.0 410.0 50.0 A esto dice el Obispo:

346.0 933.0 489.0 63.0 nunca pensé ver tal gracia.

346.0 972.0 445.0 53.0 No vuelva Usía á argüir

346.0 1012.0 480.0 68.0 otra vez con la muchacha,

346.0 1049.0 377.0 61.0 dice el Canónigo: yo

346.0 1080.0 511.0 74.0 absorto estoy de escucharla,

350.0 1139.0 413.0 52.0 sin sentido y sin juicio

346.0 1163.0 502.0 77.0 me ha dejado la muchacha:

344.0 1215.0 436.0 55.0 mas su llustrisima sepa

348.0 1242.0 520.0 74.0 que esta es del cielo enviada,

344.0 1294.0 502.0 62.0 ó habla por boca de Cristo,

342.0 1338.0 500.0 57.0 ó el ángel que la acompaña

342.0 1373.0 491.0 57.0 es custodio y quiere ahora

348.0 1413.0 505.0 68.0 que le celebren sus gracias;

339.0 1448.0 373.0 68.0 bendita sea tu boca,

346.0 1489.0 520.0 75.0 que con tanto primor hablas;

344.0 1535.0 395.0 55.0 el dote tienes ganado,

350.0 1577.0 393.0 57.0 y empeño mi palabra

337.0 1614.0 494.0 66.0 de valerte en cuanto pueda

342.0 1656.0 394.0 61.0 si la vida no me faltla.

333.0 1693.0 485.0 81.0 Dame un abrazo, mi Niña,

1072.0 140.0 566.0 116.0 que le quiero mas que al alma.

1072.0 216.0 412.0 57.0 Eso no lo haré, señor,

1081.0 262.0 436.0 53.0 no se me quede la maña

1072.0 302.0 480.0 57.0 de abrazar á los hombres,

1068.0 335.0 506.0 68.0 que es una gente muy mala,

1072.0 394.0 428.0 37.0 y luego mi madre riñe.

1068.0 414.0 423.0 61.0 Y su Ilustrisima estaba

1074.0 471.0 404.0 43.0 contentísimo y alegre

1068.0 503.0 465.0 62.0 escuchando la muchacha;

1070.0 547.0 375.0 48.0 dice: quieres recibir

1065.0 576.0 463.0 61.0 aquel pan de dicha tanta?

1068.0 622.0 394.0 54.0 Dice: ese es mi deseo,

1063.0 655.0 500.0 70.0 llevar mi esposo en el alma,

1061.0 696.0 494.0 66.0 Le dieron los Sacramentos,

1061.0 738.0 472.0 63.0 y entre los dos la llevaban

1059.0 784.0 447.0 52.0 á su casa, y á su madre

1059.0 817.0 454.0 59.0 le dicen, que la llevaban

1059.0 860.0 478.0 66.0 sin detenerse un instante,

1068.0 902.0 458.0 53.0 en un convento á dejarla,

1059.0 944.0 504.0 61.0 que si quiere acompañarlos,

1063.0 1001.0 505.0 52.0 que lo laran ue nucana gana.

1063.0 1018.0 393.0 59.0 Dijo la madre que si:

1057.0 1018.0 495.0 112.0 Pen Sama Macln Ce erncis

1061.0 1097.0 393.0 59.0 la metieron religiosa;

1061.0 1139.0 430.0 59.0 donde con gran eficacia

1061.0 1180.0 434.0 66.0 y documentos cristianos

1059.0 1222.0 388.0 59.0 las almas arrebataba.

1055.0 1281.0 429.0 35.0 Mrurlo aquesta religiosiTU.

1052.0 1299.0 402.0 54.0 sin calentura ni nada;

1057.0 1338.0 447.0 61.0 y la hallaron de rodillas

1055.0 1373.0 504.0 81.0 puesta en cruz, muy elevada,

1057.0 1410.0 419.0 71.0 y un letrero que decia,

1055.0 1461.0 491.0 74.0 con letras de oro firmadas:

1052.0 1507.0 415.0 48.0 en amor de Jesucristo

1055.0 1540.0 445.0 65.0 murió esta dichosa niña,

1044.0 1588.0 427.0 57.0 Ique por eso se la dice,

1057.0 1621.0 399.0 57.0 y por eso se la llama,

1052.0 1654.0 441.0 74.0 ja Enamorada de Cristo,

1057.0 1697.0 408.0 88.0 Maria Jesús de Gracia.

870.0 1903.0 198.0 121.0 FIN.

1026.0 2278.0 575.0 99.0 Alcoy. I8z: Impr. de José Marti.
