1752 2480
74.0 289.0 614.0 101.0 Intentó (¡gran desvergüenza!)

72.0 378.0 639.0 82.0 manchar (¡accion de inhumano!)

72.0 431.0 418.0 54.0 el honor á la señora

68.0 475.0 507.0 58.0 su respeto atropellando.

66.0 516.0 525.0 66.0 Rompió el silencio la voz

68.0 570.0 529.0 60.0 un dia que salió al campo

64.0 617.0 511.0 67.0 por divertir sus pasiones

62.0 671.0 506.0 56.0 y dar treguas al cuidado.

59.0 708.0 534.0 69.0 Con la ocasion de asistirla

55.0 758.0 536.0 74.0 el mayordomo ha llegado,

62.0 801.0 450.0 69.0 y con cifradas razones

53.0 847.0 540.0 78.0 su maldad fué declarando,

57.0 894.0 470.0 69.0 hasta que dijo: señora,

55.0 954.0 580.0 64.0 en fuego de amor me abraso,

55.0 996.0 464.0 70.0 gocemos de la ocasion

53.0 1051.0 555.0 52.0 con la ausencia de mi amo.

51.0 1089.0 544.0 70.0 Era muger muy prudente,

53.0 1138.0 486.0 73.0 y con disimulo estraño,

51.0 1184.0 474.0 64.0 sin ser de nadie notada

51.0 1235.0 526.0 62.0 esta respuesta le ha dado:

53.0 1283.0 555.0 72.0 vive Dios, hombre atrevido,

51.0 1330.0 480.0 65.0 si lo que dices, villano,

47.0 1372.0 600.0 74.0 no entendiera que era chanza

51.0 1428.0 538.0 64.0 y que es lisonja del prado,

51.0 1475.0 584.0 77.0 yo misma os diera la muerte,

45.0 1527.0 530.0 66.0 yo, sí, os hiciera pedazos:

43.0 1568.0 397.0 62.0 reprime tu fantasia

47.0 1609.0 463.0 73.0 y agradece no lo hago,

47.0 1667.0 507.0 69.0 por solo escusar la nota,

45.0 1715.0 530.0 58.0 contigo un esceso estraño.

45.0 1752.0 575.0 81.0 Quedó Alberto muy corrido,

43.0 1810.0 496.0 66.0 suspenso y avergonzado,

43.0 1849.0 542.0 81.0 discurriendo en la ocasion

45.0 1903.0 455.0 60.0 vengarse como tirano.

41.0 1942.0 478.0 79.0 Trazó una gran traicion

39.0 2000.0 484.0 68.0 con un testimonio falso,

39.0 2050.0 612.0 64.0 que el gusto volvió en veneno

37.0 2095.0 535.0 64.0 y en rigor trocò el halago.

37.0 2143.0 581.0 70.0 Cumplió el amo su campaña,

39.0 2188.0 598.0 85.0 y en su esposa contemplando,

35.0 2240.0 411.0 64.0 anhelaba por llegar

31.0 2277.0 506.0 110.0 á su casa, y con halagos

794.0 310.0 428.0 90.0 bajó la noble señora

796.0 378.0 503.0 70.0 por recibir en los brazós

794.0 427.0 556.0 71.0 su dueño y querido esposo,

794.0 481.0 552.0 58.0 con la servidumbre al lado.

792.0 516.0 494.0 73.0 Bajaba tambien un paje,

790.0 568.0 552.0 78.0 que desde niño han criado,

794.0 622.0 411.0 68.0 y delante de su ama

794.0 679.0 606.0 69.0 con una antorcha alumbrando.

788.0 708.0 490.0 81.0 Bajaba Alberto tambien,

790.0 768.0 492.0 69.0 y del demonio incitado,

792.0 816.0 459.0 60.0 quiso lograr la ocasion

783.0 859.0 648.0 95.0 que el tiempo le está brindando.

781.0 903.0 433.0 72.0 Se juntaron en el pié

783.0 954.0 516.0 71.0 de la escalera, y sacando

783.0 1006.0 549.0 70.0 un puñal, le dió la muerte

779.0 1051.0 530.0 77.0 al paje que va nombrado;

777.0 1099.0 509.0 66.0 quedó la señora inmóvil,

779.0 1151.0 548.0 70.0 viendo tan notable estrago,

777.0 1198.0 534.0 70.0 al tiempo que el caballero

777.0 1250.0 478.0 62.0 subia ya á su descanso.

775.0 1297.0 648.0 79.0 ¿Qué és esto, dice, qué es esto?

775.0 1343.0 484.0 62.0 y el traidor disimulando

773.0 1380.0 505.0 79.0 ha dicho: aqueste traidor

771.0 1440.0 484.0 58.0 en este sitio ha violado

771.0 1483.0 550.0 77.0 tu honor, y yo soy testigo;

767.0 1533.0 554.0 72.0 y asi he querido vengarlo.

767.0 1572.0 534.0 83.0 La noble señora, entonces,

767.0 1630.0 529.0 79.0 aumentando el sobresalto,

769.0 1676.0 339.0 62.0 amortecida cayó

767.0 1723.0 552.0 75.0 á los pies de este malvado.

767.0 1767.0 453.0 76.0 Entonces el caballero,

767.0 1814.0 440.0 66.0 afligido y angustiado

767.0 1864.0 532.0 76.0 lloraba su infausta suerte,

763.0 1919.0 533.0 69.0 todo el hechio confirmado.

769.0 1957.0 476.0 80.0 ¡Ay mi Margarita! dice,

765.0 2017.0 558.0 60.0 como lo que estoy mirando

759.0 2054.0 544.0 78.0 con tanta evidencia, juzgo

765.0 2103.0 589.0 71.0 que no es capaz de tu estado.

765.0 2153.0 645.0 83.0 Si en ti no hay culpa, desdicen

763.0 2196.0 471.0 79.0 los efectos inhumanos;

765.0 2254.0 463.0 62.0 pero no tiene remedio,

763.0 2300.0 504.0 95.0 el Cielo te dé su amparo.
