1860 2629
1344.0 116.0 246.0 120.0 Núm. 100

72.0 1088.0 1570.0 165.0 Caplas novas, humorísticas y epigramáticas

350 1237 1027 57 Seguit de unas endevinallas modernas extretas de lletras del abacadari

482.0 1277.0 763.0 142.0 Escritas per J. F. (a) Queri

168.0 1397.0 494.0 68.0 Un pagés bastant tanoca

118.0 1452.0 465.0 57.0 va aná'l teatro una nit,

125.0 1491.0 550.0 71.0 y una entrada y una butaca

127.0 1546.0 541.0 53.0 va aná á comprá tot seguit.

118.0 1583.0 511.0 64.0 Li van dá 'l número cent,

118.0 1629.0 491.0 60.0 «y ahont era, preguntá»

122.0 1678.0 588.0 63.0 y un trempat de bona sombra

118.0 1726.0 430.0 55.0 á la comuna 'l portá.

76.0 1759.0 739.0 111.0 — Cum que á las comenas hi ha 'l numere cent.

166.0 1870.0 399.0 77.0 Una que venía figas

120.0 1930.0 535.0 63.0 tan gran escandol va armá,

116.0 1976.0 555.0 85.0 que hi va aná un municipal

120 2030 399 51 y'l pané li va abocá,

116.0 2057.0 482.0 76.0 Totas las figas per terra

114.0 2114.0 434.0 59.0 se li varen fer malbé;

118.0 2162.0 434.0 55.0 tan sols ne salvá una,

114.0 2193.0 541.0 70.0 de prop del cul... del pané,

74.0 2243.0 502.0 105.0 « No sé si era de coll de dama.

971.0 1406.0 410.0 55.0 A ca la meva xicota,

927.0 1443.0 446.0 73.0 jo no sé com ha sigut

921.0 1487.0 557.0 64.0 que tot fent brometa ab ella

925.0 1537.0 472.0 62.0 la petaca allí he perdut.

925.0 1583.0 498.0 62.0 Ella m 'ha dit al moment:

925.0 1632.0 535.0 57.0 —Aixó ray, no'n fassis cas;

927.0 1678.0 533.0 59.0 que si tu sabs ben buscarla

925.0 1726.0 524.0 61.0 «be prou que la trobarás».

881.0 1765.0 428.0 70.0 — Palpan, palpan, pot ser.

967.0 1868.0 438.0 77.0 Un peixaté peix venía

919.0 1932.0 478.0 63.0 y anava eridant la gent

905.0 1978.0 496.0 59.0 y si'l peix li remenavan

923.0 2024.0 507.0 57.0 e'enfadava en el moment.

925.0 2061.0 507.0 61.0 Trieu popa, raps y varats,

923.0 2114.0 425.0 54.0 alsa noyas, remaneu:

919.0 2153.0 495.0 66.0 no'm remaneu la sardina

914.0 2206.0 595.0 50.0 que es lo qu'm sab més greu.

875.0 2239.0 598.0 76.0 —Com que luego's fa malvé del cap...
