1860 2629
109.0 1450.0 1393.0 98.0 QUEIXAS DE LAS MINYONAS CONTRA LAS

221.0 1531.0 1184.0 109.0 MASTRESSAS , DIALOGO ENTRE LA

370.0 1619.0 886.0 124.0 FRANCISCA Y LA MARIA.

81.0 1759.0 693.0 74.0 Fran. Molt tems ha que te esperaba

127.0 1807.0 592.0 74.0 y com diantre has tardat tan ?

72.0 1846.0 629.0 92.0 Mar. Si me ha fet está esperánt

125.0 1903.0 508.0 73.0 la mastresa que s'llevaba:

144.0 1958.0 524.0 70.0 ¿ que ja te has fet pentiná ?

72.0 1998.0 579.0 89.0 F. No encara , hara ho faré ,

135.0 2059.0 459.0 77.0 pero no tinch cap diné.

83.0 2107.0 660.0 83.0 M. Que no n' portas per comprár?

83.0 2160.0 566.0 72.0 F. Si, mes tinch de cambiar

122.0 2219.0 518.0 61.0 un duro que me ha donát

120.0 2260.0 491.0 79.0 la mestressa per la plassa

125.0 2317.0 601.0 75.0 y me ha dit , no gastis massa.

72.0 2359.0 649.0 83.0 M. Prompte un duro es acabát.

129.0 2414.0 478.0 94.0 Los dinés del parruqué

853.0 1761.0 487.0 74.0 los aumentaré en lo pa ,

864.0 1816.0 489.0 72.0 y si no ls' hi puch posá ,

864.0 1866.0 436.0 70.0 de la carn los trauré ;

859.0 1916.0 389.0 64.0 perxo ja surtirá just

859.0 1962.0 568.0 77.0 lo compte, contant de pressa

857.0 2015.0 472.0 75.0 se enbolica la mestressa

862.0 2070.0 587.0 77.0 y ho passa tot que es un gust.

802.0 2129.0 582.0 55.0 F. Ay! la meva es tan avara

855.0 2175.0 568.0 64.0 que fa esberlas dels lluquéts.

818.0 2217.0 563.0 65.0 M. Per aixó també te estrets

859.0 2269.0 647.0 75.0 la meba els puñs y es mol rara ;

857.0 2324.0 647.0 74.0 cuan moco els llums , en un pot

857.0 2377.0 489.0 67.0 que te alli sobra la taula

866.0 2420.0 456.0 101.0 vol que tiri la barjaula
