1753 2480
229.0 99.0 515.0 66.0 Segons ab quins amos donan

190.0 148.0 417.0 62.0 Tan los valdria ofegás,

188.0 194.0 514.0 72.0 Pues algunas son tan fluixas

190.0 250.0 413.0 64.0 Y cahuen sens pensar,

188.0 285.0 585.0 87.0 Despues cuan no hi son á tamps

188.0 347.0 409.0 84.0 Tocaren á empenedir:

432.0 382.0 272.0 72.0 Ay mares. 8.

227.0 438.0 434.0 74.0 Ellas piljer quel vidre,

183.0 483.0 552.0 81.0 Que mol prompte está trencat

186.0 541.0 469.0 68.0 No las teniu prou seguras

183.0 584.0 395.0 69.0 Si las teniu al costat;

186.0 636.0 539.0 72.0 Perque encara os las buscan,

188.0 688.0 378.0 72.0 Com lo gat al ratolí:

423.0 729.0 281.0 81.0 Ay mares, 8.

229.0 783.0 484.0 74.0 Uns ab sus dolsas paraulas

181.0 843.0 437.0 51.0 LLas ho donan entenent;

186.0 880.0 595.0 70.0 Altres cahuen perque los donan

186.0 932.0 396.0 66.0 Paraula de casament

188.0 977.0 535.0 72.0 No creyént en las promesas,

190.0 1035.0 401.0 66.0 De cap viudu ni fadrí;

456.0 1074.0 253.0 66.0 Ay mares, 8.

231.0 1124.0 511.0 66.0 La moneda també es causa

188.0 1180.0 545.0 55.0 Que algunas cahuen al Ram,

192.0 1223.0 434.0 62.0 Sols pugan aná bonicas

188.0 1273.0 407.0 68.0 Cualsevol cosa faràn;

194.0 1330.0 469.0 56.0 Ay desdichada de aquella

194.0 1372.0 419.0 78.0 Ques toca masa del ví:

444.0 1390.0 267.0 91.0 Ay mares, 8.

237.0 1463.0 498.0 76.0 La que no la busca l' amo

192.0 1514.0 421.0 67.0 Que será home de bé,

194.0 1568.0 543.0 68.0 Si á la casa hi ha algun conco

192.0 1612.0 399.0 70.0 Criat moso ó cabalé;

196.0 1659.0 424.0 68.0 Altres lo pasto ó bové

194.0 1711.0 399.0 72.0 Lo estranjé ó lo vehí:

448.0 1760.0 267.0 69.0 Ay mares, 8.

239.0 1808.0 544.0 72.0 Cuantas ni ha que enrahonan

198.0 1855.0 389.0 71.0 Ab soldats y asistens,

198.0 1909.0 463.0 68.0 Alguns fadrins de malicia

198.0 1963.0 537.0 72.0 Están quels cruixen las dents;

200.0 2008.0 428.0 124.0 Sela chuclan la soldada

909.0 99.0 509.0 72.0 Que en moltas sol sucsehir:

1167.0 142.0 265.0 64.0 Ay mares. X.

957.0 188.0 566.0 70.0 Despues cuant tocan la marcha

913.0 239.0 505.0 64.0 Son suspirs llantos y plors,

913.0 285.0 573.0 74.0 Nos recordan may mes de ellas

915.0 336.0 405.0 71.0 Ni com si tal cosa fos;

915.0 382.0 544.0 78.0 Despues los fadrins s' burlan,

921.0 434.0 422.0 76.0 Yo també ho faria així:

1145.0 487.0 262.0 62.0 Ay mares, 8.

961.0 527.0 508.0 74.0 De aquellas que son criadas

919.0 582.0 391.0 62.0 A algunas n' veureu,

917.0 622.0 515.0 78.0 Que baixan de la montanya

921.0 682.0 513.0 62.0 Sens roba contorme s' veu;

919.0 735.0 585.0 60.0 Al cap de un mes que serveixen

921.0 783.0 447.0 70.0 Y as fan lo cabell partir:

1145.0 824.0 268.0 68.0 Ay mares, 8.

961.0 870.0 523.0 80.0 Ab un mes guanyan un duro

919.0 930.0 525.0 70.0 Y s' compran roba per deu,

921.0 981.0 519.0 68.0 Van pitjor que sas mestresas

915.0 1020.0 430.0 67.0 Com vuy en dia s' veu

921.0 1068.0 441.0 66.0 Van vestidas á la polha,

917.0 1116.0 468.0 80.0 Com qui vestix un cuixí:

1145.0 1186.0 268.0 49.0 Ay mares, 8.

965.0 1213.0 521.0 91.0 Cuant ni ha alguna de nova

921.0 1264.0 449.0 69.0 La convidan los ladrins,

928.0 1318.0 405.0 68.0 A sarau ó ha comedia

924.0 1368.0 365.0 64.0 Per sas ideas y fins;

924.0 1407.0 549.0 72.0 Per tots los costats las buscan

924.0 1473.0 442.0 74.0 Per poder lograr son fi:

1184.0 1504.0 254.0 72.0 Ay mares, 4.

969.0 1556.0 471.0 70.0 Encara que hi ya criadas

924.0 1607.0 529.0 67.0 Quel parlar m' sap mol mal,

926.0 1665.0 459.0 56.0 Están com unas reliquias

926.0 1713.0 440.0 60.0 Dintre d' una Catedral;

928.0 1760.0 506.0 62.0 Tenen uns amos de prendas

928.0 1810.0 525.0 76.0 Que ningú n' te res que dir:

1180.0 1864.0 260.0 62.0 Ay mares, 4.

975.0 1903.0 428.0 78.0 Ara se n' avesat moltas

932.0 1961.0 409.0 64.0 Per los carres á rodar,

928.0 2004.0 475.0 114.0 Sas mestresas dins de casa
