1860 2629
894.0 341.0 250.0 105.0 TROVO.

403.0 438.0 487.0 70.0 El fuego á ninguno quema,

355.0 490.0 447.0 51.0 el agua á ninguno moja,

353.0 523.0 517.0 68.0 et vino á nadie emborracha,

350.0 571.0 411.0 57.0 ninguna navaja corta.

403.0 611.0 472.0 63.0 Ninguno vaya á la guerra

350.0 661.0 459.0 59.0 sin mandarlo el coronel,

353.0 705.0 416.0 63.0 y siga bien el sistema.

353.0 749.0 504.0 61.0 que no aproximándose á él,

348.0 795.0 478.0 59.0 el fuego á ninguno quema.

399.0 832.0 500.0 72.0 Cuando llueve se acongoja

346.0 882.0 467.0 66.0 si le pilla en un desierto;

348.0 917.0 564.0 106.0 no penseis que esto es lisonja.

1039.0 444.0 441.0 62.0 estando bien á cubierto,

1033.0 479.0 465.0 66.0 el agua á ninguno moja.

1087.0 523.0 549.0 68.0 Vicios que al hombre achacan,

1041.0 571.0 507.0 68.0 y otros de verle se alegran;

1035.0 620.0 502.0 61.0 pues que poniéndole tacha

1041.0 668.0 441.0 63.0 y bebiéndolo con regla,

1037.0 707.0 511.0 55.0 el vinó á nadie emborracha.

1044.0 801.0 489.0 55.0 y menos de que se enfade;

1074.0 753.0 606.0 64.0 Que un hombre grite no importá,

1035.0 836.0 458.0 66.0 hagan la defensa pronta,

1041.0 885.0 564.0 68.0 que en la mano de un cobarde

1041.0 937.0 417.0 53.0 ninguna nabaja corta.

392.0 1095.0 463.0 70.0 El lunes de una semana

344.0 1152.0 392.0 61.0 salió á paseo la Inés:

348.0 1189.0 564.0 68.0 me encontré con la inhumana,

346.0 1244.0 469.0 61.0 dije postrado á sus pies:

348.0 1279.0 388.0 70.0 señora, si lo admitis,

346.0 1332.0 362.0 56.0 el corazon os daré,

350.0 1369.0 474.0 63.0 y me respondió enfadada:

342.0 1419.0 408.0 64.0 mañana al anochecer.

392.0 1452.0 476.0 70.0 El martes, lleno de gozo,

344.0 1507.0 395.0 57.0 en su calle me paré,

342.0 1553.0 436.0 57.0 la ví salir tan hermosa,

346.0 1601.0 505.0 59.0 mas bien ángel que mujer,

342.0 1645.0 458.0 61.0 alargué el paso y la dije,

344.0 1693.0 410.0 53.0 mi señora, lo de ayer;

346.0 1735.0 452.0 59.0 caballero, me responde,

339.0 1778.0 406.0 55.0 mañana al anochecer.

394.0 1822.0 470.0 62.0 Vino el miércoles y lleno

342.0 1868.0 410.0 57.0 mi corazon de placer,

337.0 1899.0 505.0 74.0 la vi con su madre al lado,

342.0 1956.0 447.0 59.0 ¡ay de mí, si la hablaré!

339.0 1998.0 492.0 61.0 la dije medio entre labios :

346.0 2048.0 384.0 59.0 mi señora doña Inés,

342.0 2094.0 476.0 55.0 me respondió con sonrisa;

342.0 2133.0 401.0 57.0 mañana al anochecer.

383.0 2182.0 393.0 59.0 El jueves con alegría

335.0 2214.0 408.0 71.0 disperté al amanecer,

342.0 2271.0 557.0 57.0 me marché á su casa al punto,

342.0 2313.0 408.0 90.0 y cerrada la encontré;

1037.0 1112.0 515.0 57.0 volví á la tarde, y al verme,

1035.0 1156.0 441.0 66.0 medio huyendo díjome:

1035.0 1200.0 520.0 64.0 caballero, estoy de marcha,

1037.0 1250.0 401.0 57.0 mañana al anochecer.

1083.0 1288.0 511.0 61.0 Viérnes, medio consentido,

1033.0 1334.0 476.0 57.0 fui á hablarla con rapidez,

1035.0 1380.0 379.0 63.0 la saludé placentero,

1035.0 1428.0 397.0 55.0 y me contestó cortés;

1033.0 1470.0 427.0 59.0 mas al llegar á pedirle

1028.0 1516.0 408.0 61.0 el favor de no se qué,

1035.0 1566.0 474.0 59.0 me respondió con agrado

1030.0 1605.0 402.0 55.0 mañana al anochecer.

1076.0 1647.0 522.0 59.0 Vino el sábado que un siglo

1030.0 1695.0 461.0 59.0 me llegó á mí á parecer,

1035.0 1737.0 465.0 68.0 y con fino amor, la dije:

1030.0 1785.0 479.0 64.0 señorita, ¿me ama usted?

1033.0 1833.0 513.0 59.0 pues si me ama, yo la amo,

1030.0 1870.0 496.0 60.0 no me hagas mas padecer,

1030.0 1914.0 472.0 66.0 consuélese, dijo entonces,

1030.0 1960.0 404.0 62.0 mañana al anochecer.

1076.0 2002.0 487.0 63.0 Vino, por fin, el domingo,

1028.0 2046.0 474.0 63.0 y alegre la fui á abrazar,

1026.0 2094.0 430.0 63.0 y me respondió la Inés

1026.0 2140.0 384.0 63.0 con enfado singular:

1026.0 2188.0 412.0 55.0 toda la semana entera

1022.0 2228.0 434.0 59.0 bien se puede trabajar;

1026.0 2276.0 494.0 59.0 pero en la Iglesia Romana,

1024.0 2317.0 423.0 66.0 domingo no es regular.

333.0 2429.0 1325.0 107.0 MADRID. Imprenta de J. M. Marés y c.ª , plazuela de la Cebada, núm. 13.

546.0 1020.0 908.0 101.0 CANCION DE LA SEMANA MAL EMPLEADA.
