1840 2472
156.0 179.0 1426.0 92.0 ma le dió una bebida, medio niño muerto de su vientre echó, y

146.0 247.0 1444.0 78.0 luego parió un engendro como una culebra; por lo que la enfer¬

146.0 306.0 362.0 62.0 ma'sana quedó.

216 344 1382 70 En Sevilla en la puerta del Cármen, la rueda de un coche á

146 401 1442 64 un niño cogió, y su la madre triste y afligida el escapulario del ᑕár¬

148.0 451.0 1438.0 74.0 men le echó, y se levantó. Abrazando á su madre decía, «la Vír¬

142.0 494.0 708.0 68.0 gen del Cármen nos favoreció.»

228.0 535.0 1360.0 72.0 A la puerta de su santo templo cantaba un ciego con gran de¬

148.0 589.0 1440.0 76.0 voción la oración á la Virgen del Cármen, y uno que pasaba, de

146.0 646.0 1436.0 77.0 ella se burló. Castigo de Dios: no hacía un cuarto de hora, cuan¬

146.0 694.0 657.0 59.0 do de repente muerto quedó.

222.0 729.0 1364.0 76.0 Los que sean devotos del Cármen tengan por muy cierto que

146.0 791.0 1440.0 70.0 ño más estarán hasta el sábado en el purgatorio. La Virgen del

144.0 840.0 1442.0 70.0 Cármen, los irá á sacar. Hemos de rogar, Madre mía del monte

144.0 887.0 1168.0 66.0 Carmelo, por quien vuestra oración mandase cantar.

218.0 931.0 1358.0 78.0 Es tan grande el contento que sube á los cielos de oiros nom¬

142.0 980.0 1444.0 74.0 brar, que los ángeles paran sus coros para que las voces se oigan

142.0 1034.0 1446.0 99.0 allá y con gozo tal alabando, cantando y diciendo: salve, Virgen

140.0 1091.0 490.0 64.0 pura, Reina angelical.

677.0 1157.0 382.0 124.0 TROVO

550.0 1328.0 533.0 76.0 De María Virgen pura

531.0 1380.0 538.0 76.0 nació Jesús Nazareno,

531.0 1431.0 523.0 81.0 para redimir la culpa

529.0 1489.0 651.0 97.0 que causó el padre primero.

185.0 1528.0 573.0 105.0 Adán bien tuvo la culpa,

133.0 1623.0 573.0 66.0 y tambien su esposa Eva,

138.0 1670.0 642.0 66.0 Que nació Cristo, no hay duda

133.0 1718.0 647.0 65.0 pues todo el infierno tiembla

129.0 1763.0 493.0 72.0 de Maria Virgen pura

185.0 1816.0 459.0 62.0 Apenas Adán comió

129.0 1862.0 546.0 68.0 de aquella fruta vedada,

131.0 1911.0 567.0 74.0 se alegró todo el infierno.

133.0 1954.0 505.0 75.0 Para sujetar su espada,

133.0 2012.0 476.0 68.0 nació Jesús Nazareno,

939.0 1559.0 589.0 93.0 Toda la Trinidad en junta

877.0 1623.0 513.0 68.0 sentada con su corona,

875.0 1674.0 511.0 66.0 estuvieron en consulta

875.0 1715.0 509.0 73.0 en la segunda Persona

873.0 1765.0 474.0 72.0 para redimirr la culpa

925.0 1808.0 622.0 91.0 Cristo murió en un madero;

879.0 1866.0 553.0 70.0 y allí derramó su sangre,

875.0 1919.0 571.0 66.0 por librarnos del infierno,

871.0 1961.0 620.0 80.0 de aquella pena tan grande

867.0 2010.0 589.0 97.0 que causó el padre primero.

187.0 2090.0 1381.0 56.0 Hay concedidos 40 dias de indulgencia por varios Arzobispos á toda persona que

127.0 2121.0 1134.0 89.0 lleve consigo este verdadero retrato, rezandole una Salve cada día.

181.0 2191.0 1337.0 120.0 Carcelona, lmps de Cristina Segura, Vde. de A. Llorens, Palma de Sta. Catalina, 6.
