<?xml version="1.0" encoding="UTF-8"?>
<alto xmlns:xsi="http://www.w3.org/2001/XMLSchema-instance"
      xmlns="http://www.loc.gov/standards/alto/ns-v4#"
      xsi:schemaLocation="http://www.loc.gov/standards/alto/ns-v4# http://www.loc.gov/standards/alto/v4/alto-4-2.xsd">
  <Description>
    <MeasurementUnit>pixel</MeasurementUnit>
    <sourceImageInformation>
      <fileName>Varios_177_5.jpg</fileName>
      
    </sourceImageInformation>
  </Description>
  
  <Tags>
    <OtherTag ID="BT507" LABEL="CustomZone:impresorNum" DESCRIPTION="block type CustomZone:impresorNum"/><OtherTag ID="BT508" LABEL="CustomZone:numero_pliego" DESCRIPTION="block type CustomZone:numero_pliego"/><OtherTag ID="BT509" LABEL="CustomZone:title" DESCRIPTION="block type CustomZone:title"/><OtherTag ID="BT510" LABEL="GraphicZone:illustration" DESCRIPTION="block type GraphicZone:illustration"/><OtherTag ID="BT511" LABEL="GraphicZone:ornamentation" DESCRIPTION="block type GraphicZone:ornamentation"/><OtherTag ID="BT512" LABEL="MainZone" DESCRIPTION="block type MainZone"/><OtherTag ID="BT513" LABEL="MainZone:columns" DESCRIPTION="block type MainZone:columns"/><OtherTag ID="BT514" LABEL="MarginTextZone:colophon" DESCRIPTION="block type MarginTextZone:colophon"/><OtherTag ID="BT515" LABEL="MarginTextZone:note" DESCRIPTION="block type MarginTextZone:note"/><OtherTag ID="BT516" LABEL="MusicZone" DESCRIPTION="block type MusicZone"/><OtherTag ID="BT517" LABEL="NumberingZone:page" DESCRIPTION="block type NumberingZone:page"/><OtherTag ID="BT518" LABEL="QuireMarksZone:catchwords" DESCRIPTION="block type QuireMarksZone:catchwords"/><OtherTag ID="BT519" LABEL="QuireMarksZone:signature" DESCRIPTION="block type QuireMarksZone:signature"/><OtherTag ID="BT520" LABEL="RunningTitleZone" DESCRIPTION="block type RunningTitleZone"/>
    <OtherTag ID="LT180" LABEL="CustomLine:propriedad" DESCRIPTION="line type CustomLine:propriedad"/><OtherTag ID="LT181" LABEL="CustomLine:trailer" DESCRIPTION="line type CustomLine:trailer"/><OtherTag ID="LT182" LABEL="DefaultLine" DESCRIPTION="line type DefaultLine"/><OtherTag ID="LT183" LABEL="HeadingLine" DESCRIPTION="line type HeadingLine"/>
  </Tags>
  
  <Layout>
    <Page WIDTH="1753"
          HEIGHT="2480"
          PHYSICAL_IMG_NR="105"
          ID="eSc_dummypage_">
      <PrintSpace HPOS="0"
                  VPOS="0"
                  WIDTH="1753"
                  HEIGHT="2480">
        
        <TextBlock HPOS="206.0"
                   VPOS="173.0"
                   WIDTH="585.0"
                   HEIGHT="2056.0"
                   ID="eSc_textblock_e90e7a0d"
                   TAGREFS="BT513">
          <Shape><Polygon POINTS="742 1039 783 1099 742 1353 791 1452 750 1570 750 2105 667 2229 256 2229 214 1948 239 1248 206 1147 239 998 206 832 231 518 206 314 256 173 692 173 775 231 733 338 717 841"/></Shape>
          
          
          <TextLine ID="eSc_line_1352aa80"
                    TAGREFS="LT182"
                    BASELINE="250 208 680 212" 
                    HPOS="248.0"
                    VPOS="173.0"
                    WIDTH="432.0"
                    HEIGHT="60.0">
            <Shape><Polygon POINTS="537 173 516 173 496 173 475 173 454 173 434 173 413 173 392 173 372 173 351 173 330 173 310 173 289 173 268 173 254 183 250 208 248 223 258 231 260 231 262 231 264 231 436 223 463 233 465 233 467 233 678 223 680 212 678 175 537 173 537 173"/></Shape>
	    <String CONTENT="li parlo ab mes confiansa,"
                    HPOS="248.0"
                    VPOS="173.0"
                    WIDTH="432.0"
                    HEIGHT="60.0"></String>
          </TextLine>

          
          
          <TextLine ID="eSc_line_6d691065"
                    TAGREFS="LT182"
                    BASELINE="254 254 746 254" 
                    HPOS="254.0"
                    VPOS="214.0"
                    WIDTH="492.0"
                    HEIGHT="67.0">
            <Shape><Polygon POINTS="254 254 254 281 341 268 744 281 746 254 744 214 254 219 254 254"/></Shape>
	    <String CONTENT="pues tinch fundada esperansa"
                    HPOS="254.0"
                    VPOS="214.0"
                    WIDTH="492.0"
                    HEIGHT="67.0"></String>
          </TextLine>

          
          
          <TextLine ID="eSc_line_cfb89ca9"
                    TAGREFS="LT182"
                    BASELINE="252 293 665 293" 
                    HPOS="252.0"
                    VPOS="262.0"
                    WIDTH="413.0"
                    HEIGHT="48.0">
            <Shape><Polygon POINTS="252 293 252 305 663 310 665 293 665 262 252 262 252 293"/></Shape>
	    <String CONTENT="que se certa ma ventura."
                    HPOS="252.0"
                    VPOS="262.0"
                    WIDTH="413.0"
                    HEIGHT="48.0"></String>
          </TextLine>

          
          
          <TextLine ID="eSc_line_ffb73de0"
                    TAGREFS="LT182"
                    BASELINE="219 334 678 326" 
                    HPOS="217.0"
                    VPOS="295.0"
                    WIDTH="461.0"
                    HEIGHT="52.0">
            <Shape><Polygon POINTS="219 334 219 347 675 347 678 326 671 295 217 301 219 334"/></Shape>
	    <String CONTENT="Pol. Yo buscaba una ocasion"
                    HPOS="217.0"
                    VPOS="295.0"
                    WIDTH="461.0"
                    HEIGHT="52.0"></String>
          </TextLine>

          
          
          <TextLine ID="eSc_line_8481e2f9"
                    TAGREFS="LT182"
                    BASELINE="252 374 651 367" 
                    HPOS="250.0"
                    VPOS="334.0"
                    WIDTH="401.0"
                    HEIGHT="54.0">
            <Shape><Polygon POINTS="252 374 252 388 649 386 651 367 644 334 250 338 252 374"/></Shape>
	    <String CONTENT="tal vez como la presente"
                    HPOS="250.0"
                    VPOS="334.0"
                    WIDTH="401.0"
                    HEIGHT="54.0"></String>
          </TextLine>

          
          
          <TextLine ID="eSc_line_eac1ee2b"
                    TAGREFS="LT182"
                    BASELINE="254 413 692 413" 
                    HPOS="254.0"
                    VPOS="378.0"
                    WIDTH="438.0"
                    HEIGHT="60.0">
            <Shape><Polygon POINTS="254 413 254 438 692 436 692 413 690 378 254 378 254 413"/></Shape>
	    <String CONTENT="para poder muy prudente"
                    HPOS="254.0"
                    VPOS="378.0"
                    WIDTH="438.0"
                    HEIGHT="60.0"></String>
          </TextLine>

          
          
          <TextLine ID="eSc_line_2e577fe3"
                    TAGREFS="LT182"
                    BASELINE="250 454 585 448" 
                    HPOS="248.0"
                    VPOS="417.0"
                    WIDTH="337.0"
                    HEIGHT="52.0">
            <Shape><Polygon POINTS="250 454 250 469 582 465 585 448 578 417 248 421 250 454"/></Shape>
	    <String CONTENT="afirmarte mi pasion."
                    HPOS="248.0"
                    VPOS="417.0"
                    WIDTH="337.0"
                    HEIGHT="52.0"></String>
          </TextLine>

          
          
          <TextLine ID="eSc_line_4d8b10fc"
                    TAGREFS="LT182"
                    BASELINE="295 489 688 493" 
                    HPOS="293.0"
                    VPOS="454.0"
                    WIDTH="395.0"
                    HEIGHT="60.0">
            <Shape><Polygon POINTS="295 489 293 504 684 514 688 493 686 456 295 454 295 489"/></Shape>
	    <String CONTENT="Ya se acerca el feliz dia,"
                    HPOS="293.0"
                    VPOS="454.0"
                    WIDTH="395.0"
                    HEIGHT="60.0"></String>
          </TextLine>

          
          
          <TextLine ID="eSc_line_f8cdf132"
                    TAGREFS="LT182"
                    BASELINE="254 535 680 531" 
                    HPOS="252.0"
                    VPOS="493.0"
                    WIDTH="428.0"
                    HEIGHT="60.0">
            <Shape><Polygon POINTS="254 535 254 553 678 551 680 531 675 500 252 493 254 535"/></Shape>
	    <String CONTENT="llega el momento dichoso"
                    HPOS="252.0"
                    VPOS="493.0"
                    WIDTH="428.0"
                    HEIGHT="60.0"></String>
          </TextLine>

          
          
          <TextLine ID="eSc_line_167615ea"
                    TAGREFS="LT182"
                    BASELINE="250 574 702 574" 
                    HPOS="250.0"
                    VPOS="535.0"
                    WIDTH="452.0"
                    HEIGHT="54.0">
            <Shape><Polygon POINTS="250 574 250 589 702 589 702 574 700 535 250 539 250 574"/></Shape>
	    <String CONTENT="en que voy á ser tu esposo."
                    HPOS="250.0"
                    VPOS="535.0"
                    WIDTH="452.0"
                    HEIGHT="54.0"></String>
          </TextLine>

          
          
          <TextLine ID="eSc_line_126c09f2"
                    TAGREFS="LT182"
                    BASELINE="223 617 663 611" 
                    HPOS="221.0"
                    VPOS="578.0"
                    WIDTH="442.0"
                    HEIGHT="56.0">
            <Shape><Polygon POINTS="223 617 223 634 661 634 663 611 659 580 221 578 223 617"/></Shape>
	    <String CONTENT="Hosa. La fortuna será mia."
                    HPOS="221.0"
                    VPOS="578.0"
                    WIDTH="442.0"
                    HEIGHT="56.0"></String>
          </TextLine>

          
          
          <TextLine ID="eSc_line_fcc626bd"
                    TAGREFS="LT182"
                    BASELINE="264 655 636 648" 
                    HPOS="262.0"
                    VPOS="617.0"
                    WIDTH="374.0"
                    HEIGHT="54.0">
            <Shape><Polygon POINTS="264 655 264 671 634 663 636 648 630 617 262 617 264 655"/></Shape>
	    <String CONTENT="¡ Y ja que diu pretenia"
                    HPOS="262.0"
                    VPOS="617.0"
                    WIDTH="374.0"
                    HEIGHT="54.0"></String>
          </TextLine>

          
          
          <TextLine ID="eSc_line_bb4ecf50"
                    TAGREFS="LT182"
                    BASELINE="252 694 696 690" 
                    HPOS="250.0"
                    VPOS="646.0"
                    WIDTH="446.0"
                    HEIGHT="67.0">
            <Shape><Polygon POINTS="622 651 605 651 436 659 409 657 386 653 374 655 353 655 332 655 312 655 308 655 250 661 252 694 252 713 694 708 696 690 690 646 622 648 622 651"/></Shape>
	    <String CONTENT="lo parlá ab miab claredad;"
                    HPOS="250.0"
                    VPOS="646.0"
                    WIDTH="446.0"
                    HEIGHT="67.0"></String>
          </TextLine>

          
          
          <TextLine ID="eSc_line_b55c4ab7"
                    TAGREFS="LT182"
                    BASELINE="256 729 692 733" 
                    HPOS="254.0"
                    VPOS="696.0"
                    WIDTH="438.0"
                    HEIGHT="58.0">
            <Shape><Polygon POINTS="256 729 254 748 688 754 692 733 690 696 256 696 256 729"/></Shape>
	    <String CONTENT="¿com es que tan ha tardat"
                    HPOS="254.0"
                    VPOS="696.0"
                    WIDTH="438.0"
                    HEIGHT="58.0"></String>
          </TextLine>

          
          
          <TextLine ID="eSc_line_23f6315f"
                    TAGREFS="LT182"
                    BASELINE="254 772 630 768" 
                    HPOS="252.0"
                    VPOS="733.0"
                    WIDTH="378.0"
                    HEIGHT="56.0">
            <Shape><Polygon POINTS="254 772 254 789 628 787 630 768 624 733 252 739 254 772"/></Shape>
	    <String CONTENT="á demanám com volia ?"
                    HPOS="252.0"
                    VPOS="733.0"
                    WIDTH="378.0"
                    HEIGHT="56.0"></String>
          </TextLine>

          
          
          <TextLine ID="eSc_line_e4f05072"
                    TAGREFS="LT182"
                    BASELINE="221 812 636 808" 
                    HPOS="219.0"
                    VPOS="777.0"
                    WIDTH="417.0"
                    HEIGHT="47.0">
            <Shape><Polygon POINTS="221 812 221 824 636 822 636 808 632 779 219 777 221 812"/></Shape>
	    <String CONTENT="Pol. Porque tenia recelos"
                    HPOS="219.0"
                    VPOS="777.0"
                    WIDTH="417.0"
                    HEIGHT="47.0"></String>
          </TextLine>

          
          
          <TextLine ID="eSc_line_39a9a25c"
                    TAGREFS="LT182"
                    BASELINE="254 853 667 847" 
                    HPOS="252.0"
                    VPOS="818.0"
                    WIDTH="415.0"
                    HEIGHT="54.0">
            <Shape><Polygon POINTS="254 853 254 872 665 872 667 847 661 818 252 822 254 853"/></Shape>
	    <String CONTENT="no tuvieses otro amante,"
                    HPOS="252.0"
                    VPOS="818.0"
                    WIDTH="415.0"
                    HEIGHT="54.0"></String>
          </TextLine>

          
          
          <TextLine ID="eSc_line_9c0e4a95"
                    TAGREFS="LT182"
                    BASELINE="254 892 673 888" 
                    HPOS="252.0"
                    VPOS="857.0"
                    WIDTH="421.0"
                    HEIGHT="50.0">
            <Shape><Polygon POINTS="254 892 254 905 669 907 673 888 667 857 252 859 254 892"/></Shape>
	    <String CONTENT="mas mifortuna constante"
                    HPOS="252.0"
                    VPOS="857.0"
                    WIDTH="421.0"
                    HEIGHT="50.0"></String>
          </TextLine>

          
          
          <TextLine ID="eSc_line_e9509f6d"
                    TAGREFS="LT182"
                    BASELINE="254 934 636 927" 
                    HPOS="252.0"
                    VPOS="894.0"
                    WIDTH="384.0"
                    HEIGHT="54.0">
            <Shape><Polygon POINTS="254 934 254 948 636 940 636 927 630 894 252 896 254 934"/></Shape>
	    <String CONTENT="han aclarado los cielos."
                    HPOS="252.0"
                    VPOS="894.0"
                    WIDTH="384.0"
                    HEIGHT="54.0"></String>
          </TextLine>

          
          
          <TextLine ID="eSc_line_0db779c7"
                    TAGREFS="LT182"
                    BASELINE="289 971 711 965" 
                    HPOS="287.0"
                    VPOS="923.0"
                    WIDTH="424.0"
                    HEIGHT="71.0">
            <Shape><Polygon POINTS="618 930 597 930 576 930 556 930 535 930 514 930 494 932 473 932 452 932 432 932 423 932 376 932 370 934 353 934 287 934 289 971 289 994 709 989 711 965 704 923 618 925 618 930"/></Shape>
	    <String CONTENT="Siempre cerca te buscaba"
                    HPOS="287.0"
                    VPOS="923.0"
                    WIDTH="424.0"
                    HEIGHT="71.0"></String>
          </TextLine>

          
          
          <TextLine ID="eSc_line_3906cd19"
                    TAGREFS="LT182"
                    BASELINE="256 1014 665 1008" 
                    HPOS="254.0"
                    VPOS="975.0"
                    WIDTH="411.0"
                    HEIGHT="56.0">
            <Shape><Polygon POINTS="256 1014 256 1031 665 1025 665 1008 661 975 254 975 256 1014"/></Shape>
	    <String CONTENT="para apurar mis desvelos"
                    HPOS="254.0"
                    VPOS="975.0"
                    WIDTH="411.0"
                    HEIGHT="56.0"></String>
          </TextLine>

          
          
          <TextLine ID="eSc_line_5759d37a"
                    TAGREFS="LT182"
                    BASELINE="256 1051 657 1051" 
                    HPOS="256.0"
                    VPOS="1020.0"
                    WIDTH="401.0"
                    HEIGHT="54.0">
            <Shape><Polygon POINTS="256 1051 256 1074 657 1068 657 1051 657 1020 256 1020 256 1051"/></Shape>
	    <String CONTENT="porque tenia unos celos"
                    HPOS="256.0"
                    VPOS="1020.0"
                    WIDTH="401.0"
                    HEIGHT="54.0"></String>
          </TextLine>

          
          
          <TextLine ID="eSc_line_c03b7426"
                    TAGREFS="LT182"
                    BASELINE="256 1093 611 1093" 
                    HPOS="256.0"
                    VPOS="1062.0"
                    WIDTH="355.0"
                    HEIGHT="47.0">
            <Shape><Polygon POINTS="256 1093 256 1109 611 1109 611 1093 611 1062 256 1062 256 1093"/></Shape>
	    <String CONTENT="sino que los sofocaba."
                    HPOS="256.0"
                    VPOS="1062.0"
                    WIDTH="355.0"
                    HEIGHT="47.0"></String>
          </TextLine>

          
          
          <TextLine ID="eSc_line_a82fc333"
                    TAGREFS="LT182"
                    BASELINE="225 1134 754 1128" 
                    HPOS="223.0"
                    VPOS="1082.0"
                    WIDTH="531.0"
                    HEIGHT="75.0">
            <Shape><Polygon POINTS="595 1095 574 1095 554 1095 533 1095 512 1095 491 1095 481 1095 394 1099 324 1095 305 1095 285 1095 264 1095 262 1091 223 1089 225 1134 225 1157 754 1153 754 1128 748 1082 597 1089 595 1095"/></Shape>
	    <String CONTENT="Rosa. ¿Com es qué si aixo volia"
                    HPOS="223.0"
                    VPOS="1082.0"
                    WIDTH="531.0"
                    HEIGHT="75.0"></String>
          </TextLine>

          
          
          <TextLine ID="eSc_line_5b087b31"
                    TAGREFS="LT182"
                    BASELINE="254 1173 613 1165" 
                    HPOS="252.0"
                    VPOS="1134.0"
                    WIDTH="361.0"
                    HEIGHT="58.0">
            <Shape><Polygon POINTS="254 1173 254 1192 611 1192 613 1165 607 1134 252 1142 254 1173"/></Shape>
	    <String CONTENT="no buscaba ocasions ?"
                    HPOS="252.0"
                    VPOS="1134.0"
                    WIDTH="361.0"
                    HEIGHT="58.0"></String>
          </TextLine>

          
          
          <TextLine ID="eSc_line_ff4e648b"
                    TAGREFS="LT182"
                    BASELINE="254 1211 634 1206" 
                    HPOS="252.0"
                    VPOS="1180.0"
                    WIDTH="382.0"
                    HEIGHT="49.0">
            <Shape><Polygon POINTS="254 1211 254 1227 630 1229 634 1206 628 1180 252 1182 254 1211"/></Shape>
	    <String CONTENT="aixo sols serán rahons,"
                    HPOS="252.0"
                    VPOS="1180.0"
                    WIDTH="382.0"
                    HEIGHT="49.0"></String>
          </TextLine>

          
          
          <TextLine ID="eSc_line_9225c4c7"
                    TAGREFS="LT182"
                    BASELINE="256 1252 719 1244" 
                    HPOS="254.0"
                    VPOS="1200.0"
                    WIDTH="465.0"
                    HEIGHT="66.0">
            <Shape><Polygon POINTS="266 1211 264 1211 262 1211 254 1217 256 1252 256 1266 719 1264 719 1244 713 1200 585 1215 452 1213 268 1211 266 1211"/></Shape>
	    <String CONTENT="lo últim pensament tindria:"
                    HPOS="254.0"
                    VPOS="1200.0"
                    WIDTH="465.0"
                    HEIGHT="66.0"></String>
          </TextLine>

          
          
          <TextLine ID="eSc_line_f7d22948"
                    TAGREFS="LT182"
                    BASELINE="260 1293 702 1287" 
                    HPOS="258.0"
                    VPOS="1254.0"
                    WIDTH="444.0"
                    HEIGHT="62.0">
            <Shape><Polygon POINTS="260 1293 260 1316 702 1308 702 1287 696 1254 258 1258 260 1293"/></Shape>
	    <String CONTENT="¡ara m&#39; hix que pressentia"
                    HPOS="258.0"
                    VPOS="1254.0"
                    WIDTH="444.0"
                    HEIGHT="62.0"></String>
          </TextLine>

          
          
          <TextLine ID="eSc_line_782528ae"
                    TAGREFS="LT182"
                    BASELINE="262 1333 616 1324" 
                    HPOS="260.0"
                    VPOS="1289.0"
                    WIDTH="356.0"
                    HEIGHT="60.0">
            <Shape><Polygon POINTS="591 1289 570 1289 549 1291 529 1291 508 1291 260 1299 262 1333 262 1349 616 1341 616 1324 609 1289 591 1289"/></Shape>
	    <String CONTENT="que jó tenia un xicot!"
                    HPOS="260.0"
                    VPOS="1289.0"
                    WIDTH="356.0"
                    HEIGHT="60.0"></String>
          </TextLine>

          
          
          <TextLine ID="eSc_line_faa5ddab"
                    TAGREFS="LT182"
                    BASELINE="264 1372 609 1364" 
                    HPOS="262.0"
                    VPOS="1330.0"
                    WIDTH="347.0"
                    HEIGHT="60.0">
            <Shape><Polygon POINTS="264 1372 264 1390 607 1386 609 1364 603 1330 262 1339 264 1372"/></Shape>
	    <String CONTENT="¿ No callará burinot?"
                    HPOS="262.0"
                    VPOS="1330.0"
                    WIDTH="347.0"
                    HEIGHT="60.0"></String>
          </TextLine>

          
          
          <TextLine ID="eSc_line_fc7e4d8b"
                    TAGREFS="LT182"
                    BASELINE="260 1411 673 1405" 
                    HPOS="258.0"
                    VPOS="1374.0"
                    WIDTH="415.0"
                    HEIGHT="54.0">
            <Shape><Polygon POINTS="260 1411 260 1426 669 1428 673 1405 667 1374 258 1378 260 1411"/></Shape>
	    <String CONTENT="¿ana qui vol que tingues,"
                    HPOS="258.0"
                    VPOS="1374.0"
                    WIDTH="415.0"
                    HEIGHT="54.0"></String>
          </TextLine>

          
          
          <TextLine ID="eSc_line_7b39a95e"
                    TAGREFS="LT182"
                    BASELINE="260 1450 768 1444" 
                    HPOS="256.0"
                    VPOS="1413.0"
                    WIDTH="510.0"
                    HEIGHT="54.0">
            <Shape><Polygon POINTS="258 1448 258 1465 764 1467 766 1442 760 1413 256 1417 258 1448"/></Shape>
	    <String CONTENT="si an al mon no hi ha cap mes"
                    HPOS="256.0"
                    VPOS="1413.0"
                    WIDTH="510.0"
                    HEIGHT="54.0"></String>
          </TextLine>

          
          
          <TextLine ID="eSc_line_5d45eb1a"
                    TAGREFS="LT182"
                    BASELINE="260 1490 696 1485" 
                    HPOS="258.0"
                    VPOS="1448.0"
                    WIDTH="438.0"
                    HEIGHT="58.0">
            <Shape><Polygon POINTS="260 1490 260 1506 696 1504 696 1485 690 1448 258 1457 260 1490"/></Shape>
	    <String CONTENT="com vosté? ¡calli ximplot!"
                    HPOS="258.0"
                    VPOS="1448.0"
                    WIDTH="438.0"
                    HEIGHT="58.0"></String>
          </TextLine>

          
          
          <TextLine ID="eSc_line_b4ce1007"
                    TAGREFS="LT182"
                    BASELINE="264 1531 684 1523" 
                    HPOS="262.0"
                    VPOS="1492.0"
                    WIDTH="422.0"
                    HEIGHT="55.0">
            <Shape><Polygon POINTS="264 1531 264 1547 682 1541 684 1523 678 1492 262 1492 264 1531"/></Shape>
	    <String CONTENT="Y si tan cerca am buscaba"
                    HPOS="262.0"
                    VPOS="1492.0"
                    WIDTH="422.0"
                    HEIGHT="55.0"></String>
          </TextLine>

          
          
          <TextLine ID="eSc_line_cf42308b"
                    TAGREFS="LT182"
                    BASELINE="262 1572 692 1562" 
                    HPOS="260.0"
                    VPOS="1525.0"
                    WIDTH="432.0"
                    HEIGHT="66.0">
            <Shape><Polygon POINTS="262 1572 262 1591 692 1583 692 1562 686 1525 260 1535 262 1572"/></Shape>
	    <String CONTENT="perque no m&#39; feya avisá ?"
                    HPOS="260.0"
                    VPOS="1525.0"
                    WIDTH="432.0"
                    HEIGHT="66.0"></String>
          </TextLine>

          
          
          <TextLine ID="eSc_line_a66d8ea9"
                    TAGREFS="LT182"
                    BASELINE="225 1612 682 1605" 
                    HPOS="223.0"
                    VPOS="1572.0"
                    WIDTH="459.0"
                    HEIGHT="50.0">
            <Shape><Polygon POINTS="225 1612 225 1622 682 1618 682 1605 678 1574 223 1572 225 1612"/></Shape>
	    <String CONTENT="Pol. Porque llegaba á dudar"
                    HPOS="223.0"
                    VPOS="1572.0"
                    WIDTH="459.0"
                    HEIGHT="50.0"></String>
          </TextLine>

          
          
          <TextLine ID="eSc_line_34773241"
                    TAGREFS="LT182"
                    BASELINE="260 1649 727 1649" 
                    HPOS="260.0"
                    VPOS="1616.0"
                    WIDTH="467.0"
                    HEIGHT="55.0">
            <Shape><Polygon POINTS="260 1649 260 1671 727 1669 727 1649 727 1618 260 1616 260 1649"/></Shape>
	    <String CONTENT="si bien á tu honor le estaba,"
                    HPOS="260.0"
                    VPOS="1616.0"
                    WIDTH="467.0"
                    HEIGHT="55.0"></String>
          </TextLine>

          
          
          <TextLine ID="eSc_line_01ca1f5e"
                    TAGREFS="LT182"
                    BASELINE="262 1690 690 1686" 
                    HPOS="260.0"
                    VPOS="1655.0"
                    WIDTH="430.0"
                    HEIGHT="56.0">
            <Shape><Polygon POINTS="262 1690 262 1707 688 1711 690 1686 684 1655 260 1657 262 1690"/></Shape>
	    <String CONTENT="mas nos llegó esta ocasion"
                    HPOS="260.0"
                    VPOS="1655.0"
                    WIDTH="430.0"
                    HEIGHT="56.0"></String>
          </TextLine>

          
          
          <TextLine ID="eSc_line_86851d34"
                    TAGREFS="LT182"
                    BASELINE="264 1731 644 1725" 
                    HPOS="262.0"
                    VPOS="1694.0"
                    WIDTH="382.0"
                    HEIGHT="58.0">
            <Shape><Polygon POINTS="264 1731 264 1752 642 1748 644 1725 640 1694 262 1694 264 1731"/></Shape>
	    <String CONTENT="y la quiero aprovechar,"
                    HPOS="262.0"
                    VPOS="1694.0"
                    WIDTH="382.0"
                    HEIGHT="58.0"></String>
          </TextLine>

          
          
          <TextLine ID="eSc_line_e187769f"
                    TAGREFS="LT182"
                    BASELINE="264 1771 678 1762" 
                    HPOS="262.0"
                    VPOS="1727.0"
                    WIDTH="416.0"
                    HEIGHT="68.0">
            <Shape><Polygon POINTS="264 1771 264 1795 675 1787 678 1762 671 1727 262 1740 264 1771"/></Shape>
	    <String CONTENT="pues nos vamos á juntar"
                    HPOS="262.0"
                    VPOS="1727.0"
                    WIDTH="416.0"
                    HEIGHT="68.0"></String>
          </TextLine>

          
          
          <TextLine ID="eSc_line_a481e312"
                    TAGREFS="LT182"
                    BASELINE="264 1812 684 1804" 
                    HPOS="262.0"
                    VPOS="1775.0"
                    WIDTH="422.0"
                    HEIGHT="56.0">
            <Shape><Polygon POINTS="264 1812 264 1831 682 1822 684 1804 678 1775 262 1781 264 1812"/></Shape>
	    <String CONTENT="y á unir nuestro corazon."
                    HPOS="262.0"
                    VPOS="1775.0"
                    WIDTH="422.0"
                    HEIGHT="56.0"></String>
          </TextLine>

          
          
          <TextLine ID="eSc_line_b3dcd05e"
                    TAGREFS="LT182"
                    BASELINE="227 1849 711 1843" 
                    HPOS="225.0"
                    VPOS="1802.0"
                    WIDTH="486.0"
                    HEIGHT="72.0">
            <Shape><Polygon POINTS="680 1806 678 1806 640 1812 361 1810 349 1812 328 1812 308 1812 287 1812 266 1812 264 1810 225 1810 227 1849 227 1874 711 1864 711 1843 704 1802 680 1804 680 1806"/></Shape>
	    <String CONTENT="Rosa. Ja estem solets y podrá"
                    HPOS="225.0"
                    VPOS="1802.0"
                    WIDTH="486.0"
                    HEIGHT="72.0"></String>
          </TextLine>

          
          
          <TextLine ID="eSc_line_7e70c153"
                    TAGREFS="LT182"
                    BASELINE="260 1888 717 1882" 
                    HPOS="258.0"
                    VPOS="1851.0"
                    WIDTH="459.0"
                    HEIGHT="58.0">
            <Shape><Polygon POINTS="260 1888 260 1907 713 1909 717 1882 711 1851 258 1855 260 1888"/></Shape>
	    <String CONTENT="deixá ab un costat los celos."
                    HPOS="258.0"
                    VPOS="1851.0"
                    WIDTH="459.0"
                    HEIGHT="58.0"></String>
          </TextLine>

          
          
          <TextLine ID="eSc_line_4cbd17e0"
                    TAGREFS="LT182"
                    BASELINE="229 1930 704 1922" 
                    HPOS="227.0"
                    VPOS="1893.0"
                    WIDTH="477.0"
                    HEIGHT="49.0">
            <Shape><Polygon POINTS="229 1930 229 1942 704 1936 704 1922 698 1893 227 1899 229 1930"/></Shape>
	    <String CONTENT="Pot. Saben conocer los cielos"
                    HPOS="227.0"
                    VPOS="1893.0"
                    WIDTH="477.0"
                    HEIGHT="49.0"></String>
          </TextLine>

          
          
          <TextLine ID="eSc_line_e12d7d4d"
                    TAGREFS="LT182"
                    BASELINE="262 1969 735 1961" 
                    HPOS="260.0"
                    VPOS="1930.0"
                    WIDTH="475.0"
                    HEIGHT="58.0">
            <Shape><Polygon POINTS="262 1969 262 1988 733 1988 735 1961 729 1930 260 1936 262 1969"/></Shape>
	    <String CONTENT="lo muy que á mi gusto está."
                    HPOS="260.0"
                    VPOS="1930.0"
                    WIDTH="475.0"
                    HEIGHT="58.0"></String>
          </TextLine>

          
          
          <TextLine ID="eSc_line_591464a7"
                    TAGREFS="LT182"
                    BASELINE="262 2008 626 2002" 
                    HPOS="260.0"
                    VPOS="1973.0"
                    WIDTH="366.0"
                    HEIGHT="54.0">
            <Shape><Polygon POINTS="262 2008 262 2027 624 2027 626 2002 620 1973 260 1977 262 2008"/></Shape>
	    <String CONTENT="Gozarte señora quiero"
                    HPOS="260.0"
                    VPOS="1973.0"
                    WIDTH="366.0"
                    HEIGHT="54.0"></String>
          </TextLine>

          
          
          <TextLine ID="eSc_line_3389593d"
                    TAGREFS="LT182"
                    BASELINE="262 2048 725 2039" 
                    HPOS="260.0"
                    VPOS="2004.0"
                    WIDTH="465.0"
                    HEIGHT="62.0">
            <Shape><Polygon POINTS="262 2048 262 2058 578 2066 580 2066 582 2066 587 2064 611 2056 723 2066 725 2039 719 2004 260 2017 262 2048"/></Shape>
	    <String CONTENT="como amante y como esposo"
                    HPOS="260.0"
                    VPOS="2004.0"
                    WIDTH="465.0"
                    HEIGHT="62.0"></String>
          </TextLine>

          
          
          <TextLine ID="eSc_line_ea08c652"
                    TAGREFS="LT182"
                    BASELINE="266 2089 661 2081" 
                    HPOS="264.0"
                    VPOS="2048.0"
                    WIDTH="397.0"
                    HEIGHT="60.0">
            <Shape><Polygon POINTS="266 2089 266 2108 659 2099 661 2081 655 2048 264 2048 266 2089"/></Shape>
	    <String CONTENT="placentero y tan gozoso"
                    HPOS="264.0"
                    VPOS="2048.0"
                    WIDTH="397.0"
                    HEIGHT="60.0"></String>
          </TextLine>

          
          
          <TextLine ID="eSc_line_5c0a9d7b"
                    TAGREFS="LT182"
                    BASELINE="266 2128 702 2122" 
                    HPOS="264.0"
                    VPOS="2087.0"
                    WIDTH="438.0"
                    HEIGHT="64.0">
            <Shape><Polygon POINTS="347 2089 326 2089 305 2089 285 2089 281 2089 264 2095 266 2128 266 2151 434 2143 527 2151 543 2151 545 2151 547 2151 549 2151 564 2139 698 2147 702 2122 698 2093 357 2087 347 2089"/></Shape>
	    <String CONTENT="simpatizando á tu esmero."
                    HPOS="264.0"
                    VPOS="2087.0"
                    WIDTH="438.0"
                    HEIGHT="64.0"></String>
          </TextLine>

          
          
          <TextLine ID="eSc_line_e1c04cd2"
                    TAGREFS="LT182"
                    BASELINE="272 2172 624 2163" 
                    HPOS="270.0"
                    VPOS="2130.0"
                    WIDTH="354.0"
                    HEIGHT="56.0">
            <Shape><Polygon POINTS="272 2172 272 2186 622 2182 624 2163 618 2130 270 2136 272 2172"/></Shape>
	    <String CONTENT="Ya sabes que yo dejé"
                    HPOS="270.0"
                    VPOS="2130.0"
                    WIDTH="354.0"
                    HEIGHT="56.0"></String>
          </TextLine>

          
          
          <TextLine ID="eSc_line_1624c7f4"
                    TAGREFS="LT182"
                    BASELINE="270 2213 640 2207" 
                    HPOS="268.0"
                    VPOS="2174.0"
                    WIDTH="372.0"
                    HEIGHT="86.0">
            <Shape><Polygon POINTS="270 2213 270 2242 330 2242 339 2246 361 2260 363 2260 365 2260 367 2260 407 2258 409 2258 411 2258 411 2256 419 2248 429 2240 473 2240 498 2252 510 2258 512 2258 514 2258 640 2256 640 2207 634 2174 268 2178 270 2213"/></Shape>
	    <String CONTENT="á Pepa y estoy sin ella"
                    HPOS="268.0"
                    VPOS="2174.0"
                    WIDTH="372.0"
                    HEIGHT="86.0"></String>
          </TextLine>

          
        </TextBlock>
        
        <TextBlock HPOS="967.0"
                   VPOS="165.0"
                   WIDTH="602.0"
                   HEIGHT="1717.0"
                   ID="eSc_textblock_9849784e"
                   TAGREFS="BT513">
          <Shape><Polygon POINTS="1519 504 1535 609 1494 694 1502 808 1454 869 1422 869 1422 991 1494 991 1519 1033 1461 1157 1453 1279 1502 1388 1502 1485 1569 1545 1569 1626 1548 1677 1470 1677 1470 1769 1543 1769 1552 1841 1477 1863 1081 1863 1081 1882 1008 1882 967 1824 992 1733 967 1554 1000 1419 973 172 1395 165 1444 190 1469 256 1444 419"/></Shape>
          
          
          <TextLine ID="eSc_line_a0f49063"
                    TAGREFS="LT182"
                    BASELINE="992 208 1416 204" 
                    HPOS="990.0"
                    VPOS="165.0"
                    WIDTH="426.0"
                    HEIGHT="68.0">
            <Shape><Polygon POINTS="1403 171 1382 165 1362 165 1341 165 1320 165 1300 165 1279 165 1258 165 1238 165 1217 165 1198 165 990 165 992 208 992 233 1416 225 1416 204 1409 173 1403 171"/></Shape>
	    <String CONTENT="y á voces dice mi estrella"
                    HPOS="990.0"
                    VPOS="165.0"
                    WIDTH="426.0"
                    HEIGHT="68.0"></String>
          </TextLine>

          
          
          <TextLine ID="eSc_line_34d7b0d0"
                    TAGREFS="LT182"
                    BASELINE="996 254 1360 245" 
                    HPOS="994.0"
                    VPOS="212.0"
                    WIDTH="366.0"
                    HEIGHT="54.0">
            <Shape><Polygon POINTS="996 254 996 266 1360 258 1360 245 1354 212 994 219 996 254"/></Shape>
	    <String CONTENT="que tuyo en todo seré."
                    HPOS="994.0"
                    VPOS="212.0"
                    WIDTH="366.0"
                    HEIGHT="54.0"></String>
          </TextLine>

          
          
          <TextLine ID="eSc_line_e488a0f4"
                    TAGREFS="LT182"
                    BASELINE="1035 291 1442 285" 
                    HPOS="1033.0"
                    VPOS="243.0"
                    WIDTH="409.0"
                    HEIGHT="64.0">
            <Shape><Polygon POINTS="1343 248 1323 248 1302 248 1300 248 1271 248 1261 250 1240 250 1234 250 1033 254 1035 291 1035 303 1440 307 1442 285 1436 243 1343 245 1343 248"/></Shape>
	    <String CONTENT="Tus padres sabré obligar"
                    HPOS="1033.0"
                    VPOS="243.0"
                    WIDTH="409.0"
                    HEIGHT="64.0"></String>
          </TextLine>

          
          
          <TextLine ID="eSc_line_4fbd596b"
                    TAGREFS="LT182"
                    BASELINE="992 328 1405 324" 
                    HPOS="990.0"
                    VPOS="293.0"
                    WIDTH="415.0"
                    HEIGHT="56.0">
            <Shape><Polygon POINTS="992 328 992 349 1405 343 1405 324 1399 293 990 295 992 328"/></Shape>
	    <String CONTENT="pues que acaban de saber"
                    HPOS="990.0"
                    VPOS="293.0"
                    WIDTH="415.0"
                    HEIGHT="56.0"></String>
          </TextLine>

          
          
          <TextLine ID="eSc_line_46ea3c0d"
                    TAGREFS="LT182"
                    BASELINE="994 369 1395 369" 
                    HPOS="994.0"
                    VPOS="330.0"
                    WIDTH="401.0"
                    HEIGHT="62.0">
            <Shape><Polygon POINTS="994 369 994 384 1393 392 1395 369 1393 330 994 334 994 369"/></Shape>
	    <String CONTENT="que tu esposo quiero ser"
                    HPOS="994.0"
                    VPOS="330.0"
                    WIDTH="401.0"
                    HEIGHT="62.0"></String>
          </TextLine>

          
          
          <TextLine ID="eSc_line_a48b9d35"
                    TAGREFS="LT182"
                    BASELINE="994 411 1343 407" 
                    HPOS="992.0"
                    VPOS="374.0"
                    WIDTH="351.0"
                    HEIGHT="53.0">
            <Shape><Polygon POINTS="994 411 994 427 1341 421 1343 407 1339 376 992 374 994 411"/></Shape>
	    <String CONTENT="si me gustas aceptar."
                    HPOS="992.0"
                    VPOS="374.0"
                    WIDTH="351.0"
                    HEIGHT="53.0"></String>
          </TextLine>

          
          
          <TextLine ID="eSc_line_278d67e8"
                    TAGREFS="LT182"
                    BASELINE="996 450 1374 444" 
                    HPOS="994.0"
                    VPOS="413.0"
                    WIDTH="380.0"
                    HEIGHT="58.0">
            <Shape><Polygon POINTS="996 450 996 471 1374 469 1374 444 1370 415 994 413 996 450"/></Shape>
	    <String CONTENT="De tí seré mas querido"
                    HPOS="994.0"
                    VPOS="413.0"
                    WIDTH="380.0"
                    HEIGHT="58.0"></String>
          </TextLine>

          
          
          <TextLine ID="eSc_line_fec3c958"
                    TAGREFS="LT182"
                    BASELINE="996 489 1333 489" 
                    HPOS="996.0"
                    VPOS="456.0"
                    WIDTH="337.0"
                    HEIGHT="52.0">
            <Shape><Polygon POINTS="996 489 996 508 1333 504 1333 489 1333 456 996 456 996 489"/></Shape>
	    <String CONTENT="en aquel feliz estado"
                    HPOS="996.0"
                    VPOS="456.0"
                    WIDTH="337.0"
                    HEIGHT="52.0"></String>
          </TextLine>

          
          
          <TextLine ID="eSc_line_874489b9"
                    TAGREFS="LT182"
                    BASELINE="1000 533 1494 524" 
                    HPOS="998.0"
                    VPOS="483.0"
                    WIDTH="496.0"
                    HEIGHT="70.0">
            <Shape><Polygon POINTS="1329 491 1308 491 1287 491 1267 491 1246 491 1225 491 1205 491 1184 491 1163 491 1143 491 1122 491 1101 491 1093 491 998 491 1000 533 1000 553 1494 539 1494 524 1488 483 1331 485 1329 491"/></Shape>
	    <String CONTENT="pues quien amante fué amado"
                    HPOS="998.0"
                    VPOS="483.0"
                    WIDTH="496.0"
                    HEIGHT="70.0"></String>
          </TextLine>

          
          
          <TextLine ID="eSc_line_87fdd352"
                    TAGREFS="LT182"
                    BASELINE="994 572 1360 566" 
                    HPOS="992.0"
                    VPOS="533.0"
                    WIDTH="368.0"
                    HEIGHT="60.0">
            <Shape><Polygon POINTS="994 572 994 593 1358 584 1360 566 1354 533 992 535 994 572"/></Shape>
	    <String CONTENT="mas merecerá marido."
                    HPOS="992.0"
                    VPOS="533.0"
                    WIDTH="368.0"
                    HEIGHT="60.0"></String>
          </TextLine>

          
          
          <TextLine ID="eSc_line_efd05b3a"
                    TAGREFS="LT182"
                    BASELINE="1033 613 1509 607" 
                    HPOS="1031.0"
                    VPOS="564.0"
                    WIDTH="478.0"
                    HEIGHT="64.0">
            <Shape><Polygon POINTS="1033 613 1033 626 1507 628 1509 607 1502 564 1031 576 1033 613"/></Shape>
	    <String CONTENT="Bien se lo que has de querer,"
                    HPOS="1031.0"
                    VPOS="564.0"
                    WIDTH="478.0"
                    HEIGHT="64.0"></String>
          </TextLine>

          
          
          <TextLine ID="eSc_line_374d2ff5"
                    TAGREFS="LT182"
                    BASELINE="998 646 1453 651" 
                    HPOS="996.0"
                    VPOS="605.0"
                    WIDTH="457.0"
                    HEIGHT="60.0">
            <Shape><Polygon POINTS="1205 611 1184 613 1163 613 1143 613 1122 613 1101 613 1081 613 1060 613 1039 613 1035 605 998 605 998 646 996 665 1451 665 1453 651 1451 617 1223 611 1205 611"/></Shape>
	    <String CONTENT="porque á la que menos ama"
                    HPOS="996.0"
                    VPOS="605.0"
                    WIDTH="457.0"
                    HEIGHT="60.0"></String>
          </TextLine>

          
          
          <TextLine ID="eSc_line_0fd0a274"
                    TAGREFS="LT182"
                    BASELINE="998 688 1382 692" 
                    HPOS="996.0"
                    VPOS="655.0"
                    WIDTH="386.0"
                    HEIGHT="55.0">
            <Shape><Polygon POINTS="998 688 996 706 1378 710 1382 692 1380 659 998 655 998 688"/></Shape>
	    <String CONTENT="no le pesa siendo dama"
                    HPOS="996.0"
                    VPOS="655.0"
                    WIDTH="386.0"
                    HEIGHT="55.0"></String>
          </TextLine>

          
          
          <TextLine ID="eSc_line_20c9118d"
                    TAGREFS="LT182"
                    BASELINE="998 733 1358 727" 
                    HPOS="996.0"
                    VPOS="694.0"
                    WIDTH="362.0"
                    HEIGHT="52.0">
            <Shape><Polygon POINTS="998 733 998 746 1358 741 1358 727 1351 694 996 694 998 733"/></Shape>
	    <String CONTENT="de pasar á ser mujer."
                    HPOS="996.0"
                    VPOS="694.0"
                    WIDTH="362.0"
                    HEIGHT="52.0"></String>
          </TextLine>

          
          
          <TextLine ID="eSc_line_0b302c5c"
                    TAGREFS="LT182"
                    BASELINE="1037 770 1480 766" 
                    HPOS="1035.0"
                    VPOS="729.0"
                    WIDTH="445.0"
                    HEIGHT="62.0">
            <Shape><Polygon POINTS="1221 731 1201 731 1180 731 1159 731 1139 731 1118 731 1097 733 1077 733 1056 733 1037 733 1035 733 1037 770 1037 785 1475 791 1480 766 1475 735 1227 729 1221 731"/></Shape>
	    <String CONTENT="Dirás que no eres mi igual,"
                    HPOS="1035.0"
                    VPOS="729.0"
                    WIDTH="445.0"
                    HEIGHT="62.0"></String>
          </TextLine>

          
          
          <TextLine ID="eSc_line_aa430d0e"
                    TAGREFS="LT182"
                    BASELINE="998 810 1426 810" 
                    HPOS="998.0"
                    VPOS="770.0"
                    WIDTH="428.0"
                    HEIGHT="56.0">
            <Shape><Polygon POINTS="998 810 998 826 1426 826 1426 810 1426 777 998 770 998 810"/></Shape>
	    <String CONTENT="mas ya miamor te merece"
                    HPOS="998.0"
                    VPOS="770.0"
                    WIDTH="428.0"
                    HEIGHT="56.0"></String>
          </TextLine>

          
          
          <TextLine ID="eSc_line_f872ea19"
                    TAGREFS="LT182"
                    BASELINE="1000 849 1364 845" 
                    HPOS="998.0"
                    VPOS="814.0"
                    WIDTH="366.0"
                    HEIGHT="58.0">
            <Shape><Polygon POINTS="1000 849 1000 872 1362 868 1364 845 1358 814 998 816 1000 849"/></Shape>
	    <String CONTENT="y como al Sol acontece"
                    HPOS="998.0"
                    VPOS="814.0"
                    WIDTH="366.0"
                    HEIGHT="58.0"></String>
          </TextLine>

          
          
          <TextLine ID="eSc_line_d82f36cf"
                    TAGREFS="LT182"
                    BASELINE="1000 888 1354 886" 
                    HPOS="998.0"
                    VPOS="855.0"
                    WIDTH="356.0"
                    HEIGHT="54.0">
            <Shape><Polygon POINTS="1000 888 1000 907 1349 909 1354 886 1347 855 998 855 1000 888"/></Shape>
	    <String CONTENT="que bizarro y liberal;"
                    HPOS="998.0"
                    VPOS="855.0"
                    WIDTH="356.0"
                    HEIGHT="54.0"></String>
          </TextLine>

          
          
          <TextLine ID="eSc_line_1dc03ab6"
                    TAGREFS="LT182"
                    BASELINE="1000 930 1370 925" 
                    HPOS="998.0"
                    VPOS="894.0"
                    WIDTH="372.0"
                    HEIGHT="58.0">
            <Shape><Polygon POINTS="1000 930 1000 952 1368 950 1370 925 1364 894 998 896 1000 930"/></Shape>
	    <String CONTENT="de tocar no se desdeña"
                    HPOS="998.0"
                    VPOS="894.0"
                    WIDTH="372.0"
                    HEIGHT="58.0"></String>
          </TextLine>

          
          
          <TextLine ID="eSc_line_f4995782"
                    TAGREFS="LT182"
                    BASELINE="1000 971 1366 965" 
                    HPOS="998.0"
                    VPOS="936.0"
                    WIDTH="368.0"
                    HEIGHT="51.0">
            <Shape><Polygon POINTS="1000 971 1000 987 1364 987 1366 965 1360 936 998 940 1000 971"/></Shape>
	    <String CONTENT="lo sublime, lo inferior,"
                    HPOS="998.0"
                    VPOS="936.0"
                    WIDTH="368.0"
                    HEIGHT="51.0"></String>
          </TextLine>

          
          
          <TextLine ID="eSc_line_fc47e986"
                    TAGREFS="LT182"
                    BASELINE="1000 1012 1391 1002" 
                    HPOS="998.0"
                    VPOS="973.0"
                    WIDTH="393.0"
                    HEIGHT="52.0">
            <Shape><Polygon POINTS="1000 1012 1000 1025 1391 1016 1391 1002 1385 973 998 977 1000 1012"/></Shape>
	    <String CONTENT="la zarza, la humilde flor"
                    HPOS="998.0"
                    VPOS="973.0"
                    WIDTH="393.0"
                    HEIGHT="52.0"></String>
          </TextLine>

          
          
          <TextLine ID="eSc_line_7a97ae4a"
                    TAGREFS="LT182"
                    BASELINE="1000 1054 1492 1052" 
                    HPOS="996.0"
                    VPOS="1006.0"
                    WIDTH="494.0"
                    HEIGHT="72.0">
            <Shape><Polygon POINTS="1203 1006 1182 1006 1161 1006 1141 1008 1120 1008 1099 1008 1079 1008 1058 1010 1037 1010 1017 1010 996 1010 998 1054 998 1078 1062 1064 1099 1074 1101 1074 1103 1074 1155 1064 1244 1074 1269 1076 1271 1076 1273 1076 1285 1074 1318 1064 1486 1068 1490 1051 1486 1006 1223 1006 1203 1006"/></Shape>
	    <String CONTENT="el bosque, el prado y la peña."
                    HPOS="996.0"
                    VPOS="1006.0"
                    WIDTH="494.0"
                    HEIGHT="72.0"></String>
          </TextLine>

          
          
          <TextLine ID="eSc_line_5c60544d"
                    TAGREFS="LT182"
                    BASELINE="1039 1087 1438 1091" 
                    HPOS="1037.0"
                    VPOS="1056.0"
                    WIDTH="401.0"
                    HEIGHT="55.0">
            <Shape><Polygon POINTS="1039 1087 1037 1101 1434 1111 1438 1091 1436 1056 1039 1056 1039 1087"/></Shape>
	    <String CONTENT="En cualquiera parte luce"
                    HPOS="1037.0"
                    VPOS="1056.0"
                    WIDTH="401.0"
                    HEIGHT="55.0"></String>
          </TextLine>

          
          
          <TextLine ID="eSc_line_a0b57b3a"
                    TAGREFS="LT182"
                    BASELINE="998 1130 1393 1126" 
                    HPOS="996.0"
                    VPOS="1089.0"
                    WIDTH="397.0"
                    HEIGHT="60.0">
            <Shape><Polygon POINTS="1368 1091 1347 1091 1327 1091 1306 1091 1285 1091 1265 1091 1244 1091 1236 1089 996 1089 998 1130 998 1149 1391 1149 1393 1126 1389 1091 1368 1091"/></Shape>
	    <String CONTENT="en cualquiera parte está"
                    HPOS="996.0"
                    VPOS="1089.0"
                    WIDTH="397.0"
                    HEIGHT="60.0"></String>
          </TextLine>

          
          
          <TextLine ID="eSc_line_0352d4c0"
                    TAGREFS="LT182"
                    BASELINE="1004 1169 1409 1169" 
                    HPOS="1004.0"
                    VPOS="1138.0"
                    WIDTH="405.0"
                    HEIGHT="48.0">
            <Shape><Polygon POINTS="1004 1169 1004 1184 1407 1186 1409 1169 1409 1138 1004 1138 1004 1169"/></Shape>
	    <String CONTENT="y en cualquiera parte da"
                    HPOS="1004.0"
                    VPOS="1138.0"
                    WIDTH="405.0"
                    HEIGHT="48.0"></String>
          </TextLine>

          
          
          <TextLine ID="eSc_line_c768e831"
                    TAGREFS="LT182"
                    BASELINE="1004 1209 1430 1209" 
                    HPOS="1004.0"
                    VPOS="1171.0"
                    WIDTH="426.0"
                    HEIGHT="64.0">
            <Shape><Polygon POINTS="1004 1209 1004 1225 1238 1235 1240 1235 1242 1235 1244 1235 1248 1231 1261 1223 1283 1233 1292 1235 1294 1235 1296 1235 1314 1233 1378 1225 1428 1235 1430 1209 1430 1173 1004 1171 1004 1209"/></Shape>
	    <String CONTENT="todo el calor que produce."
                    HPOS="1004.0"
                    VPOS="1171.0"
                    WIDTH="426.0"
                    HEIGHT="64.0"></String>
          </TextLine>

          
          
          <TextLine ID="eSc_line_19a56572"
                    TAGREFS="LT182"
                    BASELINE="1015 1250 1387 1244" 
                    HPOS="1012.0"
                    VPOS="1213.0"
                    WIDTH="375.0"
                    HEIGHT="51.0">
            <Shape><Polygon POINTS="1015 1250 1015 1264 1385 1260 1387 1244 1382 1213 1012 1213 1015 1250"/></Shape>
	    <String CONTENT="Y así tú que sol naciste"
                    HPOS="1012.0"
                    VPOS="1213.0"
                    WIDTH="375.0"
                    HEIGHT="51.0"></String>
          </TextLine>

          
          
          <TextLine ID="eSc_line_20176449"
                    TAGREFS="LT182"
                    BASELINE="1010 1289 1393 1285" 
                    HPOS="1008.0"
                    VPOS="1250.0"
                    WIDTH="385.0"
                    HEIGHT="58.0">
            <Shape><Polygon POINTS="1112 1250 1091 1250 1070 1250 1050 1250 1029 1250 1008 1250 1010 1289 1010 1308 1393 1308 1393 1285 1389 1250 1132 1250 1112 1250"/></Shape>
	    <String CONTENT="en belleza y humildad;"
                    HPOS="1008.0"
                    VPOS="1250.0"
                    WIDTH="385.0"
                    HEIGHT="58.0"></String>
          </TextLine>

          
          
          <TextLine ID="eSc_line_42fd8f28"
                    TAGREFS="LT182"
                    BASELINE="1015 1326 1329 1326" 
                    HPOS="1015.0"
                    VPOS="1293.0"
                    WIDTH="314.0"
                    HEIGHT="56.0">
            <Shape><Polygon POINTS="1015 1326 1015 1349 1329 1343 1329 1326 1327 1293 1015 1293 1015 1326"/></Shape>
	    <String CONTENT="yo te daré claridad"
                    HPOS="1015.0"
                    VPOS="1293.0"
                    WIDTH="314.0"
                    HEIGHT="56.0"></String>
          </TextLine>

          
          
          <TextLine ID="eSc_line_e638c0a3"
                    TAGREFS="LT182"
                    BASELINE="1015 1370 1451 1367" 
                    HPOS="1010.0"
                    VPOS="1330.0"
                    WIDTH="439.0"
                    HEIGHT="60.0">
            <Shape><Polygon POINTS="1012 1368 1012 1390 1447 1384 1449 1366 1442 1330 1010 1335 1012 1368"/></Shape>
	    <String CONTENT="y aquel ser que no tuviste."
                    HPOS="1010.0"
                    VPOS="1330.0"
                    WIDTH="439.0"
                    HEIGHT="60.0"></String>
          </TextLine>

          
          
          <TextLine ID="eSc_line_d15e103d"
                    TAGREFS="LT182"
                    BASELINE="1056 1409 1473 1403" 
                    HPOS="1052.0"
                    VPOS="1364.0"
                    WIDTH="419.0"
                    HEIGHT="70.0">
            <Shape><Polygon POINTS="1054 1407 1054 1421 1188 1432 1190 1432 1192 1432 1209 1426 1229 1419 1308 1430 1339 1432 1341 1432 1343 1432 1349 1430 1380 1417 1401 1432 1403 1432 1405 1432 1407 1434 1471 1434 1471 1401 1465 1364 1052 1374 1054 1407"/></Shape>
	    <String CONTENT="Tendrás mucho mas valor"
                    HPOS="1052.0"
                    VPOS="1364.0"
                    WIDTH="419.0"
                    HEIGHT="70.0"></String>
          </TextLine>

          
          
          <TextLine ID="eSc_line_6f2cb549"
                    TAGREFS="LT182"
                    BASELINE="1012 1446 1399 1446" 
                    HPOS="1012.0"
                    VPOS="1409.0"
                    WIDTH="387.0"
                    HEIGHT="56.0">
            <Shape><Polygon POINTS="1157 1409 1136 1409 1116 1409 1095 1409 1074 1409 1012 1409 1012 1446 1012 1465 1399 1465 1399 1446 1399 1409 1178 1409 1157 1409"/></Shape>
	    <String CONTENT="del que imaginas en mí"
                    HPOS="1012.0"
                    VPOS="1409.0"
                    WIDTH="387.0"
                    HEIGHT="56.0"></String>
          </TextLine>

          
          
          <TextLine ID="eSc_line_d9c18ea0"
                    TAGREFS="LT182"
                    BASELINE="1012 1490 1424 1483" 
                    HPOS="1010.0"
                    VPOS="1444.0"
                    WIDTH="414.0"
                    HEIGHT="66.0">
            <Shape><Polygon POINTS="1382 1448 1362 1448 1341 1448 1320 1448 1300 1448 1279 1448 1258 1448 1238 1448 1217 1448 1196 1448 1176 1448 1155 1448 1145 1448 1010 1448 1012 1490 1012 1510 1424 1504 1424 1483 1418 1444 1382 1444 1382 1448"/></Shape>
	    <String CONTENT="porque diré que al sol ví"
                    HPOS="1010.0"
                    VPOS="1444.0"
                    WIDTH="414.0"
                    HEIGHT="66.0"></String>
          </TextLine>

          
          
          <TextLine ID="eSc_line_059288ad"
                    TAGREFS="LT182"
                    BASELINE="1015 1529 1399 1523" 
                    HPOS="1012.0"
                    VPOS="1492.0"
                    WIDTH="387.0"
                    HEIGHT="51.0">
            <Shape><Polygon POINTS="1015 1529 1015 1543 1397 1539 1399 1523 1393 1492 1012 1496 1015 1529"/></Shape>
	    <String CONTENT="y que me prestó calor."
                    HPOS="1012.0"
                    VPOS="1492.0"
                    WIDTH="387.0"
                    HEIGHT="51.0"></String>
          </TextLine>

          
          
          <TextLine ID="eSc_line_b4825005"
                    TAGREFS="LT182"
                    BASELINE="981 1568 1544 1564" 
                    HPOS="977.0"
                    VPOS="1519.0"
                    WIDTH="565.0"
                    HEIGHT="72.0">
            <Shape><Polygon POINTS="1101 1527 1081 1527 1060 1527 1039 1527 1019 1527 1017 1523 977 1523 979 1566 979 1591 1542 1591 1542 1562 1535 1519 1254 1531 1116 1527 1101 1527"/></Shape>
	    <String CONTENT="Rosa. Vosté de un modo se esplica"
                    HPOS="977.0"
                    VPOS="1519.0"
                    WIDTH="565.0"
                    HEIGHT="72.0"></String>
          </TextLine>

          
          
          <TextLine ID="eSc_line_2919cdac"
                    TAGREFS="LT182"
                    BASELINE="1015 1609 1459 1603" 
                    HPOS="1012.0"
                    VPOS="1566.0"
                    WIDTH="447.0"
                    HEIGHT="60.0">
            <Shape><Polygon POINTS="1015 1609 1015 1626 1457 1624 1459 1603 1453 1566 1012 1576 1015 1609"/></Shape>
	    <String CONTENT="que no hi se respondre res"
                    HPOS="1012.0"
                    VPOS="1566.0"
                    WIDTH="447.0"
                    HEIGHT="60.0"></String>
          </TextLine>

          
          
          <TextLine ID="eSc_line_39930f60"
                    TAGREFS="LT182"
                    BASELINE="1015 1651 1529 1646" 
                    HPOS="1010.0"
                    VPOS="1603.0"
                    WIDTH="517.0"
                    HEIGHT="75.0">
            <Shape><Polygon POINTS="1012 1649 1012 1676 1376 1663 1523 1678 1527 1645 1521 1603 1010 1616 1012 1649"/></Shape>
	    <String CONTENT="pues del que ha dit no he entés"
                    HPOS="1010.0"
                    VPOS="1603.0"
                    WIDTH="517.0"
                    HEIGHT="75.0"></String>
          </TextLine>

          
          
          <TextLine ID="eSc_line_fc8f61f3"
                    TAGREFS="LT182"
                    BASELINE="1017 1692 1395 1686" 
                    HPOS="1015.0"
                    VPOS="1655.0"
                    WIDTH="380.0"
                    HEIGHT="64.0">
            <Shape><Polygon POINTS="1017 1692 1019 1719 1070 1707 1395 1707 1395 1686 1389 1655 1015 1659 1017 1692"/></Shape>
	    <String CONTENT="paraula grossa ni xica."
                    HPOS="1015.0"
                    VPOS="1655.0"
                    WIDTH="380.0"
                    HEIGHT="64.0"></String>
          </TextLine>

          
          
          <TextLine ID="eSc_line_97a6ba60"
                    TAGREFS="LT182"
                    BASELINE="1054 1729 1457 1729" 
                    HPOS="1052.0"
                    VPOS="1684.0"
                    WIDTH="403.0"
                    HEIGHT="62.0">
            <Shape><Polygon POINTS="1052 1727 1052 1746 1455 1746 1455 1727 1455 1694 1447 1686 1447 1684 1444 1684 1442 1684 1440 1684 1323 1696 1312 1696 1052 1694 1052 1727"/></Shape>
	    <String CONTENT="La confesso ma flaquesa"
                    HPOS="1052.0"
                    VPOS="1684.0"
                    WIDTH="403.0"
                    HEIGHT="62.0"></String>
          </TextLine>

          
          
          <TextLine ID="eSc_line_f9854979"
                    TAGREFS="LT182"
                    BASELINE="1015 1771 1451 1762" 
                    HPOS="1012.0"
                    VPOS="1729.0"
                    WIDTH="439.0"
                    HEIGHT="58.0">
            <Shape><Polygon POINTS="1015 1771 1015 1787 1449 1783 1451 1762 1447 1731 1012 1729 1015 1771"/></Shape>
	    <String CONTENT="perque jó no só jens vana."
                    HPOS="1012.0"
                    VPOS="1729.0"
                    WIDTH="439.0"
                    HEIGHT="58.0"></String>
          </TextLine>

          
          
          <TextLine ID="eSc_line_57aa8a4b"
                    TAGREFS="LT182"
                    BASELINE="981 1812 1527 1804" 
                    HPOS="979.0"
                    VPOS="1764.0"
                    WIDTH="548.0"
                    HEIGHT="62.0">
            <Shape><Polygon POINTS="1387 1764 1337 1775 1335 1777 979 1777 981 1812 981 1826 1525 1826 1527 1804 1523 1775 1389 1764 1387 1764"/></Shape>
	    <String CONTENT="Pol. ¡Criatura mas que humana,"
                    HPOS="979.0"
                    VPOS="1764.0"
                    WIDTH="548.0"
                    HEIGHT="62.0"></String>
          </TextLine>

          
          
          <TextLine ID="eSc_line_3dce3644"
                    TAGREFS="LT182"
                    BASELINE="1015 1849 1488 1845" 
                    HPOS="1012.0"
                    VPOS="1808.0"
                    WIDTH="476.0"
                    HEIGHT="76.0">
            <Shape><Polygon POINTS="1015 1849 1015 1870 1248 1884 1250 1884 1252 1884 1312 1870 1453 1882 1455 1882 1457 1882 1488 1866 1488 1845 1482 1808 1012 1816 1015 1849"/></Shape>
	    <String CONTENT="que candor y que franqueza!"
                    HPOS="1012.0"
                    VPOS="1808.0"
                    WIDTH="476.0"
                    HEIGHT="76.0"></String>
          </TextLine>

          
          
          <TextLine ID="eSc_line_fadfd08d"
                    TAGREFS="LT182"
                    BASELINE="1188 1928 1409 1922" 
                    HPOS="1184.0"
                    VPOS="1880.0"
                    WIDTH="225.0"
                    HEIGHT="79.0">
            <Shape><Polygon POINTS="1188 1928 1188 1959 1261 1942 1308 1957 1310 1957 1312 1957 1314 1957 1316 1957 1318 1957 1349 1940 1407 1953 1409 1922 1405 1880 1184 1880 1188 1928"/></Shape>
	    <String CONTENT="(Hix Hipólit.)"
                    HPOS="1184.0"
                    VPOS="1880.0"
                    WIDTH="225.0"
                    HEIGHT="79.0"></String>
          </TextLine>

          
        </TextBlock>
        
        <TextBlock HPOS="797.0"
                   VPOS="116.0"
                   WIDTH="202.0"
                   HEIGHT="69.0"
                   ID="eSc_textblock_1a152aab"
                   TAGREFS="BT517">
          <Shape><Polygon POINTS="797 116 797 185 999 185 999 116"/></Shape>
          
        </TextBlock>
        
        <TextBlock HPOS="960.0"
                   VPOS="1977.0"
                   WIDTH="688.0"
                   HEIGHT="277.0"
                   ID="eSc_textblock_2971df39"
                   TAGREFS="BT513">
          <Shape><Polygon POINTS="960 1977 960 2254 1648 2254 1648 1977"/></Shape>
          
        </TextBlock>
        
        <TextBlock HPOS="1179.0"
                   VPOS="1886.0"
                   WIDTH="241.0"
                   HEIGHT="54.0"
                   ID="eSc_textblock_8b7343b1"
                   TAGREFS="BT513">
          <Shape><Polygon POINTS="1190 1940 1179 1926 1179 1886 1420 1886 1420 1940"/></Shape>
          
        </TextBlock>
        

        
        <TextBlock ID="eSc_dummyblock_">
          
          
          <TextLine ID="eSc_line_38dc510d"
                    TAGREFS="LT182"
                    BASELINE="816 159 990 159" 
                    HPOS="816.0"
                    VPOS="111.0"
                    WIDTH="174.0"
                    HEIGHT="70.0">
            <Shape><Polygon POINTS="816 181 990 173 990 159 990 124 950 111 948 111 946 111 897 117 857 124 818 113 816 159 816 181"/></Shape>
	    <String CONTENT="—9 —"
                    HPOS="816.0"
                    VPOS="111.0"
                    WIDTH="174.0"
                    HEIGHT="70.0"></String>
          </TextLine>

          
          
          <TextLine ID="eSc_line_5a55dc61"
                    TAGREFS="LT182"
                    BASELINE="983 2008 1610 2003" 
                    HPOS="979.0"
                    VPOS="1946.0"
                    WIDTH="629.0"
                    HEIGHT="83.0">
            <Shape><Polygon POINTS="981 2006 981 2029 1240 2019 1254 2023 1275 2029 1277 2029 1279 2029 1281 2029 1310 2021 1331 2017 1380 2019 1494 2027 1496 2027 1608 2012 1608 2002 1602 1953 1337 1959 1312 1950 1300 1946 1298 1946 1296 1946 1294 1946 1283 1950 1258 1963 1180 1963 1167 1950 1167 1948 1165 1948 1163 1948 1161 1948 1159 1948 1157 1948 1157 1950 1145 1963 1074 1963 979 1950 981 2006"/></Shape>
	    <String CONTENT="Hip. ap. ¿Ja hi som? ¡ Veus aqui las"
                    HPOS="979.0"
                    VPOS="1946.0"
                    WIDTH="629.0"
                    HEIGHT="83.0"></String>
          </TextLine>

          
          
          <TextLine ID="eSc_line_693fb1f4"
                    TAGREFS="LT182"
                    BASELINE="1017 2048 1618 2041" 
                    HPOS="1012.0"
                    VPOS="2000.0"
                    WIDTH="604.0"
                    HEIGHT="60.0">
            <Shape><Polygon POINTS="1591 2004 1571 2004 1550 2004 1529 2004 1509 2004 1488 2004 1467 2004 1459 2004 1012 2015 1015 2046 1015 2060 1616 2050 1616 2039 1610 2000 1591 2000 1591 2004"/></Shape>
	    <String CONTENT="resultas de la musica de nit ! ¡Si"
                    HPOS="1012.0"
                    VPOS="2000.0"
                    WIDTH="604.0"
                    HEIGHT="60.0"></String>
          </TextLine>

          
          
          <TextLine ID="eSc_line_57476996"
                    TAGREFS="LT182"
                    BASELINE="1017 2089 1608 2080" 
                    HPOS="1012.0"
                    VPOS="2048.0"
                    WIDTH="594.0"
                    HEIGHT="49.0">
            <Shape><Polygon POINTS="1015 2087 1015 2097 1606 2091 1606 2079 1602 2048 1012 2048 1015 2087"/></Shape>
	    <String CONTENT="aquell burdell de dona es la qui en-"
                    HPOS="1012.0"
                    VPOS="2048.0"
                    WIDTH="594.0"
                    HEIGHT="49.0"></String>
          </TextLine>

          
          
          <TextLine ID="eSc_line_664b8e9c"
                    TAGREFS="LT182"
                    BASELINE="1021 2130 1610 2120" 
                    HPOS="1019.0"
                    VPOS="2087.0"
                    WIDTH="591.0"
                    HEIGHT="78.0">
            <Shape><Polygon POINTS="1021 2130 1021 2151 1205 2165 1207 2165 1209 2165 1269 2151 1370 2163 1372 2163 1374 2163 1416 2149 1546 2159 1548 2159 1550 2159 1552 2159 1552 2157 1569 2143 1610 2141 1610 2120 1604 2087 1019 2095 1021 2130"/></Shape>
	    <String CONTENT="reda tot aixó! En bon fandango ans"
                    HPOS="1019.0"
                    VPOS="2087.0"
                    WIDTH="591.0"
                    HEIGHT="78.0"></String>
          </TextLine>

          
          
          <TextLine ID="eSc_line_e9a2fa2d"
                    TAGREFS="LT182"
                    BASELINE="1025 2172 1153 2175" 
                    HPOS="1021.0"
                    VPOS="2136.0"
                    WIDTH="130.0"
                    HEIGHT="69.0">
            <Shape><Polygon POINTS="1023 2170 1021 2203 1046 2205 1048 2205 1050 2205 1052 2205 1064 2196 1085 2184 1149 2184 1151 2174 1149 2141 1023 2136 1023 2170"/></Shape>
	    <String CONTENT="posem."
                    HPOS="1021.0"
                    VPOS="2136.0"
                    WIDTH="130.0"
                    HEIGHT="69.0"></String>
          </TextLine>

          
          
          <TextLine ID="eSc_line_c9d1746e"
                    TAGREFS="LT182"
                    BASELINE="1062 2213 1620 2209" 
                    HPOS="1058.0"
                    VPOS="2157.0"
                    WIDTH="560.0"
                    HEIGHT="112.0">
            <Shape><Polygon POINTS="1141 2165 1120 2165 1099 2167 1097 2167 1058 2172 1060 2211 1060 2248 1093 2265 1095 2265 1097 2265 1099 2265 1126 2250 1151 2265 1153 2265 1155 2265 1157 2265 1159 2265 1176 2252 1194 2267 1196 2267 1198 2267 1201 2269 1337 2269 1337 2267 1339 2267 1341 2267 1364 2250 1393 2265 1395 2265 1397 2265 1399 2265 1438 2250 1457 2265 1459 2265 1461 2265 1463 2267 1509 2267 1509 2265 1511 2265 1513 2265 1513 2263 1525 2250 1618 2242 1618 2207 1614 2170 1389 2157 1387 2157 1325 2170 1155 2159 1153 2159 1143 2159 1141 2165"/></Shape>
	    <String CONTENT="Rep. Vaya sañó aufacial: saba us-"
                    HPOS="1058.0"
                    VPOS="2157.0"
                    WIDTH="560.0"
                    HEIGHT="112.0"></String>
          </TextLine>

          
        </TextBlock>
        
      </PrintSpace>
    </Page>
  </Layout>
</alto>
