1753 2480
204.0 109.0 453.0 70.0 á Barrabás te pedimos

210.0 177.0 556.0 58.0 que lo sueltes sin tardanza.

204.0 217.0 461.0 64.0 Entonces el presidente,

208.0 268.0 623.0 70.0 que era el que mas lo escusaba

204.0 322.0 521.0 68.0 mandó que allí le tragesen

202.0 372.0 581.0 72.0 un page que está de guardia.

210.0 425.0 457.0 71.0 para lavarse las manos

202.0 481.0 411.0 66.0 una bacia con agua,

202.0 527.0 515.0 62.0 entendiendo que con esto

200.0 578.0 506.0 62.0 su conciencia descargaba

198.0 634.0 539.0 62.0 de aquella inicua sentencia

204.0 688.0 573.0 70.0 que por miedo promulgaba.

206.0 729.0 490.0 70.0 Y sentàndose en su sólio,

202.0 785.0 523.0 68.0 pronunció sentencia clara:

198.0 845.0 477.0 54.0 »muera Jesús Nazareno,

202.0 890.0 608.0 66.0 pues todo el mundo lo aclama,

204.0 932.0 480.0 74.0 que Hijo de Dios se hace

194.0 994.0 469.0 60.0 con enredos y marañas.

194.0 1037.0 461.0 70.0 siendo un alborotador

190.0 1087.0 488.0 76.0 de repúblicas y plazas,

192.0 1149.0 483.0 64.0 como lo dirá el pregon

196.0 1192.0 566.0 74.0 cuando por las calles vaya.»

196.0 1240.0 469.0 76.0 Ya está todo concluido,

198.0 1304.0 525.0 64.0 prevénganse las escuadras,

190.0 1345.0 481.0 60.0 al instante los soldados

190.0 1390.0 535.0 81.0 todos con espada y lanza,

194.0 1446.0 583.0 77.0 pónganse de punta en blanco,

188.0 1502.0 481.0 58.0 alerta, no se nos vaya.

190.0 1558.0 543.0 66.0 Al arma, al arma, la gente:

192.0 1597.0 463.0 74.0 y con cruz enarbolada

190.0 1661.0 421.0 60.0 sacan á Jesus divino

186.0 1705.0 556.0 76.0 con la soga en la garganta,

186.0 1756.0 556.0 73.0 sus ojos hechos dos fuentes,

188.0 1804.0 500.0 74.0 la túnica ensangrentada,

186.0 1857.0 531.0 73.0 sangrienta barba y cabello;

186.0 1917.0 465.0 54.0 salió esta Luz soberana

186.0 1953.0 516.0 84.0 descalzo de pié y pierna,

186.0 2017.0 537.0 70.0 dos ladrones por compaña.

183.0 2060.0 521.0 83.0 Seis verdugos van delante,

183.0 2122.0 501.0 64.0 otros seis de retaguardia,

183.0 2161.0 521.0 81.0 tambien iba un pregonero

186.0 2217.0 518.0 108.0 publicando en voces altas,

911.0 144.0 480.0 50.0 el tenor de la sentencia,

909.0 173.0 467.0 66.0 como queda declarada.

909.0 221.0 513.0 70.0 Iba con la cruz á cuestas

903.0 270.0 525.0 77.0 el Redentor de las almas,

909.0 328.0 418.0 66.0 fatigado y sín aliento

907.0 376.0 504.0 70.0 lleno de mortales ansias,

913.0 425.0 445.0 79.0 y porque llegase vivo

907.0 479.0 492.0 72.0 á un Cirineo alquilaban.

905.0 531.0 500.0 66.0 Con el peso de las culpas

909.0 582.0 548.0 73.0 que en esta cruz se cifraban,

905.0 632.0 484.0 76.0 faltó de valor el cuerpo,

901.0 677.0 496.0 81.0 las rodillas se le traban.

907.0 733.0 589.0 81.0 y con la cruz dió en el suelo,

901.0 783.0 473.0 74.0 tanto que la boca sacra

903.0 832.0 455.0 81.0 á besar llegó la tierra,

907.0 888.0 531.0 64.0 y á puntapies lo levantan.

905.0 936.0 539.0 68.0 Por el rastro de la sangre,

905.0 994.0 486.0 64.0 venia llorando el Alba

901.0 1035.0 494.0 81.0 del mejor sol de justicia,

903.0 1091.0 461.0 74.0 María, Virgen sagiada,

909.0 1159.0 569.0 58.0 pues san Juan la díó el aviso

895.0 1196.0 529.0 72.0 del modo que le trataban.

899.0 1244.0 556.0 78.0 Entró por medio las tropas.

897.0 1295.0 454.0 77.0 aquella Paloma blanca,

899.0 1355.0 514.0 71.0 aquella hermosa Azucena,

897.0 1397.0 471.0 76.0 aquella Luna eclipsada,

895.0 1446.0 419.0 79.0 Entróse con su Hijo,

897.0 1506.0 477.0 70.0 y de dolor traspasada.

890.0 1562.0 476.0 62.0 con el corazon le dice:

897.0 1603.0 547.0 71.0 Hijo, cómo no me hablas?

899.0 1659.0 585.0 66.0 mi Bien, ya no me conoces?

895.0 1713.0 475.0 62.0 mírame, rosa temprana,

895.0 1758.0 525.0 75.0 tu Madre soy, Jesus mio,

897.0 1810.0 504.0 74.0 vésme aquí desamparada,

895.0 1868.0 448.0 60.0 afligida mas que todas

893.0 1917.0 527.0 60.0 sin hallar alivio en nada.

903.0 1967.0 444.0 64.0 Y con este sentimiento

893.0 2012.0 498.0 77.0 fue siguiendo las pisadas

890.0 2070.0 526.0 71.0 del Hijo, la tierna Madre,

893.0 2114.0 527.0 80.0 sin que nadie lo estorbara,

897.0 2178.0 498.0 66.0 que fué permision divina

899.0 2236.0 450.0 74.0 que todos la veneraran.
