1860 2629
254 159 1230 220 VIEJO RINCON

754.0 350.0 241.0 105.0 TANGO

449 506 37 48 I

92 545 638 81 Viejo riacón de mís primeros tangos

89.0 609.0 612.0 52.0 donde ella me batió que me quería,

85.0 635.0 634.0 66.0 guarida de cien noches de fandango

85.0 681.0 597.0 50.0 que en mi memoria vives todavía.

89.0 714.0 577.0 54.0 ¡Oh! Callejón de turbias caferatas

85.0 753.0 605.0 48.0 que fueron taitas del «mandolión»,

85.0 786.0 610.0 50.0 donde estará mi garçonier de latas

87.0 821.0 581.0 57.0 testigo de mi amor y su traición.

81.0 874.0 530.0 68.0 Hoy vuelvo al barrio que dejé

87.0 926.0 529.0 57.0 y al campanearlo me da pena,

87.0 959.0 588.0 57.0 no tengo ya mi madrecita buena;

87.0 996.0 693.0 64.0 mi rancho es la ruina; ya todo se acabó.

87.0 1034.0 417.0 52.0 Porque creí, loco de mí,

92.0 1073.0 458.0 50.0 por ella di mi vida entera:

89.0 1106.0 639.0 52.0 también mi fe se convirtió en tapera

89.0 1145.0 669.0 62.0 y sóio siento ruinas latir dentro de mí.

228.0 1187.0 392.0 83.0 De un tango el vaivén

234.0 1248.0 323.0 53.0 da vida a un amor;

234.0 1279.0 377.0 55.0 de un tango el vaivén

236.0 1321.0 301.0 85.0 nos hace traición.

1234 497 46 72 II

881.0 541.0 628.0 81.0 Cuando te quiebras en una sentada

883.0 606.0 529.0 53.0 juntando tu carita con la mía,

886.0 622.0 756.0 74.0 yo siento que en la hoguera de algún tango

883.0 679.0 672.0 50.0 se va a quemar mi sangre el mejsr día.

883.0 712.0 571.0 52.0 Viejo rincón de turbias caferatas

883.0 747.0 595.0 52.0 que fueron taitas del «mandolión»

883.0 782.0 590.0 52.0 donde estará mi garçonier de lata,

881.0 814.0 647.0 90.0 bulín mistongo que fué mi perdición.

886.0 876.0 585.0 74.0 Del fuelle al son, suena un violín

881.0 928.0 487.0 51.0 en el tablao de una cantina

888.0 948.0 750.0 72.0 y en un bulín que está al doblar la esquina

883.0 996.0 691.0 53.0 los taitas aprovechan el tango tentador.

886.0 1034.0 498.0 57.0 ¿ Pa qué soñar? ¿pa qué volvi

883.0 1069.0 483.0 52.0 al callejón de mis quereres,

883.0 1106.0 571.0 48.0 a revivir el mal de esas mujeres,

883.0 1132.0 737.0 81.0 sus risas, sus caricias, la farsa de su amor?

1030.0 1194.0 393.0 76.0 De un tango al vaivén

1028.0 1248.0 325.0 53.0 da vida a un amor;

1030.0 1268.0 380.0 72.0 de un tango al vaivén

1035.0 1316.0 302.0 75.0 nos hace traición.

125.0 1757.0 100.0 541.0 A TODOS

247 1868 53 445 Comerciantes, escuchad;

280 2026 66 296 industriales oid,

324.0 1938.0 66.0 382.0 y público en general

372.0 1930.0 62.0 387.0 a nuestra casa venid:

421.0 1954.0 54.0 357.0 No dejeis de visitar

460 1811 64 517 nuestra Imprenta porque es

511 1947 57 366 la única en trabajar.

552.0 1947.0 59.0 370.0 pudiendo economizar

594.0 1895.0 59.0 411.0 dos mil pesetas al mes.

638.0 1844.0 63.0 467.0 Pedid precios, condiciones

686.0 1860.0 59.0 455.0 los de todas las regiones

723.0 1805.0 68.0 517.0 de nuestra España altanera;

776.0 1814.0 55.0 501.0 esta Imprenta es la primera

822.0 1868.0 57.0 443.0 entre todas las naciones.

857.0 1787.0 73.0 537.0 Día y noche ¡es un portento!

914.0 1886.0 57.0 431.0 se sirve de buena gana.

958.0 1892.0 53.0 421.0 nuestro establecimiento

1000.0 1765.0 55.0 548.0 no se cierra ni un momento...

1044.0 1855.0 54.0 458.0 no espereis venir mañana.

1090.0 1910.0 59.0 401.0 Por correo y recadero

1127.0 1903.0 68.0 410.0 pueden encargos pedir.

1173.0 1846.0 66.0 471.0 pues se hacen con esmero

1223.0 1916.0 62.0 399.0 prontitud y verdadero

1272.0 1927.0 59.0 388.0 gran deseo de servir:

1313 1927 95 388 con cuidado sin igual

1357 1923 55 388 al público en general.

1397.0 1743.0 59.0 585.0 Nuestra casa que es la vuestra

1445.0 1864.0 55.0 447.0 os causará nna sorpresa

1487.0 1796.0 127.0 515.0 Doctor Dou, uúmero cuatro,

1533.0 1776.0 98.0 535.0 Barcelona, Imprenta Inglesa
