1753 2480
146.0 82.0 441.0 50.0 sense sentits los deixaba,

148.0 113.0 430.0 62.0 ja que 's car doneulo bó

148.0 150.0 470.0 69.0 Diuhen que ara s' hapujat

144.0 198.0 428.0 60.0 perque la mar tira molt,

142.0 235.0 482.0 54.0 amigo....., ¡baya un consol!

140.0 276.0 453.0 52.0 pero aixó.... no es veritat

140.0 314.0 511.0 53.0 Si l que 's cull aquí no mes

142.0 353.0 453.0 66.0 (y cuidado que 's beu bó)

140.0 394.0 391.0 52.0 lo podrían da 'l porró

138.0 431.0 401.0 62.0 á tot lo mes alt, á tres.

140.0 471.0 459.0 64.0 Pero diu que 'ls fan pagá

138.0 518.0 459.0 60.0 unas grans contribucións,

140.0 555.0 378.0 56.0 y sense buscá rahóns

138.0 595.0 391.0 49.0 ells ho tenen d' apujá

142.0 634.0 434.0 56.0 Pero naltres ho paguem;

138.0 673.0 461.0 58.0 lo del mitx se 'n aconorta

136.0 715.0 420.0 60.0 lo darrer tanca la porta

142.0 754.0 492.0 64.0 y 'ls mes pobres carreguem,

136.0 789.0 455.0 60.0 San Pau, lo primé ermitá

138.0 839.0 459.0 57.0 arretgleu un poch lo mon

136.0 876.0 473.0 64.0 perque tots los que ara son

134.0 917.0 440.0 50.0 ningú no 'l sap arretglá.

134.0 958.0 506.0 56.0 Responeume de aqui un rato

132.0 996.0 477.0 64.0 si heu de acatá el meu vot;

136.0 1037.0 387.0 56.0 vos demano sobre tot,

136.0 1074.0 461.0 52.0 que vaigi 'l ví ben barato.

138.0 1111.0 438.0 54.0 Ya se que se 'n enriureu

132.0 1151.0 411.0 55.0 si dich algún disbarat,

132.0 1188.0 475.0 64.0 pero cuan corra algún gat,

134.0 1235.0 508.0 62.0 aquell que l' agafa.... es séu.

134.0 1277.0 517.0 62.0 No es poch bonich un pussós,

132.0 1312.0 477.0 68.0 ballant la polca manzurca,

134.0 1364.0 413.0 49.0 traginant aquella turca

134.0 1401.0 513.0 62.0 y 's creu l' home més ditxós.

134.0 1442.0 380.0 54.0 Arrosegant una biga,

134.0 1475.0 463.0 62.0 qne no es capás de portála

132.0 1516.0 450.0 58.0 ab un pardigó á cada ala,

132.0 1558.0 411.0 58.0 fentli las camas la figa.

132.0 1589.0 523.0 68.0 En lo mon hi ha gent per tot,

134.0 1638.0 490.0 56.0 puig hi ha diferentas vidas;

132.0 1678.0 500.0 60.0 uns se crehuen las mentidas

132.0 1719.0 469.0 50.0 jo, sols crech lo ví del bot.

132.0 1762.0 467.0 46.0 Si 'u endevino ó si 'u erro

130.0 1789.0 570.0 68.0 lo que 's dirho, á mi no 'm toca,

130.0 1839.0 415.0 49.0 ja se 'm assecat la boca

128.0 1878.0 519.0 54.0 de fe tan de temps que xerro.

134.0 1915.0 378.0 64.0 Ya es hora de retirar;

128.0 1946.0 473.0 71.0 ja no van soldats ni cabos,

126.0 2000.0 560.0 56.0 anémsen á fé uns quants xavos,

126.0 2039.0 421.0 52.0 antes no vulguin tancá.

126.0 2077.0 492.0 64.0 Dos embutadas.... y bueno;

124.0 2118.0 450.0 58.0 déixemhi aná ab un salt,

126.0 2157.0 428.0 56.0 mosea, ja veig un fanal,

124.0 2192.0 667.0 66.0 futg bato, que vé 'l sereno. (Se 'n va.,

190.0 2236.0 543.0 53.0 (Surt lo sereno y tocan las once )

76.0 2263.0 777.0 113.0 SER. Ba cantem: las once han dado (eantano

872.0 2289.0 496.0 56.0 alló, sisquera.... m' agrada,

119.0 2314.0 368.0 66.0 Are no sé si está ras;

117.0 2353.0 486.0 93.0 lo que 's seré, no 'n fá pas,

886.0 86.0 693.0 81.0 bueno donchs, canto nublado, (cantant)

888.0 124.0 472.0 62.0 Quina nit fá més hermosa;

890.0 163.0 430.0 64.0 es bén rebonich l' estiu,

888.0 206.0 494.0 54.0 jo crech que ningú l' escriu

895.0 250.0 366.0 49.0 cosa tan maravillosa,

888.0 272.0 441.0 71.0 Fém alto en aquet cantó,

890.0 322.0 490.0 66.0 y en fi, ja no 'm encaparro:

888.0 365.0 625.0 77.0 se farém patá un cigarro (ne fa un)

895.0 405.0 409.0 60.0 y endevant la professó,

890.0 442.0 457.0 58.0 Despres donarem un tom,

890.0 479.0 445.0 66.0 per si convé alguna cosa,

888.0 518.0 391.0 56.0 lo sereno may fá nosa

886.0 564.0 461.0 60.0 sempre es útil per tothom

888.0 601.0 449.0 64.0 Que hi ha lladres á la nit

890.0 642.0 406.0 64.0 y son á dins de la vila,

884.0 677.0 389.0 67.0 lo sereno, com vigila,

888.0 731.0 397.0 50.0 se 'n adona tot seguit.

886.0 756.0 544.0 70.0 Com que hi ha algune persona

884.0 810.0 587.0 70.0 que no 's mou fins que s' abrasa,

884.0 849.0 408.0 52.0 se l' hi fica foch á casa

884.0 890.0 416.0 50.0 y 'l sereno se 'n adona.

884.0 919.0 453.0 62.0 A voltas va un perdulari,

882.0 961.0 472.0 62.0 buscant remey pe 'l malal,

886.0 1004.0 399.0 62.0 y 'l sereno ab lo fanal,

882.0 1047.0 401.0 54.0 fa obrí á cal apotacari.

882.0 1082.0 438.0 62.0 Que convé una llevadora

884.0 1122.0 391.0 58.0 per lo que pot succehí

886.0 1165.0 358.0 60.0 ja tens lo sereno allí

882.0 1209.0 447.0 49.0 siga en cualsevulga hora.

880.0 1246.0 459.0 58.0 Com que tota la nit ronda

880.0 1287.0 426.0 56.0 sempre á tot arreu acut:

882.0 1328.0 441.0 58.0 qué un forasté va perdut,

882.0 1368.0 465.0 66.0 l' acompaña ab una fonda,

878.0 1399.0 411.0 66.0 Qué dematí 's vol llevá

884.0 1452.0 397.0 52.0 y te pó que no matini,

878.0 1481.0 457.0 71.0 ja no cal que s' amohini,

878.0 1531.0 349.0 52.0 lo sereno 'l vá picá.

880.0 1564.0 376.0 54.0 Avoltas un descuidat

878.0 1607.0 471.0 58.0 se deix l' esqueleta oberta,

884.0 1645.0 426.0 60.0 y 'l serene s' está alerta

880.0 1688.0 536.0 54.0 per veure allí qui hi ha entrat.

878.0 1721.0 453.0 62.0 Pica, baixan, tot se mira,

880.0 1758.0 525.0 71.0 no hi ha ré; tancán en seguit;

874.0 1798.0 473.0 78.0 los de allí se 'n van al llit,

884.0 1847.0 343.0 52.0 y 'l sereno se retira

876.0 1874.0 478.0 70.0 Lo que 's bastant cremadó,

876.0 1930.0 525.0 51.0 cuant trobas alguns panarras,

876.0 1967.0 492.0 58.0 que rondan ab las guitarras

876.0 2006.0 461.0 56.0 cantant sempre una cansó.

884.0 2043.0 412.0 62.0 Yo ho privaba, de segú,

874.0 2081.0 533.0 66.0 si tingués del poble 'l mando,

874.0 2128.0 482.0 54.0 perqué mohuen un escán iu

872.0 2167.0 482.0 60.0 sens deixar dormí á ningú.

874.0 2207.0 467.0 56.0 Quant cantan alguna cosa,

872.0 2244.0 556.0 60.0 com las cansons d' una aubada,

868.0 2329.0 428.0 58.0 al ménos un home gosa.

870.0 2372.0 463.0 79.0 Si ni ha que perden la nit
