1860 2629
247.0 1049.0 1242.0 164.0 CANSÓ DE LA PASTORA

265.0 1229.0 371.0 78.0 Mon pare m' ha casada,

228.0 1286.0 359.0 59.0 m' ha dada á un pastó,

232.0 1329.0 371.0 59.0 me 'n venta garrotadas,

232.0 1378.0 384.0 78.0 Deu men guart de pitjós.

407.0 1445.0 101.0 68.0 Coro.

267.0 1505.0 404.0 74.0 Jo que no l' aymo gayre,

223.0 1566.0 373.0 61.0 jo que no l' aymo, no,

228.0 1603.0 432.0 66.0 dich que no l' aymo gayre

228.0 1647.0 289.0 68.0 la vida del pastó.

265.0 1711.0 419.0 74.0 Ell se está en la montanya,

234.0 1768.0 371.0 54.0 jo en lo poble de Muyó;

232.0 1811.0 404.0 53.0 ell beu de la aygua fresca,

232.0 1849.0 311.0 57.0 y jo ví del Rosselló.

160.0 1886.0 587.0 90.0 Coro.—Jo que no l' aymo gare, etc.

267.0 1956.0 373.0 83.0 En derm ab la samarra,

236.0 2019.0 336.0 62.0 jo ab llansols de cutó;

232.0 2065.0 331.0 53.0 ell menja sopa ab oli,

228.0 2109.0 333.0 62.0 jo ab caldo de moltó.

162.0 2153.0 590.0 99.0 Coro.—Jo que no l' aymo gayre, etc.

1085.0 1235.0 384.0 72.0 Se pensa que estich sola,

1050.0 1292.0 316.0 53.0 sola non estich, no;

1057.0 1327.0 388.0 57.0 una estoneta ab lo Batlle,

1057.0 1378.0 373.0 56.0 y un altre ab lo Regidó.

991.0 1430.0 583.0 81.0 Coro.— Jo que no l' aymo gayre, etc.

1094.0 1513.0 336.0 53.0 Pastoras de ma esfera

1055.0 1557.0 324.0 57.0 no vulgau cap pastó,

1057.0 1590.0 373.0 61.0 que encara que cumpliu

1057.0 1643.0 300.0 52.0 fan correr lo bastó.

993.0 1684.0 584.0 90.0 Coro.—Jo que no t' aymo gayre, etc.

1096.0 1754.0 336.0 77.0 No poseu vostre amor

1061.0 1820.0 276.0 48.0 en rassa de pastó,

1063.0 1855.0 303.0 59.0 antes de fer tal cosa

1061.0 1906.0 298.0 59.0 quedau com era jo.

1239.0 1969.0 92.0 70.0 Coro.

1096.0 2028.0 395.0 79.0 Jo que no l' aymo gayre,

1063.0 2087.0 358.0 62.0 jo que no l' aymo, no,

1063.0 2133.0 419.0 53.0 dich que no l' aymo gayre

1061.0 2177.0 285.0 66.0 la vida del pastó.

410.0 2280.0 903.0 110.0 Barcelona.— Imps. de Llorens, Palma de Santa Catarina, 6,

833.0 2232.0 77.0 57.0 FÍ.
