2148 3034
1065.0 197.0 192.0 88.0 —2—

382.0 237.0 736.0 104.0 y ab set dracmas de llet de lloca blanca,

384.0 321.0 714.0 60.0 y del arbre de Adam un tros de branca,

384.0 359.0 577.0 63.0 ho posarás tot dins una caldera,

382.0 399.0 647.0 61.0 y ho deixarás estar de esta manera;

374.0 442.0 726.0 76.0 després pendrás la estrella de la Aurora

379.0 477.0 638.0 74.0 cullida per San Joan á la una hora,

379.0 525.0 557.0 66.0 y del jegant Goliat la valentía,

379.0 573.0 686.0 64.0 junt ab las unglas y alas de un arpía;

384.0 619.0 559.0 53.0 de xurris burris una carretada

379.0 652.0 673.0 63.0 y del senyó Bandoma una ensumada:

379.0 695.0 678.0 66.0 Dos dracmas de forats de pedra tosca,

382.0 735.0 660.0 63.0 y de doscents mil llops la gola fosca:

379.0 781.0 612.0 63.0 Conceptes sufragists una mesura,

384.0 829.0 622.0 55.0 y de tres jueus la conciencia pura:

379.0 859.0 698.0 66.0 De vent fresch de Llevant una bufada,

382.0 907.0 556.0 61.0 y del pare den Salvi la tonada:

379.0 953.0 590.0 63.0 De frare convidat catorse passos,

382.0 988.0 579.0 66.0 y de mi, sol, la, re, dotse passos:

376.0 1034.0 565.0 63.0 Ens de rahó fregits á la paella,

371.0 1079.0 661.0 66.0 y tres anys de la faixa de una vella:

382.0 1122.0 511.0 58.0 La cota de Pilat polverisada,

382.0 1165.0 632.0 58.0 y quinse unsas de fam alambinada:

379.0 1203.0 648.0 58.0 Un tupí de conductas, y una arroba

379.0 1246.0 610.0 58.0 de esprits de rellotje fets á proba:

379.0 1289.0 635.0 66.0 De un escorsó lo bras y cama dreta

374.0 1332.0 582.0 58.0 y de la alada Fama la trompeta,

374.0 1377.0 617.0 54.0 ab lo repicó de tres mil campanas

371.0 1410.0 628.0 66.0 y de la diosa Juno las membranas:

376.0 1453.0 696.0 64.0 De peus de caragols una unsa y mitja,

371.0 1499.0 615.0 60.0 y del mes de Decembre la calitja:

371.0 1539.0 684.0 66.0 Dos rodas del cotxe de donya Urraca,

374.0 1590.0 640.0 58.0 y de Orlando un faldó de la casaca:

369.0 1620.0 769.0 68.0 Del gran Sultan quatre pels del mustatxo,

376.0 1671.0 691.0 63.0 dels que se arrencá tot jugant á catxo;

376.0 1709.0 668.0 65.0 Lo badall mes grós que feu Carreras

376.0 1757.0 565.0 60.0 y de una casa vella las goteras:

376.0 1800.0 792.0 63.0 Trenta dos gemechs de un que llenya estella

379.0 1838.0 640.0 73.0 y de aygua del cel plena la cistella:

371.0 1886.0 557.0 55.0 Al Fénix arréncali una pluma,

374.0 1919.0 774.0 83.0 y de una olla quant se cou pren la escuma;

379.0 1969.0 615.0 61.0 Den Ramis la calor, y lo seu vano,

376.0 2002.0 653.0 111.0 vint valentías del gran Campuzano;

1156.0 265.0 597.0 68.0 la millor fior jugada de donsella,

1158.0 318.0 643.0 63.0 y del forn de Vulcano una centella:

1158.0 364.0 696.0 63.0 Un estarnut de Judas dins de una olla,

1156.0 407.0 625.0 58.0 de llágrimas de Dido una ampolla;

1153.0 444.0 638.0 59.0 arrel de Campanar y dents de pusa

1158.0 493.0 688.0 60.0 y quatre lliuras de aygua de merlúsa.

1156.0 536.0 642.0 55.0 Del Arca de Noé un pam de carena,

1148.0 568.0 612.0 69.0 y de Faraó la biga de la esquena:

1148.0 609.0 582.0 68.0 cerraduras de bany a de dimoni,

1151.0 632.0 766.0 91.0 y un dit de peu del porch de Sant Antoni;

1148.0 697.0 569.0 61.0 Una ánima de canti brassejada

1151.0 740.0 602.0 66.0 y un taló de Dulcinea encantada:

1153.0 786.0 580.0 58.0 Lo cor de la donsella Altisidora,

1151.0 821.0 627.0 66.0 lo vas de las desditxas de Pandora,

1153.0 864.0 607.0 68.0 la ínsula del gran Sanxo Pansa,

1148.0 912.0 567.0 63.0 y de la diosa Astrea la balansa:

1153.0 955.0 625.0 63.0 Un eclipse de Sol y altre de Lluna,

1151.0 998.0 536.0 58.0 y la roda velós de la Fortuna:

1153.0 1031.0 739.0 71.0 Del mal lladre un calsó del peu esquerra,

1151.0 1082.0 642.0 55.0 tot junt ab las entrañas de la terra:

1151.0 1114.0 726.0 69.0 Tres pels de ous y quatre bees de cigala

1148.0 1168.0 681.0 60.0 y del infern un tros del ampla escala;

1151.0 1206.0 627.0 63.0 Del gran Cit la punta de la espasa,

1153.0 1254.0 547.0 58.0 y de Balám las orellas del asa:

1148.0 1286.0 676.0 66.0 Tot aixó ho posarás dins de una sitja;

1146.0 1329.0 637.0 64.0 que casi será plena ó mes de'mitja:

1151.0 1357.0 756.0 81.0 Després pren los batalls de mil campanas,

1148.0 1418.0 739.0 68.0 y exprement llurs arterias y membranas,

1148.0 1461.0 623.0 58.0 lo such que rajará de esta manera,

1151.0 1501.0 708.0 66.0 junt ab lo que has deixat en la caldera;

1146.0 1547.0 746.0 58.0 prenent lo trident del Deu peix Neptuno,

1146.0 1585.0 617.0 60.0 ó la porra del jegant Melambruno,

1148.0 1630.0 630.0 58.0 remenau per espay de quince dias.

1146.0 1673.0 635.0 58.0 cesant sols per las tres Ave-Marías:

1156.0 1711.0 703.0 61.0 Y tancat tot dins de uns grans armaris

1153.0 1757.0 701.0 63.0 que están dintre los espays imaginaris,

1176.0 1797.0 660.0 66.0 ho deixarás dos anys y quatre mesos;

1148.0 1840.0 658.0 63.0 y anant després ab mil ciris encesos

1146.0 1883.0 665.0 56.0 en lo primer Diumenge de Setembre

1158.0 1919.0 592.0 68.0 aplícau en lo tercer de Desembre,

1153.0 1956.0 653.0 71.0 ahont ton cos tindrá major dolencia,

1148.0 2007.0 623.0 88.0 y veurás del remey la esperiencia.

1621.0 2063.0 228.0 106.0 Es propietat.
