1860 2629
511.0 1253.0 647.0 87.0 DÉCIMAS

133.0 1301.0 1340.0 90.0 compuestas por un reo estando en capilla en la ciudad de Sevilla,

355 1362 912 77 llamado Vicente Perez, corneta de la Habana.

173 1419 458 77 En amarga oscuridad

127 1465 546 79 lloro un bien que no poseo,

127 1529 463 61 que sin libertad me veo

125 1573 473 59 en lo mejor de mi edad.

179 1623 446 66 Apenas sale la aurora

120 1665 513 65 cuando alegre la mañana

129 1724 491 54 consuela de buena gana

125 1772 517 55 á quien tan triste la llora;

129 1811 616 95 yo os suplico ¡oh gran Señora!

122 1862 446 68 solo por ver claridad,

127 1906 493 67 que en triste infelicidad

120 1965 540 65 contempla la dicha agena,

125 2006 434 68 yo solo lloro la pena

125 2057 456 68 en amarga oscuridad.

182 2114 403 57 Apenas nace la rosa

120 2155 456 64 repartiendo sus olores

120 2203 511 62 aunque cercada de flores

120 2247 459 66 ella es la mas olorosa;

127 2309 489 54 como se vé tan hermosa

127 2348 445 64 yo tan solo no la veo,

120 2401 487 59 porque soy aquel trofeo

120 2442 522 101 donde reinan los pesares,

820 1421 553 75 hechos mis ojos dos mares

822 1489 542 57 lloro un bien que no poseo.

872 1533 472 64 Nace tambien el clavel

815 1581 476 64 oloroso en abundancia,

818 1627 522 68 y por su mucha fragancia

820 1669 546 68 lo cortan si está en su ser,

826 1728 472 66 pero tiene aquel placer

820 1781 548 54 de rematar con su empleo;

815 1822 542 62 mas yo con mi buen deseo

820 1870 491 62 de dejar en pie la mata,

818 1914 550 66 lloro aqui mi suerte ingrata

811 1967 478 72 que sin libertad me veo.

862 2006 541 86 Nace el ave en la montaña

815 2061 481 70 y en la campiña florida,

813 2109 437 59 como se ve divertida

813 2147 516 87 solo el cazador la engaña;

820 2206 471 70 gozando de la campaña

815 2254 501 81 con su amante sin cesar,

820 2304 386 73 goza de su libertad

815 2346 527 88 cantando alegre y festivo;

815 2409 452 57 solo yo soy el cautivo

818 2447 484 122 en lo mejor de mi edad.

1083 315 265 70 (Núm. 235.)
