1860 2629
98 690 1529 111 TROVOS Y GLOSAS DISCRETAS, QUE PARA EXPLICAR

105 749 1529 101 sus penas cantaba un amante despreciado, cuando se divertia

254 804 1208 87 con sus amigos ; compuestos por D. Zeferino Zepol,

633 860 463 88 natural de Audujar.

85 933 573 94 I. El corazon se me parte

127 1005 515 77 de dolor y sentimiento,

127 1051 649 81 viendo que estás en el mundo

120 1104 614 83 y para mí ya te has muerto.

184 1158 581 82 Todo mi intento fué amarte,

118 1211 467 77 nunca te pude vencer,

114 1261 592 84 por mas que quise adorarte,

114 1321 467 67 al verte en otro poder

111 1358 498 79 el corazon se me parte.

166 1408 595 92 Ya para mi no hay contento,

109 1465 522 83 yo no tendré ya alegria,

109 1522 570 75 con mucho dolor lo siento,

103 1568 491 81 penaré de noche y dia

103 1627 506 68 de dolor y sentimiento.

144 1673 562 84 Siempre me veo iracundo,

94 1713 500 83 metido en triste penar.

92 1770 555 92 con harta razon me fundo,

89 1833 439 73 de no poderte gozar

85 1875 643 79 viendo que estás en el mundo.

144 1925 573 86 Tengan el sepulero abierto,

83 1987 592 81 por todo el orbe se escriba,

81 2037 623 79 al ver que la muerte acierto,

81 2081 577 83 viendo que tú te estás viva

78 2142 619 77 y para mi ya te has muerto.

24 2182 592 92 II. Cuantas veces lloraras,

70 2243 581 88 cuando no tendrá remedio,

67 2291 446 83 me verás y te veré,

61 2348 539 219 pero no nos habloremos.

973 957 446 83 De otro te enamorás,

919 1018 533 81 dandome á mi que sentir,

916 1073 478 74 gusto en todo le darás

919 1130 533 79 y viendome á mi afligir,

912 1174 487 81 cuantas veces llorarás.

962 1222 551 96 Si mi amor te causa tedio

908 1283 460 70 prometo se ausentará,

905 1329 514 81 pero tu buscarás medio,

901 1378 511 74 que yo te quiera y será

897 1428 537 94 cuando no tenga remedio.

949 1491 325 73 Afligido viviré

894 1535 525 92 si me desprecia tu amor,

892 1588 386 85 agena te juzgaré,

890 1645 551 76 y para mayor mayor dolor

881 1702 415 68 me verás y te veré.

940 1746 566 87 Nuestros tratos perderemos

890 1792 564 98 cuando séas de otro esposa,

883 1857 540 75 y algun dia nos veremos,

886 1895 500 92 yo sin dicha y tu dicha,

881 1956 505 83 pero no nos hablaremos.

824 1998 715 105 III. ¡O quién de amor, no supiera!

872 2074 509 64 para no liegar á amarte,

875 2107 535 88 porque sino ha de gozarte

864 2166 577 81 de que sirve que te quiera.

916 2214 483 75 Jamas fino me rindiera

864 2254 526 98 á tu prendas ¡ay de mí!

855 2322 537 79 te estimo en tarra manera

864 2366 438 111 como certifico aqui,
