1860 2629
579.0 1419.0 640.0 112.0 CANTARELLAS

129.0 1535.0 1540.0 108.0 que 's feren en lo en lo any 1709 en la magnifica cort de Porque¬

190.0 1605.0 1481.0 86.0 ras ab ocasió del casament entre Botifiló y la Tia Cols, las que

129.0 1662.0 1430.0 110.0 foren cantadas ab música y acompanyament obligat de figli.

594.0 1781.0 643.0 87.0 ARA NOVAMENT REIMPRESAS.

186.0 2013.0 428.0 92.0 Sent maçiças veritats

138.0 2092.0 478.0 65.0 Las bodas de 'n Botifló;

142.0 2144.0 415.0 73.0 Ab desitj voldria jo

142.0 2195.0 502.0 70.0 Serne un dels convidats.

197.0 2239.0 535.0 76.0 Ha de haberhi gran convit

144.0 2293.0 483.0 70.0 Lo dia d' aquesta boda,

144.0 2352.0 601.0 106.0 Puig sortirá un plat de moda

925.0 2008.0 551.0 95.0 Ab cap y peus de mosquit:

927.0 2076.0 489.0 66.0 No hi faltarán escarbats

927.0 2118.0 599.0 83.0 D aquells que fan gran pudó.

982.0 2179.0 480.0 70.0 De manxiulas de malalt

932.0 2239.0 544.0 72.0 Portarán las grossas bledas

934.0 2289.0 557.0 72.0 Las que servirán ben fredas

929.0 2337.0 558.0 94.0 A dins d' un tap de barral;
