<?xml version="1.0" encoding="UTF-8"?>
<alto xmlns:xsi="http://www.w3.org/2001/XMLSchema-instance"
      xmlns="http://www.loc.gov/standards/alto/ns-v4#"
      xsi:schemaLocation="http://www.loc.gov/standards/alto/ns-v4# http://www.loc.gov/standards/alto/v4/alto-4-2.xsd">
  <Description>
    <MeasurementUnit>pixel</MeasurementUnit>
    <sourceImageInformation>
      <fileName>Varios_068_2.jpg</fileName>
      
    </sourceImageInformation>
  </Description>
  
  <Tags>
    <OtherTag ID="BT221" LABEL="CustomZone:impresorNum" DESCRIPTION="block type CustomZone:impresorNum"/><OtherTag ID="BT222" LABEL="CustomZone:numero_pliego" DESCRIPTION="block type CustomZone:numero_pliego"/><OtherTag ID="BT223" LABEL="CustomZone:title" DESCRIPTION="block type CustomZone:title"/><OtherTag ID="BT224" LABEL="GraphicZone:illustration" DESCRIPTION="block type GraphicZone:illustration"/><OtherTag ID="BT225" LABEL="GraphicZone:ornamentation" DESCRIPTION="block type GraphicZone:ornamentation"/><OtherTag ID="BT226" LABEL="MainZone" DESCRIPTION="block type MainZone"/><OtherTag ID="BT227" LABEL="MainZone:columns" DESCRIPTION="block type MainZone:columns"/><OtherTag ID="BT228" LABEL="MarginTextZone:colophon" DESCRIPTION="block type MarginTextZone:colophon"/><OtherTag ID="BT229" LABEL="MarginTextZone:note" DESCRIPTION="block type MarginTextZone:note"/><OtherTag ID="BT230" LABEL="MusicZone" DESCRIPTION="block type MusicZone"/><OtherTag ID="BT231" LABEL="NumberingZone:page" DESCRIPTION="block type NumberingZone:page"/><OtherTag ID="BT232" LABEL="QuireMarksZone:catchwords" DESCRIPTION="block type QuireMarksZone:catchwords"/><OtherTag ID="BT233" LABEL="QuireMarksZone:signature" DESCRIPTION="block type QuireMarksZone:signature"/><OtherTag ID="BT234" LABEL="RunningTitleZone" DESCRIPTION="block type RunningTitleZone"/>
    <OtherTag ID="LT81" LABEL="CustomLine:propriedad" DESCRIPTION="line type CustomLine:propriedad"/><OtherTag ID="LT82" LABEL="CustomLine:trailer" DESCRIPTION="line type CustomLine:trailer"/><OtherTag ID="LT83" LABEL="DefaultLine" DESCRIPTION="line type DefaultLine"/><OtherTag ID="LT84" LABEL="HeadingLine" DESCRIPTION="line type HeadingLine"/>
  </Tags>
  
  <Layout>
    <Page WIDTH="1753"
          HEIGHT="2480"
          PHYSICAL_IMG_NR="265"
          ID="eSc_dummypage_">
      <PrintSpace HPOS="0"
                  VPOS="0"
                  WIDTH="1753"
                  HEIGHT="2480">
        
        <TextBlock HPOS="74.0"
                   VPOS="107.0"
                   WIDTH="577.0"
                   HEIGHT="188.0"
                   ID="eSc_textblock_5b2d376e"
                   TAGREFS="BT227">
          <Shape><Polygon POINTS="651 155 568 181 543 295 74 295 74 148 107 107 642 107"/></Shape>
          
          
          <TextLine ID="eSc_line_db7dea93"
                    TAGREFS="LT83"
                    BASELINE="107 140 648 140" 
                    HPOS="99.0"
                    VPOS="99.0"
                    WIDTH="548.0"
                    HEIGHT="68.0">
            <Shape><Polygon POINTS="105 138 105 99 647 99 647 138 644 167 427 150 388 159 376 161 376 161 376 161 374 161 245 155 210 167 210 167 208 167 208 167 206 167 206 167 206 167 204 167 204 167 202 167 202 167 202 165 186 150 183 150 179 150 124 161 124 161 121 161 121 161 121 161 119 161 119 161 119 161 117 161 99 148"/></Shape>
	    <String CONTENT="Sus quejas llegué a entender"
                    HPOS="99.0"
                    VPOS="99.0"
                    WIDTH="548.0"
                    HEIGHT="68.0"></String>
          </TextLine>

          
          
          <TextLine ID="eSc_line_fc0b5bc4"
                    TAGREFS="LT83"
                    BASELINE="74 177 485 175" 
                    HPOS="72.0"
                    VPOS="142.0"
                    WIDTH="413.0"
                    HEIGHT="46.0">
            <Shape><Polygon POINTS="74 177 72 142 481 144 485 175 483 186 74 188"/></Shape>
	    <String CONTENT="de una pícara traidora"
                    HPOS="72.0"
                    VPOS="142.0"
                    WIDTH="413.0"
                    HEIGHT="46.0"></String>
          </TextLine>

          
          
          <TextLine ID="eSc_line_6293be96"
                    TAGREFS="LT83"
                    BASELINE="76 212 525 208" 
                    HPOS="72.0"
                    VPOS="169.0"
                    WIDTH="453.0"
                    HEIGHT="56.0">
            <Shape><Polygon POINTS="76 212 72 179 518 169 525 208 520 225 74 223"/></Shape>
	    <String CONTENT="que tan falsa vino a ser"
                    HPOS="72.0"
                    VPOS="169.0"
                    WIDTH="453.0"
                    HEIGHT="56.0"></String>
          </TextLine>

          
          
          <TextLine ID="eSc_line_42882aca"
                    TAGREFS="LT83"
                    BASELINE="76 250 558 245" 
                    HPOS="74.0"
                    VPOS="210.0"
                    WIDTH="484.0"
                    HEIGHT="56.0">
            <Shape><Polygon POINTS="76 250 74 210 554 214 558 245 556 254 76 266"/></Shape>
	    <String CONTENT="pensaba a todas las horas"
                    HPOS="74.0"
                    VPOS="210.0"
                    WIDTH="484.0"
                    HEIGHT="56.0"></String>
          </TextLine>

          
          
          <TextLine ID="eSc_line_750a3fb6"
                    TAGREFS="LT83"
                    BASELINE="76 285 516 283" 
                    HPOS="72.0"
                    VPOS="252.0"
                    WIDTH="444.0"
                    HEIGHT="51.0">
            <Shape><Polygon POINTS="76 285 72 254 510 252 516 283 514 303 76 303"/></Shape>
	    <String CONTENT="siempre por esta mujer."
                    HPOS="72.0"
                    VPOS="252.0"
                    WIDTH="444.0"
                    HEIGHT="51.0"></String>
          </TextLine>

          
        </TextBlock>
        
        <TextBlock HPOS="74.0"
                   VPOS="322.0"
                   WIDTH="494.0"
                   HEIGHT="188.0"
                   ID="eSc_textblock_315c0b2d"
                   TAGREFS="BT227">
          <Shape><Polygon POINTS="568 411 527 493 568 510 74 510 74 363 124 322 543 322"/></Shape>
          
          
          <TextLine ID="eSc_line_7f847e6d"
                    TAGREFS="LT83"
                    BASELINE="107 361 556 361" 
                    HPOS="107.0"
                    VPOS="299.0"
                    WIDTH="449.0"
                    HEIGHT="75.0">
            <Shape><Polygon POINTS="107 361 107 322 140 322 142 320 161 303 161 303 163 303 163 303 163 303 165 303 165 303 167 303 167 303 167 303 169 303 169 303 202 318 214 324 339 324 349 314 349 312 349 312 351 312 351 312 351 312 353 312 353 312 353 312 355 312 355 312 355 312 355 312 403 320 417 307 425 301 425 299 425 299 427 299 427 299 427 299 429 299 429 299 432 299 556 303 556 361 556 374 107 374"/></Shape>
	    <String CONTENT="Pronto a perder mi vioa"
                    HPOS="107.0"
                    VPOS="299.0"
                    WIDTH="449.0"
                    HEIGHT="75.0"></String>
          </TextLine>

          
          
          <TextLine ID="eSc_line_5fa341f4"
                    TAGREFS="LT83"
                    BASELINE="74 398 491 398" 
                    HPOS="72.0"
                    VPOS="357.0"
                    WIDTH="419.0"
                    HEIGHT="54.0">
            <Shape><Polygon POINTS="74 398 74 357 491 365 491 398 489 411 72 407"/></Shape>
	    <String CONTENT="mi flero valor mostré,"
                    HPOS="72.0"
                    VPOS="357.0"
                    WIDTH="419.0"
                    HEIGHT="54.0"></String>
          </TextLine>

          
          
          <TextLine ID="eSc_line_52cfd39f"
                    TAGREFS="LT83"
                    BASELINE="76 434 543 427" 
                    HPOS="74.0"
                    VPOS="398.0"
                    WIDTH="469.0"
                    HEIGHT="48.0">
            <Shape><Polygon POINTS="76 434 74 398 539 398 543 427 543 436 76 446"/></Shape>
	    <String CONTENT="y al lograr lo que quería"
                    HPOS="74.0"
                    VPOS="398.0"
                    WIDTH="469.0"
                    HEIGHT="48.0"></String>
          </TextLine>

          
          
          <TextLine ID="eSc_line_19fafb26"
                    TAGREFS="LT83"
                    BASELINE="76 469 475 465" 
                    HPOS="72.0"
                    VPOS="431.0"
                    WIDTH="403.0"
                    HEIGHT="48.0">
            <Shape><Polygon POINTS="76 469 72 436 469 431 475 465 473 477 76 479"/></Shape>
	    <String CONTENT="una noche me marché"
                    HPOS="72.0"
                    VPOS="431.0"
                    WIDTH="403.0"
                    HEIGHT="48.0"></String>
          </TextLine>

          
          
          <TextLine ID="eSc_line_1d6caa5f"
                    TAGREFS="LT83"
                    BASELINE="76 500 487 506" 
                    HPOS="74.0"
                    VPOS="465.0"
                    WIDTH="413.0"
                    HEIGHT="55.0">
            <Shape><Polygon POINTS="76 500 76 465 485 465 487 506 483 520 345 510 245 518 229 518 227 518 227 518 227 518 225 518 225 518 223 518 223 518 223 518 208 508 74 514"/></Shape>
	    <String CONTENT="más al ver su tirant́a"
                    HPOS="74.0"
                    VPOS="465.0"
                    WIDTH="413.0"
                    HEIGHT="55.0"></String>
          </TextLine>

          
        </TextBlock>
        
        <TextBlock HPOS="74.0"
                   VPOS="529.0"
                   WIDTH="560.0"
                   HEIGHT="204.0"
                   ID="eSc_textblock_940a7d71"
                   TAGREFS="BT227">
          <Shape><Polygon POINTS="74 553 124 529 568 537 576 626 626 644 634 684 570 700 585 717 386 733 82 725"/></Shape>
          
          
          <TextLine ID="eSc_line_67751cee"
                    TAGREFS="LT83"
                    BASELINE="103 572 564 572" 
                    HPOS="103.0"
                    VPOS="510.0"
                    WIDTH="461.0"
                    HEIGHT="83.0">
            <Shape><Polygon POINTS="103 572 105 522 150 535 165 522 179 510 179 510 181 510 181 510 181 510 183 510 183 510 186 510 310 510 310 510 310 510 312 510 312 510 312 510 314 510 336 527 349 535 562 533 564 572 562 593 465 582 103 584"/></Shape>
	    <String CONTENT="Con mi trabuco me entré"
                    HPOS="103.0"
                    VPOS="510.0"
                    WIDTH="461.0"
                    HEIGHT="83.0"></String>
          </TextLine>

          
          
          <TextLine ID="eSc_line_8e18ba07"
                    TAGREFS="LT83"
                    BASELINE="76 607 498 605" 
                    HPOS="72.0"
                    VPOS="574.0"
                    WIDTH="426.0"
                    HEIGHT="48.0">
            <Shape><Polygon POINTS="76 607 72 576 491 574 498 605 494 622 74 615"/></Shape>
	    <String CONTENT="a la casa donde amaba"
                    HPOS="72.0"
                    VPOS="574.0"
                    WIDTH="426.0"
                    HEIGHT="48.0"></String>
          </TextLine>

          
          
          <TextLine ID="eSc_line_651f8522"
                    TAGREFS="LT83"
                    BASELINE="74 642 471 642" 
                    HPOS="72.0"
                    VPOS="605.0"
                    WIDTH="399.0"
                    HEIGHT="52.0">
            <Shape><Polygon POINTS="74 642 72 609 469 605 471 642 469 657 72 653"/></Shape>
	    <String CONTENT="y su marido encontré"
                    HPOS="72.0"
                    VPOS="605.0"
                    WIDTH="399.0"
                    HEIGHT="52.0"></String>
          </TextLine>

          
          
          <TextLine ID="eSc_line_098986b6"
                    TAGREFS="LT83"
                    BASELINE="74 679 624 673" 
                    HPOS="70.0"
                    VPOS="636.0"
                    WIDTH="554.0"
                    HEIGHT="70.0">
            <Shape><Polygon POINTS="74 679 70 642 618 636 624 673 624 704 446 706 444 706 444 706 442 706 442 706 442 706 440 706 440 706 440 704 436 702 419 688 74 694"/></Shape>
	    <String CONTENT="que los dos cenando esbaban"
                    HPOS="70.0"
                    VPOS="636.0"
                    WIDTH="554.0"
                    HEIGHT="70.0"></String>
          </TextLine>

          
          
          <TextLine ID="eSc_line_e6f6db5f"
                    TAGREFS="LT83"
                    BASELINE="74 713 438 710" 
                    HPOS="70.0"
                    VPOS="677.0"
                    WIDTH="368.0"
                    HEIGHT="54.0">
            <Shape><Polygon POINTS="74 713 70 679 432 677 438 710 434 731 72 729"/></Shape>
	    <String CONTENT="cenganza determiné."
                    HPOS="70.0"
                    VPOS="677.0"
                    WIDTH="368.0"
                    HEIGHT="54.0"></String>
          </TextLine>

          
        </TextBlock>
        
        <TextBlock HPOS="74.0"
                   VPOS="925.0"
                   WIDTH="568.0"
                   HEIGHT="188.0"
                   ID="eSc_textblock_f3adeab2"
                   TAGREFS="BT227">
          <Shape><Polygon POINTS="578 1099 642 1105 82 1113 74 942 103 925 517 925 593 950 543 967 535 1056"/></Shape>
          
          
          <TextLine ID="eSc_line_98a1b5be"
                    TAGREFS="LT83"
                    BASELINE="109 781 562 781" 
                    HPOS="109.0"
                    VPOS="737.0"
                    WIDTH="453.0"
                    HEIGHT="56.0">
            <Shape><Polygon POINTS="109 781 109 737 562 739 562 781 562 793 109 793"/></Shape>
	    <String CONTENT="Vengo a quitarte la vida"
                    HPOS="109.0"
                    VPOS="737.0"
                    WIDTH="453.0"
                    HEIGHT="56.0"></String>
          </TextLine>

          
          
          <TextLine ID="eSc_line_08559174"
                    TAGREFS="LT83"
                    BASELINE="72 812 460 816" 
                    HPOS="68.0"
                    VPOS="770.0"
                    WIDTH="392.0"
                    HEIGHT="62.0">
            <Shape><Polygon POINTS="72 812 72 770 458 783 460 816 456 832 68 826"/></Shape>
	    <String CONTENT="delante de tu marido,"
                    HPOS="68.0"
                    VPOS="770.0"
                    WIDTH="392.0"
                    HEIGHT="62.0"></String>
          </TextLine>

          
          
          <TextLine ID="eSc_line_af887908"
                    TAGREFS="LT83"
                    BASELINE="74 853 454 849" 
                    HPOS="70.0"
                    VPOS="818.0"
                    WIDTH="384.0"
                    HEIGHT="45.0">
            <Shape><Polygon POINTS="74 853 70 822 448 818 454 849 452 863 74 863"/></Shape>
	    <String CONTENT="y pagaré con la mía"
                    HPOS="70.0"
                    VPOS="818.0"
                    WIDTH="384.0"
                    HEIGHT="45.0"></String>
          </TextLine>

          
          
          <TextLine ID="eSc_line_4c796e1c"
                    TAGREFS="LT83"
                    BASELINE="74 888 520 884" 
                    HPOS="68.0"
                    VPOS="845.0"
                    WIDTH="452.0"
                    HEIGHT="64.0">
            <Shape><Polygon POINTS="74 888 68 857 95 845 95 845 95 845 97 845 97 845 99 845 516 851 520 884 518 894 295 907 293 907 233 905 111 899 76 909"/></Shape>
	    <String CONTENT="si acaso algún atrevúdlo."
                    HPOS="68.0"
                    VPOS="845.0"
                    WIDTH="452.0"
                    HEIGHT="64.0"></String>
          </TextLine>

          
          
          <TextLine ID="eSc_line_6c9302c3"
                    TAGREFS="LT83"
                    BASELINE="107 958 487 954" 
                    HPOS="101.0"
                    VPOS="894.0"
                    WIDTH="386.0"
                    HEIGHT="75.0">
            <Shape><Polygon POINTS="107 958 101 913 152 896 155 896 155 896 155 896 157 896 157 896 159 896 159 896 159 896 183 909 186 911 235 911 239 907 254 896 256 896 256 896 256 896 258 896 258 896 258 896 260 896 260 896 260 896 262 896 262 896 264 896 281 907 287 909 336 909 341 905 349 896 349 894 349 894 351 894 351 894 351 894 353 894 353 894 355 894 483 901 487 954 483 969 105 967"/></Shape>
	    <String CONTENT="Llorobe la peregrína"
                    HPOS="101.0"
                    VPOS="894.0"
                    WIDTH="386.0"
                    HEIGHT="75.0"></String>
          </TextLine>

          
          
          <TextLine ID="eSc_line_72239811"
                    TAGREFS="LT83"
                    BASELINE="74 992 525 992" 
                    HPOS="72.0"
                    VPOS="948.0"
                    WIDTH="453.0"
                    HEIGHT="62.0">
            <Shape><Polygon POINTS="74 992 76 948 117 958 523 952 525 992 523 1010 72 1006"/></Shape>
	    <String CONTENT="al sentir estas palabras,"
                    HPOS="72.0"
                    VPOS="948.0"
                    WIDTH="453.0"
                    HEIGHT="62.0"></String>
          </TextLine>

          
          
          <TextLine ID="eSc_line_b41e0f42"
                    TAGREFS="LT83"
                    BASELINE="74 1029 463 1029" 
                    HPOS="72.0"
                    VPOS="994.0"
                    WIDTH="391.0"
                    HEIGHT="51.0">
            <Shape><Polygon POINTS="74 1029 74 994 463 994 463 1029 460 1045 72 1037"/></Shape>
	    <String CONTENT="detente traidor tu ira"
                    HPOS="72.0"
                    VPOS="994.0"
                    WIDTH="391.0"
                    HEIGHT="51.0"></String>
          </TextLine>

          
          
          <TextLine ID="eSc_line_b05a212d"
                    TAGREFS="LT83"
                    BASELINE="76 1062 487 1062" 
                    HPOS="74.0"
                    VPOS="1023.0"
                    WIDTH="413.0"
                    HEIGHT="51.0">
            <Shape><Polygon POINTS="76 1062 76 1023 487 1033 487 1062 485 1074 74 1070"/></Shape>
	    <String CONTENT="le di cinco puñaladas"
                    HPOS="74.0"
                    VPOS="1023.0"
                    WIDTH="413.0"
                    HEIGHT="51.0"></String>
          </TextLine>

          
          
          <TextLine ID="eSc_line_2adfd17c"
                    TAGREFS="LT83"
                    BASELINE="74 1101 539 1097" 
                    HPOS="70.0"
                    VPOS="1020.0"
                    WIDTH="469.0"
                    HEIGHT="102.0">
            <Shape><Polygon POINTS="74 1101 70 1023 533 1020 539 1097 537 1107 318 1120 316 1120 316 1120 316 1120 314 1120 314 1120 314 1120 312 1120 312 1120 312 1118 303 1111 301 1109 297 1111 268 1122 268 1122 266 1122 266 1122 264 1122 72 1113"/></Shape>
	    <String CONTENT="tengo grcularbefa anda"
                    HPOS="70.0"
                    VPOS="1020.0"
                    WIDTH="469.0"
                    HEIGHT="102.0"></String>
          </TextLine>

          
        </TextBlock>
        
        <TextBlock HPOS="74.0"
                   VPOS="1124.0"
                   WIDTH="519.0"
                   HEIGHT="196.0"
                   ID="eSc_textblock_d89c5bcf"
                   TAGREFS="BT227">
          <Shape><Polygon POINTS="576 1132 593 1171 551 1198 535 1304 585 1312 82 1320 74 1157 132 1124"/></Shape>
          
          
          <TextLine ID="eSc_line_1aaccd51"
                    TAGREFS="LT83"
                    BASELINE="107 1167 574 1161" 
                    HPOS="105.0"
                    VPOS="1118.0"
                    WIDTH="469.0"
                    HEIGHT="74.0">
            <Shape><Polygon POINTS="107 1167 105 1124 254 1134 568 1118 574 1161 574 1192 483 1192 481 1190 481 1190 479 1190 479 1190 473 1188 434 1171 398 1186 392 1188 392 1188 390 1188 390 1188 390 1188 388 1188 105 1175"/></Shape>
	    <String CONTENT="Su esposo quedó rendido"
                    HPOS="105.0"
                    VPOS="1118.0"
                    WIDTH="469.0"
                    HEIGHT="74.0"></String>
          </TextLine>

          
          
          <TextLine ID="eSc_line_5199b651"
                    TAGREFS="LT83"
                    BASELINE="76 1202 485 1198" 
                    HPOS="72.0"
                    VPOS="1161.0"
                    WIDTH="413.0"
                    HEIGHT="52.0">
            <Shape><Polygon POINTS="76 1202 72 1173 155 1161 155 1161 157 1161 481 1169 485 1198 483 1209 76 1213"/></Shape>
	    <String CONTENT="me miraba como flera"
                    HPOS="72.0"
                    VPOS="1161.0"
                    WIDTH="413.0"
                    HEIGHT="52.0"></String>
          </TextLine>

          
          
          <TextLine ID="eSc_line_604c80cb"
                    TAGREFS="LT83"
                    BASELINE="74 1237 520 1237" 
                    HPOS="72.0"
                    VPOS="1202.0"
                    WIDTH="448.0"
                    HEIGHT="48.0">
            <Shape><Polygon POINTS="74 1237 74 1202 520 1204 520 1237 518 1250 72 1246"/></Shape>
	    <String CONTENT="sin color y sin sentidos,"
                    HPOS="72.0"
                    VPOS="1202.0"
                    WIDTH="448.0"
                    HEIGHT="48.0"></String>
          </TextLine>

          
          
          <TextLine ID="eSc_line_c1c69261"
                    TAGREFS="LT83"
                    BASELINE="74 1273 527 1273" 
                    HPOS="74.0"
                    VPOS="1240.0"
                    WIDTH="453.0"
                    HEIGHT="43.0">
            <Shape><Polygon POINTS="74 1273 74 1240 527 1240 527 1273 527 1283 74 1283"/></Shape>
	    <String CONTENT="cuando ella cayó muerta"
                    HPOS="74.0"
                    VPOS="1240.0"
                    WIDTH="453.0"
                    HEIGHT="43.0"></String>
          </TextLine>

          
          
          <TextLine ID="eSc_line_60c50430"
                    TAGREFS="LT83"
                    BASELINE="74 1308 479 1308" 
                    HPOS="74.0"
                    VPOS="1275.0"
                    WIDTH="405.0"
                    HEIGHT="49.0">
            <Shape><Polygon POINTS="74 1308 74 1275 479 1275 479 1308 479 1322 74 1324"/></Shape>
	    <String CONTENT="delante de su marido."
                    HPOS="74.0"
                    VPOS="1275.0"
                    WIDTH="405.0"
                    HEIGHT="49.0"></String>
          </TextLine>

          
        </TextBlock>
        
        <TextBlock HPOS="74.0"
                   VPOS="1778.0"
                   WIDTH="486.0"
                   HEIGHT="154.0"
                   ID="eSc_textblock_08ec54f2"
                   TAGREFS="BT227">
          <Shape><Polygon POINTS="560 1793 560 1932 74 1924 90 1793 228 1778 513 1778"/></Shape>
          
          
          <TextLine ID="eSc_line_aa358dbb"
                    TAGREFS="LT83"
                    BASELINE="107 1382 535 1382" 
                    HPOS="105.0"
                    VPOS="1330.0"
                    WIDTH="430.0"
                    HEIGHT="65.0">
            <Shape><Polygon POINTS="107 1382 105 1341 429 1330 432 1330 432 1330 535 1343 535 1382 535 1395 107 1395"/></Shape>
	    <String CONTENT="Aquí acabó mi alegría"
                    HPOS="105.0"
                    VPOS="1330.0"
                    WIDTH="430.0"
                    HEIGHT="65.0"></String>
          </TextLine>

          
          
          <TextLine ID="eSc_line_fee55c7c"
                    TAGREFS="LT83"
                    BASELINE="74 1417 491 1417" 
                    HPOS="72.0"
                    VPOS="1376.0"
                    WIDTH="419.0"
                    HEIGHT="58.0">
            <Shape><Polygon POINTS="74 1417 74 1376 491 1384 491 1417 489 1434 72 1426"/></Shape>
	    <String CONTENT="dije luego, soy perdido,"
                    HPOS="72.0"
                    VPOS="1376.0"
                    WIDTH="419.0"
                    HEIGHT="58.0"></String>
          </TextLine>

          
          
          <TextLine ID="eSc_line_9d4d74ab"
                    TAGREFS="LT83"
                    BASELINE="74 1452 460 1452" 
                    HPOS="74.0"
                    VPOS="1419.0"
                    WIDTH="386.0"
                    HEIGHT="48.0">
            <Shape><Polygon POINTS="74 1452 74 1419 460 1419 460 1452 460 1467 74 1467"/></Shape>
	    <String CONTENT="sin decir Ave María,"
                    HPOS="74.0"
                    VPOS="1419.0"
                    WIDTH="386.0"
                    HEIGHT="48.0"></String>
          </TextLine>

          
          
          <TextLine ID="eSc_line_ecac5493"
                    TAGREFS="LT83"
                    BASELINE="74 1488 560 1483" 
                    HPOS="70.0"
                    VPOS="1444.0"
                    WIDTH="490.0"
                    HEIGHT="58.0">
            <Shape><Polygon POINTS="74 1488 70 1457 554 1444 560 1483 558 1502 72 1496"/></Shape>
	    <String CONTENT="de un tiro maté al marido"
                    HPOS="70.0"
                    VPOS="1444.0"
                    WIDTH="490.0"
                    HEIGHT="58.0"></String>
          </TextLine>

          
          
          <TextLine ID="eSc_line_627f7878"
                    TAGREFS="LT83"
                    BASELINE="76 1525 479 1521" 
                    HPOS="72.0"
                    VPOS="1488.0"
                    WIDTH="411.0"
                    HEIGHT="53.0">
            <Shape><Polygon POINTS="76 1525 72 1490 473 1488 479 1521 483 1529 469 1541 469 1541 467 1541 467 1541 467 1541 465 1541 465 1541 463 1541 74 1537"/></Shape>
	    <String CONTENT="yo pagaré con la mía."
                    HPOS="72.0"
                    VPOS="1488.0"
                    WIDTH="411.0"
                    HEIGHT="53.0"></String>
          </TextLine>

          
          
          <TextLine ID="eSc_line_a911eed2"
                    TAGREFS="LT83"
                    BASELINE="107 1601 533 1595" 
                    HPOS="103.0"
                    VPOS="1535.0"
                    WIDTH="430.0"
                    HEIGHT="85.0">
            <Shape><Polygon POINTS="107 1601 103 1552 183 1539 183 1539 186 1539 186 1539 186 1539 188 1539 225 1550 241 1537 243 1537 243 1537 243 1537 245 1537 245 1537 248 1537 248 1537 248 1537 250 1537 250 1537 250 1537 252 1537 268 1550 270 1552 376 1552 376 1550 386 1537 388 1537 388 1535 388 1535 390 1535 390 1535 390 1535 392 1535 392 1535 394 1535 394 1535 529 1550 533 1595 531 1612 107 1620"/></Shape>
	    <String CONTENT="Salí con mi trabuquino"
                    HPOS="103.0"
                    VPOS="1535.0"
                    WIDTH="430.0"
                    HEIGHT="85.0"></String>
          </TextLine>

          
          
          <TextLine ID="eSc_line_30b1f614"
                    TAGREFS="LT83"
                    BASELINE="76 1636 593 1632" 
                    HPOS="74.0"
                    VPOS="1597.0"
                    WIDTH="519.0"
                    HEIGHT="60.0">
            <Shape><Polygon POINTS="76 1636 74 1597 589 1601 593 1632 589 1647 214 1647 200 1655 198 1657 196 1657 196 1657 196 1657 194 1657 194 1657 192 1657 192 1657 167 1655 95 1647 80 1657"/></Shape>
	    <String CONTENT="y un gran grupo que decía :"
                    HPOS="74.0"
                    VPOS="1597.0"
                    WIDTH="519.0"
                    HEIGHT="60.0"></String>
          </TextLine>

          
          
          <TextLine ID="eSc_line_398661a7"
                    TAGREFS="LT83"
                    BASELINE="74 1671 481 1671" 
                    HPOS="74.0"
                    VPOS="1640.0"
                    WIDTH="407.0"
                    HEIGHT="44.0">
            <Shape><Polygon POINTS="74 1671 74 1640 481 1640 481 1671 481 1684 74 1684"/></Shape>
	    <String CONTENT="Alto y justicia l&#39; pd»"
                    HPOS="74.0"
                    VPOS="1640.0"
                    WIDTH="407.0"
                    HEIGHT="44.0"></String>
          </TextLine>

          
          
          <TextLine ID="eSc_line_36aad94f"
                    TAGREFS="LT83"
                    BASELINE="78 1707 523 1702" 
                    HPOS="74.0"
                    VPOS="1667.0"
                    WIDTH="449.0"
                    HEIGHT="54.0">
            <Shape><Polygon POINTS="78 1707 74 1676 516 1667 523 1702 523 1719 78 1721"/></Shape>
	    <String CONTENT="y yo mis pasos seguia"
                    HPOS="74.0"
                    VPOS="1667.0"
                    WIDTH="449.0"
                    HEIGHT="54.0"></String>
          </TextLine>

          
          
          <TextLine ID="eSc_line_00dc8f4a"
                    TAGREFS="LT83"
                    BASELINE="76 1744 518 1738" 
                    HPOS="72.0"
                    VPOS="1707.0"
                    WIDTH="446.0"
                    HEIGHT="57.0">
            <Shape><Polygon POINTS="76 1744 72 1713 512 1707 518 1738 518 1756 283 1760 281 1760 281 1760 243 1754 225 1750 206 1752 148 1764 148 1764 148 1764 146 1764 146 1764 74 1750"/></Shape>
	    <String CONTENT="si acaso algún atrevido."
                    HPOS="72.0"
                    VPOS="1707.0"
                    WIDTH="446.0"
                    HEIGHT="57.0"></String>
          </TextLine>

          
          
          <TextLine ID="eSc_line_f32d6dd4"
                    TAGREFS="LT83"
                    BASELINE="107 1820 547 1816" 
                    HPOS="105.0"
                    VPOS="1769.0"
                    WIDTH="442.0"
                    HEIGHT="62.0">
            <Shape><Polygon POINTS="107 1820 105 1773 310 1783 326 1777 343 1771 343 1771 345 1771 345 1771 347 1771 347 1771 421 1779 425 1779 427 1779 475 1769 475 1769 475 1769 477 1769 477 1769 477 1769 479 1769 479 1769 481 1769 481 1769 481 1769 494 1781 496 1783 543 1783 547 1816 543 1831 105 1829"/></Shape>
	    <String CONTENT="Giré un poco mi cabeza"
                    HPOS="105.0"
                    VPOS="1769.0"
                    WIDTH="442.0"
                    HEIGHT="62.0"></String>
          </TextLine>

          
          
          <TextLine ID="eSc_line_2cc5faf8"
                    TAGREFS="LT83"
                    BASELINE="76 1851 551 1855" 
                    HPOS="72.0"
                    VPOS="1818.0"
                    WIDTH="479.0"
                    HEIGHT="48.0">
            <Shape><Polygon POINTS="76 1851 76 1818 551 1822 551 1855 547 1866 72 1864"/></Shape>
	    <String CONTENT="con mi trabuc apuntanco"
                    HPOS="72.0"
                    VPOS="1818.0"
                    WIDTH="479.0"
                    HEIGHT="48.0"></String>
          </TextLine>

          
          
          <TextLine ID="eSc_line_77d5a3ac"
                    TAGREFS="LT83"
                    BASELINE="76 1888 533 1886" 
                    HPOS="72.0"
                    VPOS="1851.0"
                    WIDTH="461.0"
                    HEIGHT="52.0">
            <Shape><Polygon POINTS="76 1888 72 1857 527 1851 533 1886 529 1903 74 1899"/></Shape>
	    <String CONTENT="que disparé a toda prisa,"
                    HPOS="72.0"
                    VPOS="1851.0"
                    WIDTH="461.0"
                    HEIGHT="52.0"></String>
          </TextLine>

          
          
          <TextLine ID="eSc_line_30d47fdd"
                    TAGREFS="LT83"
                    BASELINE="80 1924 554 1924" 
                    HPOS="80.0"
                    VPOS="1893.0"
                    WIDTH="474.0"
                    HEIGHT="76.0">
            <Shape><Polygon POINTS="80 1924 80 1893 554 1893 554 1924 554 1969 520 1969 518 1967 518 1967 518 1967 516 1967 516 1967 516 1967 514 1967 514 1967 514 1965 494 1946 448 1946 417 1967 415 1967 415 1967 415 1967 413 1967 413 1967 413 1967 411 1967 409 1967 312 1963 312 1963 312 1963 310 1963 310 1963 310 1963 308 1963 308 1963 308 1961 285 1940 177 1940 82 1967"/></Shape>
	    <String CONTENT="cuatro muertos he dejado."
                    HPOS="80.0"
                    VPOS="1893.0"
                    WIDTH="474.0"
                    HEIGHT="76.0"></String>
          </TextLine>

          
        </TextBlock>
        
        <TextBlock HPOS="859.0"
                   VPOS="107.0"
                   WIDTH="544.0"
                   HEIGHT="188.0"
                   ID="eSc_textblock_11e941a1"
                   TAGREFS="BT227">
          <Shape><Polygon POINTS="1329 295 868 295 859 165 901 107 1395 107 1403 130"/></Shape>
          
          
          <TextLine ID="eSc_line_08fba8db"
                    TAGREFS="LT83"
                    BASELINE="907 138 1395 134" 
                    HPOS="905.0"
                    VPOS="97.0"
                    WIDTH="490.0"
                    HEIGHT="55.0">
            <Shape><Polygon POINTS="907 138 905 97 1391 97 1395 134 1393 152 907 152"/></Shape>
	    <String CONTENT="Me escapé por una puerta"
                    HPOS="905.0"
                    VPOS="97.0"
                    WIDTH="490.0"
                    HEIGHT="55.0"></String>
          </TextLine>

          
          
          <TextLine ID="eSc_line_ab330f6b"
                    TAGREFS="LT83"
                    BASELINE="868 173 1385 169" 
                    HPOS="866.0"
                    VPOS="132.0"
                    WIDTH="519.0"
                    HEIGHT="51.0">
            <Shape><Polygon POINTS="868 173 866 132 1380 138 1385 169 1382 183 866 181"/></Shape>
	    <String CONTENT="aquella noche me buscaron,"
                    HPOS="866.0"
                    VPOS="132.0"
                    WIDTH="519.0"
                    HEIGHT="51.0"></String>
          </TextLine>

          
          
          <TextLine ID="eSc_line_d98d5960"
                    TAGREFS="LT83"
                    BASELINE="868 208 1362 204" 
                    HPOS="866.0"
                    VPOS="169.0"
                    WIDTH="496.0"
                    HEIGHT="54.0">
            <Shape><Polygon POINTS="868 208 866 169 1358 173 1362 204 1362 223 868 223"/></Shape>
	    <String CONTENT="en Córdoba Juan Portela"
                    HPOS="866.0"
                    VPOS="169.0"
                    WIDTH="496.0"
                    HEIGHT="54.0"></String>
          </TextLine>

          
          
          <TextLine ID="eSc_line_c0997a9a"
                    TAGREFS="LT83"
                    BASELINE="868 243 1323 239" 
                    HPOS="866.0"
                    VPOS="214.0"
                    WIDTH="457.0"
                    HEIGHT="44.0">
            <Shape><Polygon POINTS="868 243 866 214 1318 214 1323 239 1320 250 868 258"/></Shape>
	    <String CONTENT="seis personas ha matado"
                    HPOS="866.0"
                    VPOS="214.0"
                    WIDTH="457.0"
                    HEIGHT="44.0"></String>
          </TextLine>

          
          
          <TextLine ID="eSc_line_274f8b4d"
                    TAGREFS="LT83"
                    BASELINE="866 283 1318 279" 
                    HPOS="862.0"
                    VPOS="245.0"
                    WIDTH="456.0"
                    HEIGHT="58.0">
            <Shape><Polygon POINTS="866 283 862 250 1312 245 1318 279 1318 285 1261 299 1261 299 1261 299 1258 299 1155 293 1099 289 1083 295 1064 303 1064 303 1062 303 1062 303 1060 303 1060 303 1010 299 959 293 866 303"/></Shape>
	    <String CONTENT="giré un poco mi cabeza."
                    HPOS="862.0"
                    VPOS="245.0"
                    WIDTH="456.0"
                    HEIGHT="58.0"></String>
          </TextLine>

          
        </TextBlock>
        
        <TextBlock HPOS="868.0"
                   VPOS="314.0"
                   WIDTH="535.0"
                   HEIGHT="196.0"
                   ID="eSc_textblock_498e9132"
                   TAGREFS="BT227">
          <Shape><Polygon POINTS="868 338 1033 314 1329 314 1395 380 1403 436 1370 502 1312 510 868 502"/></Shape>
          
          
          <TextLine ID="eSc_line_6444a3f7"
                    TAGREFS="LT83"
                    BASELINE="903 353 1331 349" 
                    HPOS="897.0"
                    VPOS="283.0"
                    WIDTH="434.0"
                    HEIGHT="80.0">
            <Shape><Polygon POINTS="903 353 897 316 934 299 934 299 936 299 936 299 936 299 938 299 938 299 938 299 977 307 998 312 1153 312 1201 305 1232 283 1331 349 1329 359 903 363"/></Shape>
	    <String CONTENT="Caminaba con cuidado"
                    HPOS="897.0"
                    VPOS="283.0"
                    WIDTH="434.0"
                    HEIGHT="80.0"></String>
          </TextLine>

          
          
          <TextLine ID="eSc_line_1a8305bb"
                    TAGREFS="LT83"
                    BASELINE="870 388 1349 388" 
                    HPOS="868.0"
                    VPOS="353.0"
                    WIDTH="481.0"
                    HEIGHT="47.0">
            <Shape><Polygon POINTS="870 388 870 353 1349 357 1349 388 1347 400 868 394"/></Shape>
	    <String CONTENT="y al romper su claro día"
                    HPOS="868.0"
                    VPOS="353.0"
                    WIDTH="481.0"
                    HEIGHT="47.0"></String>
          </TextLine>

          
          
          <TextLine ID="eSc_line_32eb61af"
                    TAGREFS="LT83"
                    BASELINE="870 423 1399 419" 
                    HPOS="866.0"
                    VPOS="378.0"
                    WIDTH="533.0"
                    HEIGHT="62.0">
            <Shape><Polygon POINTS="870 423 866 382 1393 378 1399 419 1399 440 870 440"/></Shape>
	    <String CONTENT="junto a las Ventas del Carpio"
                    HPOS="866.0"
                    VPOS="378.0"
                    WIDTH="533.0"
                    HEIGHT="62.0"></String>
          </TextLine>

          
          
          <TextLine ID="eSc_line_134bf244"
                    TAGREFS="LT83"
                    BASELINE="870 456 1207 456" 
                    HPOS="870.0"
                    VPOS="425.0"
                    WIDTH="337.0"
                    HEIGHT="44.0">
            <Shape><Polygon POINTS="870 456 870 425 1207 425 1207 456 1207 469 870 469"/></Shape>
	    <String CONTENT="un caballero venía"
                    HPOS="870.0"
                    VPOS="425.0"
                    WIDTH="337.0"
                    HEIGHT="44.0"></String>
          </TextLine>

          
          
          <TextLine ID="eSc_line_4fb9e865"
                    TAGREFS="LT83"
                    BASELINE="868 493 1364 489" 
                    HPOS="864.0"
                    VPOS="458.0"
                    WIDTH="500.0"
                    HEIGHT="64.0">
            <Shape><Polygon POINTS="868 493 864 462 1358 458 1364 489 1364 504 1310 518 1308 518 1308 518 1306 518 1306 518 1306 518 1304 518 1304 518 1302 518 1285 508 1281 506 1277 508 1250 518 1250 518 1248 518 1248 518 1248 518 1246 518 1246 518 1194 510 1159 506 1136 514 1122 518 1122 518 1120 518 1120 518 1118 518 1118 518 1118 518 1116 518 1116 518 1116 518 1108 514 1097 508 1091 514 1087 518 1087 520 1087 520 1085 520 1085 520 1085 520 1083 520 1083 520 1083 520 1081 520 1081 520 1079 520 1079 520 1066 516 1046 508 950 508 938 518 938 520 938 520 936 520 936 520 936 520 936 520 934 520 934 520 934 520 868 522"/></Shape>
	    <String CONTENT="con mi trabuco apuntando."
                    HPOS="864.0"
                    VPOS="458.0"
                    WIDTH="500.0"
                    HEIGHT="64.0"></String>
          </TextLine>

          
        </TextBlock>
        
        <TextBlock HPOS="868.0"
                   VPOS="734.0"
                   WIDTH="601.0"
                   HEIGHT="198.0"
                   ID="eSc_textblock_adb81009"
                   TAGREFS="BT227">
          <Shape><Polygon POINTS="1461 843 1469 890 1329 932 909 932 868 923 868 752 1125 734 1151 734 1395 744 1403 791 1362 808"/></Shape>
          
          
          <TextLine ID="eSc_line_16969215"
                    TAGREFS="LT83"
                    BASELINE="868 603 1306 597" 
                    HPOS="864.0"
                    VPOS="562.0"
                    WIDTH="442.0"
                    HEIGHT="53.0">
            <Shape><Polygon POINTS="868 603 864 564 1300 562 1306 597 1304 613 868 615"/></Shape>
	    <String CONTENT="tu caballo y tus direrve"
                    HPOS="864.0"
                    VPOS="562.0"
                    WIDTH="442.0"
                    HEIGHT="53.0"></String>
          </TextLine>

          
          
          <TextLine ID="eSc_line_85d48297"
                    TAGREFS="LT83"
                    BASELINE="903 568 1331 562" 
                    HPOS="895.0"
                    VPOS="506.0"
                    WIDTH="436.0"
                    HEIGHT="74.0">
            <Shape><Polygon POINTS="903 568 895 531 915 512 915 510 915 510 917 510 917 510 919 510 919 510 919 510 921 510 1136 524 1157 508 1157 508 1159 508 1159 508 1159 508 1161 508 1161 508 1163 508 1163 508 1163 508 1165 508 1165 508 1165 508 1167 508 1190 524 1250 524 1269 508 1269 506 1269 506 1271 506 1271 506 1273 506 1273 506 1273 506 1275 506 1275 506 1275 506 1277 506 1329 524 1331 562 1329 580 903 580"/></Shape>
	    <String CONTENT="Dije alto: si te meneas"
                    HPOS="895.0"
                    VPOS="506.0"
                    WIDTH="436.0"
                    HEIGHT="74.0"></String>
          </TextLine>

          
          
          <TextLine ID="eSc_line_d770ebfd"
                    TAGREFS="LT83"
                    BASELINE="868 638 1258 638" 
                    HPOS="866.0"
                    VPOS="603.0"
                    WIDTH="392.0"
                    HEIGHT="43.0">
            <Shape><Polygon POINTS="868 638 868 603 1258 603 1258 638 1256 646 866 644"/></Shape>
	    <String CONTENT="entregarés a Portela,"
                    HPOS="866.0"
                    VPOS="603.0"
                    WIDTH="392.0"
                    HEIGHT="43.0"></String>
          </TextLine>

          
          
          <TextLine ID="eSc_line_f250a56f"
                    TAGREFS="LT83"
                    BASELINE="870 673 1287 667" 
                    HPOS="866.0"
                    VPOS="630.0"
                    WIDTH="421.0"
                    HEIGHT="60.0">
            <Shape><Polygon POINTS="870 673 866 651 1281 630 1287 667 1285 677 870 690"/></Shape>
	    <String CONTENT="y sino dirás el Credo"
                    HPOS="866.0"
                    VPOS="630.0"
                    WIDTH="421.0"
                    HEIGHT="60.0"></String>
          </TextLine>

          
          
          <TextLine ID="eSc_line_93c967a0"
                    TAGREFS="LT83"
                    BASELINE="868 708 1300 704" 
                    HPOS="862.0"
                    VPOS="663.0"
                    WIDTH="438.0"
                    HEIGHT="76.0">
            <Shape><Polygon POINTS="868 708 862 675 890 663 890 663 893 663 893 663 895 663 1296 669 1300 704 1296 729 899 729 870 739"/></Shape>
	    <String CONTENT="que to dísparo deprísa."
                    HPOS="862.0"
                    VPOS="663.0"
                    WIDTH="438.0"
                    HEIGHT="76.0"></String>
          </TextLine>

          
          
          <TextLine ID="eSc_line_5e5e26f4"
                    TAGREFS="LT83"
                    BASELINE="868 810 1263 810" 
                    HPOS="868.0"
                    VPOS="768.0"
                    WIDTH="395.0"
                    HEIGHT="52.0">
            <Shape><Polygon POINTS="868 810 868 768 1263 777 1263 810 1263 818 868 820"/></Shape>
	    <String CONTENT="como s. fuera patena"
                    HPOS="868.0"
                    VPOS="768.0"
                    WIDTH="395.0"
                    HEIGHT="52.0"></String>
          </TextLine>

          
          
          <TextLine ID="eSc_line_cf9b6cf9"
                    TAGREFS="LT83"
                    BASELINE="903 775 1395 772" 
                    HPOS="899.0"
                    VPOS="733.0"
                    WIDTH="494.0"
                    HEIGHT="64.0">
            <Shape><Polygon POINTS="901 775 899 733 1380 735 1393 770 1389 797 1221 783 1151 791 1128 793 1128 793 1126 793 1126 793 1124 793 1124 793 1124 793 1122 793 1122 793 1120 791 1108 783 1039 783 1035 787 1029 793 1029 795 1029 795 1027 795 1027 795 1027 795 1025 795 1025 795 1023 795 1023 795 899 783"/></Shape>
	    <String CONTENT="Se marchó el pobre perado"
                    HPOS="899.0"
                    VPOS="733.0"
                    WIDTH="494.0"
                    HEIGHT="64.0"></String>
          </TextLine>

          
          
          <TextLine ID="eSc_line_db23d166"
                    TAGREFS="LT83"
                    BASELINE="872 847 1289 841" 
                    HPOS="868.0"
                    VPOS="799.0"
                    WIDTH="421.0"
                    HEIGHT="56.0">
            <Shape><Polygon POINTS="872 847 868 810 1283 799 1289 841 1287 849 872 855"/></Shape>
	    <String CONTENT="yo piré con su caballo"
                    HPOS="868.0"
                    VPOS="799.0"
                    WIDTH="421.0"
                    HEIGHT="56.0"></String>
          </TextLine>

          
          
          <TextLine ID="eSc_line_873580c9"
                    TAGREFS="LT83"
                    BASELINE="874 878 1465 874" 
                    HPOS="872.0"
                    VPOS="826.0"
                    WIDTH="593.0"
                    HEIGHT="77.0">
            <Shape><Polygon POINTS="874 878 872 839 1273 841 1296 828 1298 826 1300 826 1300 826 1300 826 1302 826 1302 826 1304 826 1461 826 1465 874 1463 903 1354 903 1351 901 1351 901 1349 901 1349 901 1349 901 1349 901 1347 901 1347 901 1347 899 1333 884 1279 884 1215 896 1215 896 1215 896 1213 896 1213 896 1161 888 1147 899 1147 901 1147 901 1147 901 1145 901 1145 901 1143 901 1143 901 1143 901 1141 901 1141 901 1141 901 1139 901 1139 901 1136 901 1136 901 1136 899 1136 899 1120 886 874 896"/></Shape>
	    <String CONTENT="porque en las puertas de Utrera"
                    HPOS="872.0"
                    VPOS="826.0"
                    WIDTH="593.0"
                    HEIGHT="77.0"></String>
          </TextLine>

          
          
          <TextLine ID="eSc_line_5540f486"
                    TAGREFS="LT83"
                    BASELINE="870 917 1339 911" 
                    HPOS="866.0"
                    VPOS="878.0"
                    WIDTH="473.0"
                    HEIGHT="64.0">
            <Shape><Polygon POINTS="870 917 866 882 1333 878 1339 911 1337 942 868 936"/></Shape>
	    <String CONTENT="cuatro mucrtos ha dejado."
                    HPOS="866.0"
                    VPOS="878.0"
                    WIDTH="473.0"
                    HEIGHT="64.0"></String>
          </TextLine>

          
          
          <TextLine ID="eSc_line_b3f00a9e"
                    TAGREFS="LT83"
                    BASELINE="907 985 1409 985" 
                    HPOS="907.0"
                    VPOS="942.0"
                    WIDTH="502.0"
                    HEIGHT="54.0">
            <Shape><Polygon POINTS="907 985 907 942 1409 942 1409 985 1409 996 907 996"/></Shape>
	    <String CONTENT="Las partidas me persiguen,"
                    HPOS="907.0"
                    VPOS="942.0"
                    WIDTH="502.0"
                    HEIGHT="54.0"></String>
          </TextLine>

          
          
          <TextLine ID="eSc_line_32b6e3ca"
                    TAGREFS="LT83"
                    BASELINE="872 1020 1434 1016" 
                    HPOS="870.0"
                    VPOS="981.0"
                    WIDTH="564.0"
                    HEIGHT="52.0">
            <Shape><Polygon POINTS="872 1020 870 981 1430 985 1434 1016 1430 1033 870 1031"/></Shape>
	    <String CONTENT="van detrás de mí que vuelan,"
                    HPOS="870.0"
                    VPOS="981.0"
                    WIDTH="564.0"
                    HEIGHT="52.0"></String>
          </TextLine>

          
          
          <TextLine ID="eSc_line_f2976cad"
                    TAGREFS="LT83"
                    BASELINE="868 1056 1294 1051" 
                    HPOS="862.0"
                    VPOS="1010.0"
                    WIDTH="432.0"
                    HEIGHT="60.0">
            <Shape><Polygon POINTS="868 1056 862 1023 1287 1010 1294 1051 1294 1058 868 1070"/></Shape>
	    <String CONTENT="pero tego o un caballo"
                    HPOS="862.0"
                    VPOS="1010.0"
                    WIDTH="432.0"
                    HEIGHT="60.0"></String>
          </TextLine>

          
          
          <TextLine ID="eSc_line_73433548"
                    TAGREFS="LT83"
                    BASELINE="872 1093 1397 1085" 
                    HPOS="868.0"
                    VPOS="1047.0"
                    WIDTH="529.0"
                    HEIGHT="66.0">
            <Shape><Polygon POINTS="872 1093 868 1060 926 1047 926 1047 928 1047 1393 1047 1397 1085 1395 1101 872 1113"/></Shape>
	    <String CONTENT="que en metiéndole la espueta."
                    HPOS="868.0"
                    VPOS="1047.0"
                    WIDTH="529.0"
                    HEIGHT="66.0"></String>
          </TextLine>

          
        </TextBlock>
        
        <TextBlock HPOS="843.0"
                   VPOS="1329.0"
                   WIDTH="577.0"
                   HEIGHT="183.0"
                   ID="eSc_textblock_cd0a83cf"
                   TAGREFS="BT227">
          <Shape><Polygon POINTS="1420 1339 1387 1421 1409 1512 851 1512 843 1510 868 1339 909 1329 909 1332 1396 1332"/></Shape>
          
          
          <TextLine ID="eSc_line_b9c9360b"
                    TAGREFS="LT83"
                    BASELINE="907 1159 1292 1159" 
                    HPOS="905.0"
                    VPOS="1109.0"
                    WIDTH="389.0"
                    HEIGHT="58.0">
            <Shape><Polygon POINTS="907 1159 905 1126 1004 1122 1015 1111 1015 1109 1015 1109 1017 1109 1017 1109 1017 1109 1019 1109 1019 1109 1021 1109 1101 1109 1101 1109 1101 1109 1103 1109 1103 1109 1143 1124 1145 1124 1149 1124 1265 1111 1265 1111 1267 1111 1267 1111 1269 1111 1269 1111 1269 1111 1294 1124 1292 1159 1292 1167 907 1167"/></Shape>
	    <String CONTENT="A mi trabuco le dije"
                    HPOS="905.0"
                    VPOS="1109.0"
                    WIDTH="389.0"
                    HEIGHT="58.0"></String>
          </TextLine>

          
          
          <TextLine ID="eSc_line_d93a2982"
                    TAGREFS="LT83"
                    BASELINE="870 1190 1318 1194" 
                    HPOS="866.0"
                    VPOS="1149.0"
                    WIDTH="452.0"
                    HEIGHT="57.0">
            <Shape><Polygon POINTS="870 1190 868 1151 1314 1149 1318 1194 1314 1206 866 1198"/></Shape>
	    <String CONTENT="tu te llamas boca negra,"
                    HPOS="866.0"
                    VPOS="1149.0"
                    WIDTH="452.0"
                    HEIGHT="57.0"></String>
          </TextLine>

          
          
          <TextLine ID="eSc_line_20bcefe5"
                    TAGREFS="LT83"
                    BASELINE="870 1229 1337 1225" 
                    HPOS="866.0"
                    VPOS="1188.0"
                    WIDTH="471.0"
                    HEIGHT="54.0">
            <Shape><Polygon POINTS="870 1229 866 1190 1331 1188 1337 1225 1333 1242 868 1240"/></Shape>
	    <String CONTENT="que disparando ple firme"
                    HPOS="866.0"
                    VPOS="1188.0"
                    WIDTH="471.0"
                    HEIGHT="54.0"></String>
          </TextLine>

          
          
          <TextLine ID="eSc_line_5672a608"
                    TAGREFS="LT83"
                    BASELINE="870 1262 1238 1262" 
                    HPOS="868.0"
                    VPOS="1229.0"
                    WIDTH="370.0"
                    HEIGHT="48.0">
            <Shape><Polygon POINTS="870 1262 870 1229 1238 1229 1238 1262 1236 1277 868 1275"/></Shape>
	    <String CONTENT="necesito una docena,"
                    HPOS="868.0"
                    VPOS="1229.0"
                    WIDTH="370.0"
                    HEIGHT="48.0"></String>
          </TextLine>

          
          
          <TextLine ID="eSc_line_bba89dca"
                    TAGREFS="LT83"
                    BASELINE="872 1299 1360 1299" 
                    HPOS="870.0"
                    VPOS="1266.0"
                    WIDTH="490.0"
                    HEIGHT="50.0">
            <Shape><Polygon POINTS="872 1299 872 1266 1360 1266 1360 1299 1358 1316 870 1308"/></Shape>
	    <String CONTENT="las partídas me persiguen"
                    HPOS="870.0"
                    VPOS="1266.0"
                    WIDTH="490.0"
                    HEIGHT="50.0"></String>
          </TextLine>

          
          
          <TextLine ID="eSc_line_2ed6192b"
                    TAGREFS="LT83"
                    BASELINE="903 1366 1416 1366" 
                    HPOS="903.0"
                    VPOS="1328.0"
                    WIDTH="513.0"
                    HEIGHT="52.0">
            <Shape><Polygon POINTS="903 1366 903 1328 1416 1333 1416 1366 1416 1376 903 1380"/></Shape>
	    <String CONTENT="En los montes de Antequera"
                    HPOS="903.0"
                    VPOS="1328.0"
                    WIDTH="513.0"
                    HEIGHT="52.0"></String>
          </TextLine>

          
          
          <TextLine ID="eSc_line_6275649e"
                    TAGREFS="LT83"
                    BASELINE="874 1401 1215 1401" 
                    HPOS="874.0"
                    VPOS="1364.0"
                    WIDTH="341.0"
                    HEIGHT="47.0">
            <Shape><Polygon POINTS="874 1401 874 1364 1215 1364 1215 1401 1215 1411 874 1411"/></Shape>
	    <String CONTENT="una mañana robé"
                    HPOS="874.0"
                    VPOS="1364.0"
                    WIDTH="341.0"
                    HEIGHT="47.0"></String>
          </TextLine>

          
          
          <TextLine ID="eSc_line_021318ec"
                    TAGREFS="LT83"
                    BASELINE="870 1436 1370 1436" 
                    HPOS="870.0"
                    VPOS="1397.0"
                    WIDTH="500.0"
                    HEIGHT="49.0">
            <Shape><Polygon POINTS="870 1436 870 1397 1370 1405 1370 1436 1370 1444 870 1446"/></Shape>
	    <String CONTENT="a un coche y a una galera"
                    HPOS="870.0"
                    VPOS="1397.0"
                    WIDTH="500.0"
                    HEIGHT="49.0"></String>
          </TextLine>

          
          
          <TextLine ID="eSc_line_678e7276"
                    TAGREFS="LT83"
                    BASELINE="870 1471 1327 1467" 
                    HPOS="866.0"
                    VPOS="1436.0"
                    WIDTH="461.0"
                    HEIGHT="47.0">
            <Shape><Polygon POINTS="870 1471 866 1440 1320 1436 1327 1467 1325 1483 870 1483"/></Shape>
	    <String CONTENT="seiscientos machos choré"
                    HPOS="866.0"
                    VPOS="1436.0"
                    WIDTH="461.0"
                    HEIGHT="47.0"></String>
          </TextLine>

          
          
          <TextLine ID="eSc_line_4c00f9ea"
                    TAGREFS="LT83"
                    BASELINE="870 1506 1409 1502" 
                    HPOS="866.0"
                    VPOS="1463.0"
                    WIDTH="543.0"
                    HEIGHT="66.0">
            <Shape><Polygon POINTS="870 1506 866 1473 1403 1463 1409 1502 1407 1519 913 1519 872 1529"/></Shape>
	    <String CONTENT="tn detrás de mí que vu lan"
                    HPOS="866.0"
                    VPOS="1463.0"
                    WIDTH="543.0"
                    HEIGHT="66.0"></String>
          </TextLine>

          
          
          <TextLine ID="eSc_line_19d74e02"
                    TAGREFS="LT83"
                    BASELINE="909 1574 1380 1574" 
                    HPOS="907.0"
                    VPOS="1537.0"
                    WIDTH="473.0"
                    HEIGHT="54.0">
            <Shape><Polygon POINTS="909 1574 907 1539 1378 1537 1380 1574 1378 1591 907 1583"/></Shape>
	    <String CONTENT="He matado seis soldados,"
                    HPOS="907.0"
                    VPOS="1537.0"
                    WIDTH="473.0"
                    HEIGHT="54.0"></String>
          </TextLine>

          
          
          <TextLine ID="eSc_line_84bf92fd"
                    TAGREFS="LT83"
                    BASELINE="868 1607 1331 1612" 
                    HPOS="864.0"
                    VPOS="1570.0"
                    WIDTH="467.0"
                    HEIGHT="54.0">
            <Shape><Polygon POINTS="868 1607 866 1574 1327 1570 1331 1612 1327 1624 864 1620"/></Shape>
	    <String CONTENT="de civiles una escuadra,"
                    HPOS="864.0"
                    VPOS="1570.0"
                    WIDTH="467.0"
                    HEIGHT="54.0"></String>
          </TextLine>

          
          
          <TextLine ID="eSc_line_3aa1fe4a"
                    TAGREFS="LT83"
                    BASELINE="870 1647 1298 1647" 
                    HPOS="870.0"
                    VPOS="1612.0"
                    WIDTH="428.0"
                    HEIGHT="45.0">
            <Shape><Polygon POINTS="870 1647 870 1612 1298 1612 1298 1647 1298 1655 870 1657"/></Shape>
	    <String CONTENT="disparé seis trabucazos"
                    HPOS="870.0"
                    VPOS="1612.0"
                    WIDTH="428.0"
                    HEIGHT="45.0"></String>
          </TextLine>

          
          
          <TextLine ID="eSc_line_271d09da"
                    TAGREFS="LT83"
                    BASELINE="870 1680 1325 1676" 
                    HPOS="866.0"
                    VPOS="1636.0"
                    WIDTH="459.0"
                    HEIGHT="60.0">
            <Shape><Polygon POINTS="870 1680 866 1647 1318 1636 1325 1676 1323 1696 870 1696"/></Shape>
	    <String CONTENT="y a Portela no le agarra"
                    HPOS="866.0"
                    VPOS="1636.0"
                    WIDTH="459.0"
                    HEIGHT="60.0"></String>
          </TextLine>

          
          
          <TextLine ID="eSc_line_28220a98"
                    TAGREFS="LT83"
                    BASELINE="870 1717 1389 1717" 
                    HPOS="870.0"
                    VPOS="1671.0"
                    WIDTH="519.0"
                    HEIGHT="77.0">
            <Shape><Polygon POINTS="870 1717 870 1684 1261 1684 1387 1671 1389 1717 1389 1729 1343 1740 1343 1740 1343 1740 1341 1740 1341 1740 1339 1740 1339 1740 1339 1740 1337 1740 1337 1740 1329 1731 1325 1729 1225 1729 1221 1733 1209 1744 1209 1746 1209 1746 1207 1746 1207 1746 1207 1746 1205 1746 1205 1746 1205 1748 1064 1748 1062 1746 1062 1746 1060 1746 1060 1746 1060 1746 1039 1736 1027 1729 870 1738"/></Shape>
	    <String CONTENT="porque tengo yo un cabano."
                    HPOS="870.0"
                    VPOS="1671.0"
                    WIDTH="519.0"
                    HEIGHT="77.0"></String>
          </TextLine>

          
          
          <TextLine ID="eSc_line_f49ab414"
                    TAGREFS="LT83"
                    BASELINE="909 1785 1273 1781" 
                    HPOS="907.0"
                    VPOS="1736.0"
                    WIDTH="366.0"
                    HEIGHT="57.0">
            <Shape><Polygon POINTS="909 1785 907 1748 1083 1748 1085 1746 1110 1736 1110 1736 1112 1736 1112 1736 1112 1736 1114 1736 1269 1746 1273 1781 1271 1789 909 1793"/></Shape>
	    <String CONTENT="Arriba jaca morena"
                    HPOS="907.0"
                    VPOS="1736.0"
                    WIDTH="366.0"
                    HEIGHT="57.0"></String>
          </TextLine>

          
          
          <TextLine ID="eSc_line_cfd89806"
                    TAGREFS="LT83"
                    BASELINE="872 1820 1413 1816" 
                    HPOS="868.0"
                    VPOS="1779.0"
                    WIDTH="545.0"
                    HEIGHT="58.0">
            <Shape><Polygon POINTS="872 1820 868 1785 1407 1779 1413 1816 1411 1837 872 1837"/></Shape>
	    <String CONTENT="que nos queda el comandante"
                    HPOS="868.0"
                    VPOS="1779.0"
                    WIDTH="545.0"
                    HEIGHT="58.0"></String>
          </TextLine>

          
          
          <TextLine ID="eSc_line_7d7b2f50"
                    TAGREFS="LT83"
                    BASELINE="872 1853 1306 1853" 
                    HPOS="872.0"
                    VPOS="1820.0"
                    WIDTH="434.0"
                    HEIGHT="44.0">
            <Shape><Polygon POINTS="872 1853 872 1820 1306 1820 1306 1853 1306 1864 872 1864"/></Shape>
	    <String CONTENT="vuelve cara boca negra"
                    HPOS="872.0"
                    VPOS="1820.0"
                    WIDTH="434.0"
                    HEIGHT="44.0"></String>
          </TextLine>

          
          
          <TextLine ID="eSc_line_26e8a1c9"
                    TAGREFS="LT83"
                    BASELINE="872 1886 1382 1882" 
                    HPOS="864.0"
                    VPOS="1839.0"
                    WIDTH="518.0"
                    HEIGHT="70.0">
            <Shape><Polygon POINTS="872 1886 864 1857 884 1843 886 1843 886 1843 886 1843 888 1843 888 1843 888 1843 890 1843 890 1843 890 1843 893 1843 893 1843 917 1853 988 1843 988 1843 990 1843 990 1843 1072 1849 1120 1853 1376 1839 1382 1882 1378 1909 1192 1903 1192 1903 1192 1903 1190 1903 1190 1903 1188 1903 1172 1893 1134 1907 1124 1909 1122 1909 1122 1909 1122 1909 1120 1909 1120 1909 1118 1909 1118 1909 1108 1905 1077 1895 872 1901"/></Shape>
	    <String CONTENT="de un tiro cayó al instante"
                    HPOS="864.0"
                    VPOS="1839.0"
                    WIDTH="518.0"
                    HEIGHT="70.0"></String>
          </TextLine>

          
          
          <TextLine ID="eSc_line_f7df181d"
                    TAGREFS="LT83"
                    BASELINE="872 1926 1320 1919" 
                    HPOS="870.0"
                    VPOS="1880.0"
                    WIDTH="450.0"
                    HEIGHT="73.0">
            <Shape><Polygon POINTS="872 1926 870 1886 1120 1893 1151 1888 1223 1880 1223 1880 1225 1880 1225 1880 1316 1893 1320 1919 1320 1944 872 1953"/></Shape>
	    <String CONTENT="y metléndole la esgueta."
                    HPOS="870.0"
                    VPOS="1880.0"
                    WIDTH="450.0"
                    HEIGHT="73.0"></String>
          </TextLine>

          
        </TextBlock>
        
        <TextBlock HPOS="475.0"
                   VPOS="2074.0"
                   WIDTH="758.0"
                   HEIGHT="87.0"
                   ID="eSc_textblock_ba69dceb"
                   TAGREFS="BT226">
          <Shape><Polygon POINTS="1233 2161 512 2155 487 2139 475 2074 1122 2074 1180 2083"/></Shape>
          
          
          <TextLine ID="eSc_line_49b297ab"
                    TAGREFS="LT82"
                    BASELINE="491 2141 1186 2141" 
                    HPOS="489.0"
                    VPOS="2062.0"
                    WIDTH="697.0"
                    HEIGHT="134.0">
            <Shape><Polygon POINTS="491 2141 489 2079 543 2066 545 2066 547 2066 576 2077 580 2079 756 2079 762 2072 769 2066 769 2064 771 2064 773 2064 864 2062 866 2062 961 2062 963 2062 965 2062 973 2068 988 2077 1048 2066 1062 2064 1064 2064 1066 2064 1072 2066 1118 2077 1132 2064 1134 2062 1136 2062 1139 2062 1141 2062 1186 2064 1186 2141 1186 2165 1079 2165 1072 2167 1041 2186 1039 2186 1037 2186 1035 2186 1004 2180 961 2194 959 2194 957 2194 955 2194 952 2194 917 2172 911 2167 907 2174 882 2194 880 2194 878 2194 878 2196 808 2196 806 2194 804 2194 764 2178 754 2172 748 2178 740 2184 740 2186 737 2186 735 2186 735 2188 686 2188 684 2186 682 2186 680 2186 671 2180 663 2174 657 2180 653 2182 653 2184 651 2184 649 2184 647 2184 644 2184 642 2184 638 2180 620 2170 578 2170 566 2182 564 2184 564 2186 562 2186 560 2186 558 2186 489 2184"/></Shape>
	    <String CONTENT="FIN DE LA PRIMERA PARTE"
                    HPOS="489.0"
                    VPOS="2062.0"
                    WIDTH="697.0"
                    HEIGHT="134.0"></String>
          </TextLine>

          
        </TextBlock>
        
        <TextBlock HPOS="859.0"
                   VPOS="1124.0"
                   WIDTH="511.0"
                   HEIGHT="189.0"
                   ID="eSc_textblock_60bc79c2"
                   TAGREFS="BT227">
          <Shape><Polygon POINTS="859 1304 859 1157 917 1124 1254 1124 1337 1165 1370 1273 1357 1311 909 1311 909 1313"/></Shape>
          
        </TextBlock>
        
        <TextBlock HPOS="66.0"
                   VPOS="744.0"
                   WIDTH="502.0"
                   HEIGHT="166.0"
                   ID="eSc_textblock_85cb16af"
                   TAGREFS="BT227">
          <Shape><Polygon POINTS="132 909 66 890 66 818 82 752 115 744 568 752 568 799 527 810 535 890 494 910 129 910"/></Shape>
          
        </TextBlock>
        
        <TextBlock HPOS="74.0"
                   VPOS="1339.0"
                   WIDTH="494.0"
                   HEIGHT="205.0"
                   ID="eSc_textblock_d3f93d9e"
                   TAGREFS="BT227">
          <Shape><Polygon POINTS="74 1535 74 1364 115 1339 510 1339 551 1364 568 1459 568 1539 546 1544 88 1544"/></Shape>
          
        </TextBlock>
        
        <TextBlock HPOS="851.0"
                   VPOS="1540.0"
                   WIDTH="560.0"
                   HEIGHT="195.0"
                   ID="eSc_textblock_5f0e8bf2"
                   TAGREFS="BT227">
          <Shape><Polygon POINTS="1387 1593 1345 1620 1411 1725 1371 1735 881 1735 851 1725 859 1562 904 1540 1373 1540"/></Shape>
          
        </TextBlock>
        
        <TextBlock HPOS="74.0"
                   VPOS="1564.0"
                   WIDTH="568.0"
                   HEIGHT="195.0"
                   ID="eSc_textblock_d1125027"
                   TAGREFS="BT227">
          <Shape><Polygon POINTS="74 1750 74 1595 110 1564 521 1564 609 1612 551 1717 642 1727 521 1759 214 1759"/></Shape>
          
        </TextBlock>
        
        <TextBlock HPOS="843.0"
                   VPOS="1763.0"
                   WIDTH="577.0"
                   HEIGHT="169.0"
                   ID="eSc_textblock_d27a88b6"
                   TAGREFS="BT227">
          <Shape><Polygon POINTS="1420 1802 1378 1907 1320 1932 868 1932 843 1899 867 1763 1295 1763"/></Shape>
          
        </TextBlock>
        
        <TextBlock HPOS="859.0"
                   VPOS="529.0"
                   WIDTH="478.0"
                   HEIGHT="195.0"
                   ID="eSc_textblock_980ff449"
                   TAGREFS="BT227">
          <Shape><Polygon POINTS="868 717 859 562 917 529 1337 537 1304 723 983 723 983 724"/></Shape>
          
        </TextBlock>
        
        <TextBlock HPOS="868.0"
                   VPOS="954.0"
                   WIDTH="560.0"
                   HEIGHT="151.0"
                   ID="eSc_textblock_7b5a478b"
                   TAGREFS="BT227">
          <Shape><Polygon POINTS="1428 967 1403 1097 868 1105 868 967 903 954 903 957 1382 957"/></Shape>
          
        </TextBlock>
        

        
      </PrintSpace>
    </Page>
  </Layout>
</alto>
