1860 2629
131 1218 1200 89 RECEPTA DEL DOCTOR SABI PER CU.

386 1294 686 92 rar lo mal de impaciencia.

133 1402 577 92 Si acás vols tenir paciencia,

131 1470 544 70 ó la que tens aumentar,

135 1520 520 77 paciencia deurás gastar

127 1581 557 64 en qualsevol ocurrencia ;

140 1632 566 68 perqē gastarne ab freqüencia

131 1684 568 73 per tenirne, aixó sols basta,

116 1735 550 63 puix es joya de tal casta

133 1787 571 66 quel' gastarla no empobreix;

129 1838 524 63 antes bè gastanse creix,

125 1881 572 73 yn' te mes qui mes ne gasta.

747 1408 514 88 Tú impacient aqui tens

712 1461 432 92 una recepta segura,

710 1529 575 72 ab que ton mal tindrá cura

710 1583 505 64 si tal medicina prens ;

721 1640 562 66 sens gastar diners ni bèns

719 1691 496 68 per pagar lo Apotecari

710 1735 516 70 ni del Metge lo salari,

715 1787 517 68 basta que bajas prenent

704 1838 552 72 bons tragos de sufriment

710 1892 603 70 quant vinga un succés contrari.

271 1982 911 90 Manresa : En la Estampa de Pau Roca.
