1860 2629
171.0 1441.0 1386.0 178.0 LA ESTISORA

541.0 1592.0 656.0 101.0 TERCERA PART

81.0 1680.0 1594.0 125.0 La mes retalladora que s' ha conegut hasta la hora present

144.0 1831.0 1474.0 85.0 Versos escrits ab las puntas de la mateixa estisora, per J. F.

127.0 1991.0 664.0 88.0 Gent de Deu: ya arribat la hora,

83.0 2044.0 528.0 63.0 que ha sortit una estisora

83.0 2092.0 467.0 63.0 més talladora que cap:

83.0 2129.0 502.0 70.0 tot ho retalla á tot drap.

120.0 2168.0 553.0 79.0 Es una de las mes grossas,

85.0 2214.0 634.0 73.0 en sa vida hi ha tingut mossas;

85.0 2260.0 553.0 71.0 y arriba á fe tants treballs,

85.0 2306.0 498.0 64.0 que hasta retallá retalls.

133.0 2344.0 586.0 81.0 No se ha escapat may un gat

92.0 2403.0 462.0 101.0 sense está ben retallat.

1006.0 1976.0 546.0 81.0 En la vida ha estat peruca

965.0 2026.0 590.0 83.0 perque fins mossega y truca:

971.0 2076.0 507.0 73.0 Y com que aixó es catalá

965.0 2122.0 471.0 64.0 se te de parla molt clá.

1015.0 2153.0 581.0 77.0 Yo no se si 'm faré entendre

967.0 2210.0 621.0 77.0 pero ya 'm sabreu compendre,

969.0 2256.0 465.0 68.0 vosaltres ya sou astuts

971.0 2295.0 498.0 62.0 y no sou gaire aurelluts.

973.0 2339.0 566.0 66.0 Yo 'm pensu tenir bon llavi

971.0 2394.0 597.0 105.0 pero soch mes ruel que sabi,
