1860 2629
359 245 538 103 Ya me despido, señora,

309 315 511 81 madre de mi corazon;

309 370 478 63 bécheme la bendician

313 418 601 72 que ya es llegada la hora:

309 473 533 59 tan solo mi pecho llora

307 521 594 63 la ausencia de mi partida:

304 569 575 68 á Dios, hermana querida,

307 611 541 70 no llores ni pases penas

304 666 549 70 que voy á tierras agenas;

304 712 566 72 á Dios, madre de mi vida.

353 764 627 66 Hermano, por Dios te pido

300 808 581 77 consueles á nuestra madre;

307 865 559 66 quedas en lugar de padre:

304 902 538 66 le darás gusto cumplido

302 950 529 70 mientras yo tan aflagido

304 1005 601 61 me veo en tan triste calma:

300 1055 603 73 á Dios, hermanos del alma,

302 1099 432 68 repite mi triste voz:

302 1137 645 89 ma he encomién leme á Dios,

300 1196 555 105 tronco de todas mis ramar.

1079 289 574 57 Siento salir de mi pueb o;

1037 322 619 83 pero el dejarlo es fozzoso:

1033 376 513 73 yá se acabo mi reposo,

1033 429 544 66 y á padecer desde luego:

1030 475 612 81 señores, por eso os rutgo,

1024 525 629 77 á todo el que haya ofndido,

1026 571 566 75 señores, perdon os pi !»

1024 626 553 66 al verme en tal afliccion:

1024 670 500 70 madre de mi corazon,

1026 716 557 79 ya se va el hijo querido.

1070 773 546 70 Por último me despido

1028 812 669 86 De hermanos, primos parientes

1024 865 577 72 De amigos y demas gentes

1033 911 526 70 y de un amante querido:

1022 968 548 70 à Dios, digo enternecido,

1026 1014 555 63 que voy á tierras estrañas

1019 1060 516 72 á padecer en campañas;

1022 1101 548 75 mas por eso no me aflijo:

1024 1165 526 68 ya se va el hijo querido

1015 1200 489 103 nacido de tus entraias.

802 1301 373 101 TROVOS.

719 1415 566 90 De Cariniena el buen vino,

662 1474 507 79 naranjas de Carcagente,

662 1522 515 75 de Torrente el cebollino,

664 1577 502 77 dátites buenos en Elche.

344 1658 623 123 Nabos de Fuente de Espino,

300 1741 504 79 pimientos de la Ribera,

296 1800 598 70 de Cuenca el mejor pepino.

293 1851 514 65 castañas las de la Vera,

291 1886 533 92 de Cariñena el buen vino.

339 1962 494 101 La pera de Benavente,

291 2039 575 75 de Foyos busnos melones,

293 2076 547 92 lábanos los de Mogente,

293 2133 505 79 de Gijona los turrones,

285 2188 506 81 naranjas de Carcagente.

1055 1660 550 129 De Manresa el paño fino,

1011 1750 548 85 de la Mancha las sandías,

1008 1807 575 81 de Estremadura el tocino,

1011 1853 449 74 el alasor de Gandío,

1008 1895 527 92 de Torrente el cebollino.

1059 1960 542 119 De Santander escabeche,

1011 2044 590 87 de Logroño las manzanas,

1011 2090 541 87 de la Sierra buena leche,

1006 2142 544 75 buenas mozas en Triana,

1000 2195 522 85 dátiles buenos en Elchie.

440 2285 994 116 Jativa: Imprenta de Blas Bellver. Año 1817.
