2148 3034
1487 268 258 70 (Nún 24.)

703.0 1228.0 835.0 162.0 NUEVA DESPEDIDA

523.0 1390.0 1164.0 109.0 que dirige un gracioso Quinto á sus Padres,

412.0 1458.0 1407.0 107.0 á su casa, á su pueblo y á su querida, arreglada

807.0 1534.0 599.0 91.0 en décimas glosadas.

832.0 1676.0 554.0 98.0 Padre y madre de mí vida,

888.0 1736.0 425.0 69.0 padre de mi corazon,

895.0 1785.0 418.0 58.0 madre de consolacion

867.0 1820.0 458.0 99.0 madre triste y afigida.

450.0 1878.0 524.0 106.0 A vuestros pies padre mio

404.0 1949.0 413.0 66.0 postrado pido perdon

404.0 1997.0 392.0 58.0 échame la bendicion

407.0 2030.0 513.0 65.0 que rendidamente os pido

404.0 2083.0 461.0 61.0 ya de casa me despido

402.0 2123.0 468.0 58.0 y de mi madre querida

404.0 2164.0 521.0 71.0 la que postrada y rendida

404.0 2209.0 554.0 74.0 pidiendo por mi está á Dios

402.0 2255.0 468.0 63.0 quedaos todos con Díos.

392.0 2300.0 546.0 101.0 padre y madre de mi vida.

1146.0 1881.0 511.0 96.0 Madre os da la despedida

1095.0 1949.0 466.0 66.0 el hijo de sus entrañas

1108.0 1994.0 536.0 81.0 pues marchamos á campaña

1103.0 2042.0 399.0 64.0 con toda la compañia

1105.0 2093.0 382.0 58.0 ó que cruel tiranía

1095.0 2123.0 349.0 74.0 para todo corazon

1103.0 2164.0 480.0 71.0 saber que las balas son

1098.0 2204.0 619.0 94.0 las que nos han de dar muerte,

1100.0 2260.0 541.0 93.0 aste es el dolor mas fuerte

1087.0 2308.0 433.0 109.0 padre de mi corazon.
