1860 2629
304.0 184.0 406.0 96.0 Tanto la fama creció

254.0 262.0 489.0 68.0 de Justina y de Cipriano

256.0 322.0 522.0 70.0 por toda aquella comarca,

258.0 376.0 483.0 64.0 que lo supo Diocleciano.

311.0 409.0 603.0 81.0 Y aunque se halla en Nicomedia

263.0 486.0 511.0 63.0 manda furioso prenderlos,

261.0 534.0 484.0 66.0 y al tribunal conducirlos

261.0 589.0 513.0 68.0 por ver si podrá vencerlos.

304.0 639.0 380.0 66.0 Inútiles tentativas:

258.0 701.0 459.0 61.0 con un valor poco visto

258.0 753.0 463.0 57.0 delante del juez pagano

258.0 801.0 432.0 68.0 confiesan á Jesucristo.

320.0 850.0 520.0 70.0 –Invocad á nuestros dioses

258.0 904.0 500.0 68.0 que conservan el imperio,

261.0 957.0 535.0 79.0 les dice el juez; deste modo

258.0 1020.0 610.0 64.0 podréis salvar vuestros cuerpos.

300.0 1071.0 592.0 74.0 « Vuestros dioses son demonios,

254.0 1128.0 498.0 63.0 respondieron con firmeza,

256.0 1180.0 502.0 64.0 y aquellos que los adoran

256.0 1229.0 500.0 76.0 padecerán muerte eterna.

304.0 1283.0 511.0 70.0 »Sólo un Dios hay criador,

254.0 1334.0 456.0 72.0 y Jesucristo es su Hijo,

252.0 1388.0 443.0 73.0 procediendo de los dos

258.0 1450.0 375.0 59.0 un Espíritu divino.

302.0 1496.0 476.0 74.0 »Y solamente quien crea

250.0 1555.0 478.0 72.0 en ese Dios trino y uno,

254.0 1610.0 564.0 68.0 y cumpla sus mandamientos,

254.0 1665.0 487.0 65.0 de salvarse está seguro.»

293.0 1704.0 575.0 81.0 El juez les manda que callen,

254.0 1761.0 397.0 74.0 y se tapan los oídos,

254.0 1822.0 522.0 68.0 y los entregan al tormento

256.0 1881.0 513.0 66.0 por ser blasfemos é impíos.

298.0 1923.0 506.0 68.0 Luego los fieros verdugos

252.0 1980.0 423.0 59.0 á Justina la azotaron,

252.0 2033.0 476.0 72.0 y á Cipriano con garfios

252.0 2092.0 513.0 61.0 todo el cuerpo le surcaron.

1105.0 186.0 533.0 94.0 Viendo su firme constancia

1059.0 271.0 456.0 62.0 al otro día encendieron

1061.0 324.0 452.0 63.0 calderos de pez y sebo,

1063.0 370.0 498.0 70.0 y allí dentro los metieron.

1059.0 477.0 487.0 72.0 el fuego no les quemaba,

1098.0 429.0 463.0 61.0 Como en delicioso baño,

1057.0 527.0 414.0 75.0 y ellos loaron á Dios

1059.0 580.0 471.0 79.0 porque tanto les amaba.

1101.0 635.0 436.0 79.0 Salió vana su malicia,

1059.0 698.0 542.0 60.0 que los cristianos con maña

1061.0 747.0 437.0 63.0 á Roma los remitieron

1063.0 801.0 467.0 73.0 por librarlos de su saña.

1101.0 847.0 445.0 75.0 En casa de una señora

1059.0 909.0 524.0 61.0 estuvieron bien guardados;

1059.0 963.0 478.0 66.0 y en la iglesia de Letráu

1055.0 1018.0 454.0 62.0 son hoy dia venerados.

1094.0 1062.0 454.0 72.0 Casi revienta de cólera

1057.0 1117.0 460.0 74.0 un sacerdote hechicero,

1059.0 1180.0 557.0 62.0 y juzgando que hay engaño,

1057.0 1233.0 511.0 61.0 se pone dentro un caldero.

1103.0 1279.0 460.0 77.0 ¡Oh soberbia castigada!

1057.0 1340.0 504.0 64.0 queda al lado de Cipriano

1052.0 1391.0 428.0 72.0 en cenizas convertido

1055.0 1452.0 427.0 66.0 aquel mísero pagano.

1098.0 1498.0 573.0 64.0 ¡Gloria al Dios da las alturas!

1055.0 1557.0 436.0 59.0 al punto toda la gente

1055.0 1610.0 491.0 63.0 ensalzó al Dios que hacía

1055.0 1662.0 467.0 62.0 un milagro tan patente,

1098.0 1713.0 448.0 70.0 De rabia y coraje lleno

1046.0 1770.0 502.0 63.0 ordenó con gran presteza

1046.0 1814.0 403.0 72.0 el implacable tirano

1048 1881 421 51 le cortaran la cabeza.

1096.0 1925.0 529.0 68.0 No queriendo les honrasen,

1048.0 1980.0 518.0 77.0 guardias fueron apostados

1052.0 2039.0 518.0 70.0 para privar que enterraran

1050.0 2094.0 522.0 66.0 aquellos cuerpos sagrados.

291.0 2179.0 1419.0 81.0 En la misma casa se halla de venta la verdadera Oración de San Ci¬

243.0 2252.0 1467.0 79.0 priano y de Santa Justina; única y la más verdadera para hallar alivio

245.0 2302.0 1303.0 83.0 en sus penalidades cuantos devotos de buena fe se inspiren en ella.

684.0 2359.0 581.0 85.0 Imps. Hospital, 19 «El Abanico»
