1753 2480
64.0 66.0 562.0 86.0 Dejar las noches tan bellas

20.0 124.0 513.0 78.0 que pasábamos hablando

22.0 188.0 513.0 64.0 y del cielo contemplando

22.0 241.0 509.0 64.0 sus refulgentes estrellas.

68.0 336.0 560.0 69.0 Y en tan solemne momento

24.0 398.0 507.0 77.0 tu me decías «te quiero»

26.0 450.0 592.0 70.0 respondiendo yo: «me muero

26.0 498.0 525.0 74.0 de placer y de contento.»

68.0 591.0 535.0 86.0 Cuando abrazados los dos

28.0 651.0 548.0 76.0 en noches de gran fortuna

31.0 713.0 483.0 59.0 nos daba su luz la luna

35.0 768.0 539.0 73.0 y amor puro nuestro Dios.

76.0 843.0 542.0 99.0 Tu llorabas en mis brazos

33.0 923.0 506.0 69.0 al gozar tantos placeres

37.0 969.0 498.0 74.0 y me decías: «si quieres

37.0 1012.0 601.0 118.0 nos romperemos estos lazos.»

82.0 1111.0 554.0 83.0 Y entonces con gran ardor

39.0 1165.0 502.0 75.0 te daba loco impaciente

41.0 1231.0 513.0 75.0 dulces besos en la frente

45.0 1283.0 436.0 89.0 y me moría de amor.

84.0 1378.0 401.0 81.0 Ahora ya se acabó

43.0 1440.0 428.0 68.0 toda dicha y alegría

47.0 1502.0 453.0 68.0 porque la prenda mía

47.0 1550.0 540.0 99.0 tengo que ausentarme yo.

88.0 1638.0 587.0 98.0 ¡¡Soldado!! suerte maldita...

49.0 1715.0 544.0 68.0 Dios mio, pierdo el juicio;

51.0 1771.0 476.0 60.0 tengo de ir al servicio,

51.0 1822.0 558.0 58.0 la suerte, mi bien te quita.

93.0 1919.0 481.0 71.0 Con gente desconocida

53.0 1977.0 457.0 62.0 yo no haré sino llorar

53.0 2021.0 461.0 80.0 solamente al recordar

57.0 2079.0 478.0 66.0 el amor de mi querida.

103.0 2151.0 473.0 105.0 Quizás voy a combatir

57.0 2227.0 492.0 102.0 contra las olas del mar

816.0 57.0 538.0 77.0 y al momento de marchar

816.0 117.0 445.0 75.0 ya deje yo de existir.

859.0 198.0 567.0 83.0 Me llevarán donde quieran

816.0 270.0 511.0 60.0 sea por mar o por tierra

818.0 320.0 577.0 62.0 solamente hambre y guerra

818.0 363.0 655.0 87.0 son las suertes que me esperan.

868.0 462.0 550.0 89.0 ¡Ay! prenda del corazón...

824.0 527.0 519.0 76.0 ¿como haré por alejarme

824.0 589.0 592.0 57.0 si en esto van a arrancarme

828.0 632.0 433.0 85.0 las alas del corazón?

872.0 725.0 548.0 95.0 Pero bien, basta de llorar;

828.0 797.0 511.0 68.0 veo que es fuerza partir

833.0 849.0 502.0 68.0 con tí yo vendré a vivir

833.0 903.0 512.0 86.0 cuando volveré a llegar.

876.0 989.0 523.0 87.0 Guárdame puro tu amor,

835.0 1068.0 434.0 62.0 seas firme por mi fé,

841.0 1113.0 426.0 73.0 yo jamás te olvidaré

839.0 1165.0 541.0 112.0 cumpliré con noble honor.

882.0 1262.0 503.0 71.0 Me voy con dolor agudo

845.0 1322.0 463.0 81.0 y no temo en el morir,

845.0 1378.0 432.0 70.0 y si llego a combatir

847.0 1415.0 544.0 97.0 tu imagen será mi escudo.

886.0 1525.0 410.0 70.0 Confía que volveré

845.0 1576.0 610.0 81.0 con más loco amor que ahora

849.0 1632.0 546.0 87.0 y a tí prenda encantadora

849.0 1698.0 426.0 69.0 de gozo te abrazaré.

897.0 1793.0 494.0 77.0 Adios, no olvides jamás

853.0 1841.0 488.0 78.0 a tu amante verdadero,

855.0 1903.0 525.0 76.0 tienes mi amor prisionero

855.0 1957.0 494.0 70.0 dí de mí si quieres más.

899.0 2012.0 486.0 120.0 Adios te vuelvo a decir

857.0 2101.0 461.0 79.0 por última despedida;

859.0 2149.0 507.0 99.0 adios mi prenda querida

859.0 2209.0 424.0 113.0 es la hora de partir.
