1860 2629
649.0 959.0 651.0 202.0 TROVO ROU.

695.0 1277.0 485.0 107.0 En lo que pasa gui en dia

644.0 1345.0 533.0 87.0 degüen viudes y donselles

644.0 1408.0 518.0 73.0 protestar contra el Gobern

642.0 1450.0 472.0 90.0 perque les alaca á elles.

280.0 1627.0 511.0 90.0 No yá lo que abans habia,

243.0 1678.0 456.0 79.0 s' acabat el bon humor,

239.0 1741.0 427.0 59.0 el poble no te alegría

234.0 1792.0 459.0 59.0 viu en pena y en dolor

230.0 1840.0 504.0 85.0 en lo que pasa güi en dia.

1074.0 1645.0 608.0 92.0 Como no ya homens pa elles,

1035.0 1715.0 485.0 66.0 en tot honrat matrimoni

1033.0 1757.0 559.0 85.0 armar trenta mil querelles,

1028.0 1814.0 524.0 65.0 pera que entre el dimoni:

1030.0 1864.0 527.0 83.0 degüen viudes y donselles,

280.0 1973.0 592.0 110.0 En temps en que el or se sern

234.0 2046.0 498.0 70.0 perque ya cullites grans.

230.0 2090.0 403.0 65.0 España es un infern;

225.0 2144.0 509.0 68.0 y sols sents, ara y abans,

230.0 2199.0 539.0 77.0 protestar contra el Gobern.

1063.0 1991.0 614.0 101.0 Si á comprar van les femelles.

1026.0 2059.0 498.0 77.0 els posen sello al paper,

1035.0 2118.0 515.0 64.0 y allí se estiren les greñes

1024.0 2166.0 406.0 66.0 en el pobre botiguer

1028.0 2210.0 474.0 114.0 perque les ataca á elles.
