1753 2480
256 198 453 64 Aben-Comat del rescate

198 243 542 67 trató tambien con Guzman ;

202 293 552 76 y ya entonces con los moros

202 341 502 66 estaba el traidor don Juan.

248 386 413 68 Si rescatarse pudiera

198 444 459 60 con joyas y plata y oro,

202 485 480 68 sus padres les rescataran

198 543 424 58 dando todo su tesoro.

245 576 530 72 Mas el precio de don Fedro

200 638 457 68 era indigno de su raza,

208 690 486 70 pues por librarle querian

202 729 467 70 la rendicion de la plaza.

245 779 528 72 Guzman rechazó indignado

200 832 498 62 propuesta tan humillante,

204 878 459 64 contestando dignamente

210 923 486 81 y atento, pero arrogante;

256 973 508 62 «Solo hollando mi cadáver

210 1025 461 64 en esta plaza entrareis :

208 1074 470 64 ni busqueis otro camino

212 1126 523 70 pues tampoco le hallaréis.»

256 1175 438 67 En sacrificio se ofrece

204 1219 505 66 don Pedro muy generoso;

208 1271 451 68 no quiere deber la vida

210 1324 507 68 á un convenio deshonroso

254 1361 519 71 Trató de impedir la madre

208 1417 550 73 que el hijo al moro volviera,

212 1463 397 74 pero tampoco queria

212 1512 445 75 que Tarifa se perdiera.

260 1552 438 78 Mas el llanto de María

219 1618 405 58 no movió su corazon

212 1655 463 76 á que su vida manchara

212 1713 470 62 con una cobarde accion.

268 1746 525 80 Y de aquel pecho tan noble

217 1804 454 78 nada alcanzando María,

221 1851 380 77 probóse si doña Sol

217 1909 417 62 mas fácil le vencería.

262 1950 442 75 Mas esta digna señora,

217 2002 471 72 tan distinta de su padre,

214 2048 459 70 si bien ya le idolatraba,

221 2091 550 79 mas nunca como una madre.

274 2155 381 54 Valerosa le aconseja

214 2190 437 73 que no cometa bajeza,

221 2244 452 76 y primero que el honor

221 2302 434 105 debe perder la cabeza.

986 157 518 95 Y entre arrebatos de amor,

938 221 511 76 y de afeccion la mas pura,

934 283 517 62 le promete. si él sucumbe,

938 332 451 62 seguirle á la sepultura.

942 431 445 58 y se enardece su amor,

986 392 471 48 El la escucha extasiado,

938 473 556 66 mas si bien siente el dejarla,

938 524 473 69 prefiere á todo el honor.

940 617 585 75 de amor sincero en el mundo ;

981 570 466 66 Jamás faltarán ejemplos

944 671 463 73 pero el cariño de madre

938 717 579 70 siempre será el mas profundo.

988 770 403 62 El amor de doña Sol

940 812 531 68 hácia don Pedro era fuerte;

940 868 548 70 mas por temor de la infamia

938 917 486 66 le aconsejaba la muerte.

992 954 579 79 Mas ¿ Quién dirá los recursos,

940 1012 469 62 los ardides y las mañas

938 1060 473 68 de una madre por salvar

942 1109 467 75 al hijo de sus entrañas?

994 1153 432 74 A tantos medios María

946 1206 335 73 infatigable apeló,

942 1256 517 66 á tantos ruegos y súplicas,

948 1310 391 72 y tanto lo que lloró,

988 1347 552 89 Que aquel mozo tan bizarro,

940 1405 473 72 cual si fuera débil niño,

942 1452 451 64 olvidando el juramento

946 1504 480 66 cedió al maternal cariño.

990 1541 500 79 Que en toda lucha prolija

948 1601 478 58 sobre el amor y el deber

948 1640 548 81 entre una madre y un hijo,

950 1692 463 79 siempre vence la mujer.

992 1746 479 74 Pero Alfonso de Guzman,

950 1789 439 68 de carácter indomable,

950 1835 470 74 supo convertir en frágil

950 1897 507 62 lo que ya se creyó estable.

998 1944 444 64 Ni se crea no estuviera

952 1996 526 64 su alma de amor lacerada ;

952 2035 482 66 mas primero que la vida

952 2089 472 64 es para él palabra dada.

1000 2126 471 72 Del esposo á las razones

955 2186 438 64 no daba fuerza María ;

955 2234 471 76 que á la libertad del hijo

955 2281 405 95 ella tan sólo atendia.
