1860 2629
225 212 1330 228 El Huesped del Sevillano.

320 403 1112 114 Lela de los célebres autores señores Reoyo y Luca de Tuda

429 475 895 96 Música del eminente y popular maestro Guerrero

447 604 246 68 Corred más

405 641 746 95 que antes que sea noche debemos llegar

410 698 612 66 y volyer mañana para descansar

401 738 743 70 después de vendido lo que aquí traemos

407 779 643 77 para las mocicas que quieran casar

405 834 660 73 Para las mocicas que quieran casar.

454 876 447 61 Toledana. traigo para ti

403 911 529 90 uas galas con las que serás

405 957 349 70 la mujer más feliz

401 1007 399 73 a quien puedan amar.

405 1049 457 72 Toledana, traigo para ti.

443 1099 386 59 Lagarteranas somos

397 1130 528 96 venimos todas de Lagartera

405 1183 362 61 traemos mercancias

397 1231 528 70 de Lagartera y de Talavera.

443 1277 379 59 Lagarteranas somos

394 1307 518 92 nacimos todas en Lagartera

397 1356 390 68 lindos encajes traigo

394 1404 527 83 de Lagartera y de Talavera.

807 1518 30 101 II.

436 1459 184 168 A tarar

383 1605 742 90 que por las escaleras baja el padre Juan

390 1662 575 66 pidiendo limosna para prédicar

390 1704 645 72 y baja diciendo: «Agacháte Pedro

386 1750 640 64 agacháte Pedro y agacháte Juan.»

432 1794 557 72 Ese es nuestro cantar popular,

386 1838 636 72 con que expresa su dicha al bailar,

383 1875 691 90 la mocita gentil, que en Toledo nació

381 1919 573 96 Ese es nuestro cantar popular.

427 1967 386 68 Lagarteranas somos

381 2013 527 74 venimos todas de Lagartera

381 2059 373 55 traemos mercancias

381 2090 524 87 de Lagartera y de Talavera.

421 2144 383 70 Lugarteranas somos

375 2195 528 72 nacimos todas en Lagartera

375 2230 397 70 lindos encajes traigo

375 2280 526 90 de Lagartera y de Talavera

550 2394 570 61 Impronta lnglesa — Dou, n°4
