<?xml version="1.0" encoding="UTF-8"?>
<alto xmlns:xsi="http://www.w3.org/2001/XMLSchema-instance"
      xmlns="http://www.loc.gov/standards/alto/ns-v4#"
      xsi:schemaLocation="http://www.loc.gov/standards/alto/ns-v4# http://www.loc.gov/standards/alto/v4/alto-4-2.xsd">
  <Description>
    <MeasurementUnit>pixel</MeasurementUnit>
    <sourceImageInformation>
      <fileName>Varios_114_2.jpg</fileName>
      
    </sourceImageInformation>
  </Description>
  
  <Tags>
    <OtherTag ID="BT221" LABEL="CustomZone:impresorNum" DESCRIPTION="block type CustomZone:impresorNum"/><OtherTag ID="BT222" LABEL="CustomZone:numero_pliego" DESCRIPTION="block type CustomZone:numero_pliego"/><OtherTag ID="BT223" LABEL="CustomZone:title" DESCRIPTION="block type CustomZone:title"/><OtherTag ID="BT224" LABEL="GraphicZone:illustration" DESCRIPTION="block type GraphicZone:illustration"/><OtherTag ID="BT225" LABEL="GraphicZone:ornamentation" DESCRIPTION="block type GraphicZone:ornamentation"/><OtherTag ID="BT226" LABEL="MainZone" DESCRIPTION="block type MainZone"/><OtherTag ID="BT227" LABEL="MainZone:columns" DESCRIPTION="block type MainZone:columns"/><OtherTag ID="BT228" LABEL="MarginTextZone:colophon" DESCRIPTION="block type MarginTextZone:colophon"/><OtherTag ID="BT229" LABEL="MarginTextZone:note" DESCRIPTION="block type MarginTextZone:note"/><OtherTag ID="BT230" LABEL="MusicZone" DESCRIPTION="block type MusicZone"/><OtherTag ID="BT231" LABEL="NumberingZone:page" DESCRIPTION="block type NumberingZone:page"/><OtherTag ID="BT232" LABEL="QuireMarksZone:catchwords" DESCRIPTION="block type QuireMarksZone:catchwords"/><OtherTag ID="BT233" LABEL="QuireMarksZone:signature" DESCRIPTION="block type QuireMarksZone:signature"/><OtherTag ID="BT234" LABEL="RunningTitleZone" DESCRIPTION="block type RunningTitleZone"/>
    <OtherTag ID="LT81" LABEL="CustomLine:propriedad" DESCRIPTION="line type CustomLine:propriedad"/><OtherTag ID="LT82" LABEL="CustomLine:trailer" DESCRIPTION="line type CustomLine:trailer"/><OtherTag ID="LT83" LABEL="DefaultLine" DESCRIPTION="line type DefaultLine"/><OtherTag ID="LT84" LABEL="HeadingLine" DESCRIPTION="line type HeadingLine"/>
  </Tags>
  
  <Layout>
    <Page WIDTH="2148"
          HEIGHT="3034"
          PHYSICAL_IMG_NR="449"
          ID="eSc_dummypage_">
      <PrintSpace HPOS="0"
                  VPOS="0"
                  WIDTH="2148"
                  HEIGHT="3034">
        
        <TextBlock HPOS="384.0"
                   VPOS="303.0"
                   WIDTH="778.0"
                   HEIGHT="2248.0"
                   ID="eSc_textblock_cfc46bd9"
                   TAGREFS="BT227">
          <Shape><Polygon POINTS="1130 2485 1124 2551 384 2515 384 2447 465 2434 485 303 1096 308 1096 546 974 546 974 620 1075 620 1075 636 1162 636 1162 744 1054 744 1054 831 1050 831 1050 856 967 856 967 934 1050 934 1050 1028 1133 1028 1133 1106 997 1106 997 1198 1100 1198 1100 1242 1160 1242 1160 1325 1107 1325 1107 1400 1054 1400 1054 1536 1002 1536 1002 1582 891 1582 891 1667 995 1667 995 1876 1098 1876 1098 2013 1025 2013 1025 2062 1061 2062 1061 2277 1029 2277 1029 2459 1135 2459 1135 2485"/></Shape>
          
          
          <TextLine ID="eSc_line_9a7a6e90"
                    
                    BASELINE="506 348 999 356" 
                    HPOS="500.0"
                    VPOS="273.0"
                    WIDTH="499.0"
                    HEIGHT="96.0">
            <Shape><Polygon POINTS="506 348 508 275 549 293 619 280 619 280 619 280 622 280 791 295 827 275 827 273 829 273 829 273 829 273 832 273 832 273 834 273 834 273 834 273 837 273 837 273 837 273 842 275 885 298 933 275 933 275 933 275 936 275 936 275 936 275 938 275 999 275 999 356 994 369 500 361"/></Shape>
	    <String CONTENT="Yo aqui ya y estat malal..."
                    HPOS="500.0"
                    VPOS="273.0"
                    WIDTH="499.0"
                    HEIGHT="96.0"></String>
          </TextLine>

          
          
          <TextLine ID="eSc_line_42f2d50f"
                    
                    BASELINE="506 396 1065 396" 
                    HPOS="503.0"
                    VPOS="356.0"
                    WIDTH="562.0"
                    HEIGHT="56.0">
            <Shape><Polygon POINTS="506 396 506 356 1065 356 1065 396 1062 412 503 409"/></Shape>
	    <String CONTENT="pero alló sols va se un somni,"
                    HPOS="503.0"
                    VPOS="356.0"
                    WIDTH="562.0"
                    HEIGHT="56.0"></String>
          </TextLine>

          
          
          <TextLine ID="eSc_line_e4077e3e"
                    
                    BASELINE="506 439 1085 439" 
                    HPOS="506.0"
                    VPOS="396.0"
                    WIDTH="579.0"
                    HEIGHT="64.0">
            <Shape><Polygon POINTS="506 439 506 396 1085 399 1085 439 1085 455 506 460"/></Shape>
	    <String CONTENT="pues per tení un poch lo vomit"
                    HPOS="506.0"
                    VPOS="396.0"
                    WIDTH="579.0"
                    HEIGHT="64.0"></String>
          </TextLine>

          
          
          <TextLine ID="eSc_line_67b84665"
                    
                    BASELINE="506 485 1039 485" 
                    HPOS="506.0"
                    VPOS="447.0"
                    WIDTH="533.0"
                    HEIGHT="53.0">
            <Shape><Polygon POINTS="506 485 506 447 1039 447 1039 485 1039 498 506 500"/></Shape>
	    <String CONTENT="ya &#39;m van fe aná al hospital."
                    HPOS="506.0"
                    VPOS="447.0"
                    WIDTH="533.0"
                    HEIGHT="53.0"></String>
          </TextLine>

          
          
          <TextLine ID="eSc_line_5a0504c2"
                    
                    BASELINE="506 525 1065 530" 
                    HPOS="500.0"
                    VPOS="485.0"
                    WIDTH="565.0"
                    HEIGHT="58.0">
            <Shape><Polygon POINTS="506 525 506 485 1062 490 1065 530 1060 543 500 538"/></Shape>
	    <String CONTENT="Ya &#39;m van curá aquells jueus"
                    HPOS="500.0"
                    VPOS="485.0"
                    WIDTH="565.0"
                    HEIGHT="58.0"></String>
          </TextLine>

          
          
          <TextLine ID="eSc_line_1d48f92f"
                    
                    BASELINE="506 571 941 576" 
                    HPOS="500.0"
                    VPOS="525.0"
                    WIDTH="441.0"
                    HEIGHT="61.0">
            <Shape><Polygon POINTS="506 571 506 525 938 533 941 576 936 586 500 584"/></Shape>
	    <String CONTENT="ab medicinas antiguas."
                    HPOS="500.0"
                    VPOS="525.0"
                    WIDTH="441.0"
                    HEIGHT="61.0"></String>
          </TextLine>

          
          
          <TextLine ID="eSc_line_b4ed44db"
                    
                    BASELINE="506 619 933 616" 
                    HPOS="503.0"
                    VPOS="576.0"
                    WIDTH="430.0"
                    HEIGHT="61.0">
            <Shape><Polygon POINTS="506 619 503 576 928 578 933 616 931 637 506 637"/></Shape>
	    <String CONTENT="Ara pateixo de niguas"
                    HPOS="503.0"
                    VPOS="576.0"
                    WIDTH="430.0"
                    HEIGHT="61.0"></String>
          </TextLine>

          
          
          <TextLine ID="eSc_line_41a89e17"
                    
                    BASELINE="503 659 1092 664" 
                    HPOS="498.0"
                    VPOS="619.0"
                    WIDTH="594.0"
                    HEIGHT="58.0">
            <Shape><Polygon POINTS="503 659 503 619 1090 624 1092 664 1087 677 498 672"/></Shape>
	    <String CONTENT="que se &#39;m van menján los peus."
                    HPOS="498.0"
                    VPOS="619.0"
                    WIDTH="594.0"
                    HEIGHT="58.0"></String>
          </TextLine>

          
          
          <TextLine ID="eSc_line_c9398918"
                    
                    BASELINE="500 705 1146 710" 
                    HPOS="495.0"
                    VPOS="654.0"
                    WIDTH="651.0"
                    HEIGHT="69.0">
            <Shape><Polygon POINTS="500 705 500 654 1143 667 1146 710 1141 723 495 718"/></Shape>
	    <String CONTENT="La sort de un company mol maco"
                    HPOS="495.0"
                    VPOS="654.0"
                    WIDTH="651.0"
                    HEIGHT="69.0"></String>
          </TextLine>

          
          
          <TextLine ID="eSc_line_4286fc4b"
                    
                    BASELINE="503 753 1017 750" 
                    HPOS="495.0"
                    VPOS="702.0"
                    WIDTH="522.0"
                    HEIGHT="71.0">
            <Shape><Polygon POINTS="503 753 495 718 541 702 543 702 543 702 543 702 546 702 1012 715 1017 750 1012 773 500 768"/></Shape>
	    <String CONTENT="que matarlas me assegura;"
                    HPOS="495.0"
                    VPOS="702.0"
                    WIDTH="522.0"
                    HEIGHT="71.0"></String>
          </TextLine>

          
          
          <TextLine ID="eSc_line_dcf5a651"
                    
                    BASELINE="503 796 1039 801" 
                    HPOS="498.0"
                    VPOS="755.0"
                    WIDTH="541.0"
                    HEIGHT="56.0">
            <Shape><Polygon POINTS="503 796 503 755 1037 761 1039 801 1034 811 498 809"/></Shape>
	    <String CONTENT="sab lo remey, y me las cura"
                    HPOS="498.0"
                    VPOS="755.0"
                    WIDTH="541.0"
                    HEIGHT="56.0"></String>
          </TextLine>

          
          
          <TextLine ID="eSc_line_8c4558e7"
                    
                    BASELINE="503 844 948 839" 
                    HPOS="498.0"
                    VPOS="801.0"
                    WIDTH="450.0"
                    HEIGHT="58.0">
            <Shape><Polygon POINTS="503 844 498 806 941 801 948 839 946 859 500 854"/></Shape>
	    <String CONTENT="ab la cendra de tabacu."
                    HPOS="498.0"
                    VPOS="801.0"
                    WIDTH="450.0"
                    HEIGHT="58.0"></String>
          </TextLine>

          
          
          <TextLine ID="eSc_line_26b09acd"
                    
                    BASELINE="503 882 931 889" 
                    HPOS="498.0"
                    VPOS="836.0"
                    WIDTH="433.0"
                    HEIGHT="74.0">
            <Shape><Polygon POINTS="503 882 503 836 928 849 931 889 925 910 498 897"/></Shape>
	    <String CONTENT="Pero ya estich aborrit"
                    HPOS="498.0"
                    VPOS="836.0"
                    WIDTH="433.0"
                    HEIGHT="74.0"></String>
          </TextLine>

          
          
          <TextLine ID="eSc_line_04247bc1"
                    
                    BASELINE="503 932 903 932" 
                    HPOS="503.0"
                    VPOS="892.0"
                    WIDTH="400.0"
                    HEIGHT="63.0">
            <Shape><Polygon POINTS="503 932 503 892 903 892 903 932 903 955 503 955"/></Shape>
	    <String CONTENT="y voldria tocá &#39;l dós;"
                    HPOS="503.0"
                    VPOS="892.0"
                    WIDTH="400.0"
                    HEIGHT="63.0"></String>
          </TextLine>

          
          
          <TextLine ID="eSc_line_94f99733"
                    
                    BASELINE="503 975 1032 980" 
                    HPOS="498.0"
                    VPOS="935.0"
                    WIDTH="534.0"
                    HEIGHT="66.0">
            <Shape><Polygon POINTS="503 975 503 935 1032 940 1032 980 1027 1001 498 998"/></Shape>
	    <String CONTENT="perque aquí, no tinch repós"
                    HPOS="498.0"
                    VPOS="935.0"
                    WIDTH="534.0"
                    HEIGHT="66.0"></String>
          </TextLine>

          
          
          <TextLine ID="eSc_line_b0a320ab"
                    
                    BASELINE="503 1018 860 1023" 
                    HPOS="498.0"
                    VPOS="975.0"
                    WIDTH="362.0"
                    HEIGHT="59.0">
            <Shape><Polygon POINTS="503 1018 500 978 855 975 860 1023 855 1034 498 1031"/></Shape>
	    <String CONTENT="ni de dia ni de nit."
                    HPOS="498.0"
                    VPOS="975.0"
                    WIDTH="362.0"
                    HEIGHT="59.0"></String>
          </TextLine>

          
          
          <TextLine ID="eSc_line_7419ef8b"
                    
                    BASELINE="506 1064 1126 1066" 
                    HPOS="498.0"
                    VPOS="1016.0"
                    WIDTH="627.0"
                    HEIGHT="63.0">
            <Shape><Polygon POINTS="503 1061 503 1016 1125 1021 1125 1064 1120 1079 498 1077"/></Shape>
	    <String CONTENT="Valgam que &#39;l beure acompanya"
                    HPOS="498.0"
                    VPOS="1016.0"
                    WIDTH="627.0"
                    HEIGHT="63.0"></String>
          </TextLine>

          
          
          <TextLine ID="eSc_line_e7d05242"
                    
                    BASELINE="498 1114 936 1114" 
                    HPOS="498.0"
                    VPOS="1072.0"
                    WIDTH="438.0"
                    HEIGHT="58.0">
            <Shape><Polygon POINTS="498 1114 498 1072 936 1072 936 1114 936 1127 498 1130"/></Shape>
	    <String CONTENT="á passá tan trista sort:"
                    HPOS="498.0"
                    VPOS="1072.0"
                    WIDTH="438.0"
                    HEIGHT="58.0"></String>
          </TextLine>

          
          
          <TextLine ID="eSc_line_6d2ef9a9"
                    
                    BASELINE="500 1157 951 1157" 
                    HPOS="498.0"
                    VPOS="1109.0"
                    WIDTH="453.0"
                    HEIGHT="61.0">
            <Shape><Polygon POINTS="500 1157 498 1120 948 1109 951 1157 951 1170 500 1170"/></Shape>
	    <String CONTENT="que si no, ya fora mort"
                    HPOS="498.0"
                    VPOS="1109.0"
                    WIDTH="453.0"
                    HEIGHT="61.0"></String>
          </TextLine>

          
          
          <TextLine ID="eSc_line_32825ee1"
                    
                    BASELINE="498 1200 974 1206" 
                    HPOS="493.0"
                    VPOS="1157.0"
                    WIDTH="481.0"
                    HEIGHT="56.0">
            <Shape><Polygon POINTS="498 1200 498 1157 971 1163 974 1206 969 1213 493 1211"/></Shape>
	    <String CONTENT="sinó begués tanta canya."
                    HPOS="493.0"
                    VPOS="1157.0"
                    WIDTH="481.0"
                    HEIGHT="56.0"></String>
          </TextLine>

          
          
          <TextLine ID="eSc_line_17e4bef1"
                    
                    BASELINE="500 1243 1077 1248" 
                    HPOS="495.0"
                    VPOS="1193.0"
                    WIDTH="582.0"
                    HEIGHT="68.0">
            <Shape><Polygon POINTS="500 1243 500 1193 1077 1208 1077 1248 1072 1261 495 1256"/></Shape>
	    <String CONTENT="Donch vinga Canya y am ells,"
                    HPOS="495.0"
                    VPOS="1193.0"
                    WIDTH="582.0"
                    HEIGHT="68.0"></String>
          </TextLine>

          
          
          <TextLine ID="eSc_line_f02ebde7"
                    
                    BASELINE="500 1294 1146 1289" 
                    HPOS="495.0"
                    VPOS="1246.0"
                    WIDTH="651.0"
                    HEIGHT="66.0">
            <Shape><Polygon POINTS="500 1294 495 1254 1138 1246 1146 1289 1143 1312 500 1312"/></Shape>
	    <String CONTENT="que &#39;ls espanyols, ya &#39;s pot creure"
                    HPOS="495.0"
                    VPOS="1246.0"
                    WIDTH="651.0"
                    HEIGHT="66.0"></String>
          </TextLine>

          
          
          <TextLine ID="eSc_line_69b26b47"
                    
                    BASELINE="495 1337 1042 1337" 
                    HPOS="495.0"
                    VPOS="1299.0"
                    WIDTH="547.0"
                    HEIGHT="56.0">
            <Shape><Polygon POINTS="495 1337 495 1299 1042 1299 1042 1337 1042 1355 495 1355"/></Shape>
	    <String CONTENT="si no&#39;ns falta menjá y beure"
                    HPOS="495.0"
                    VPOS="1299.0"
                    WIDTH="547.0"
                    HEIGHT="56.0"></String>
          </TextLine>

          
          
          <TextLine ID="eSc_line_89a9d3ee"
                    
                    BASELINE="498 1380 1090 1385" 
                    HPOS="493.0"
                    VPOS="1340.0"
                    WIDTH="597.0"
                    HEIGHT="55.0">
            <Shape><Polygon POINTS="498 1380 498 1340 1087 1345 1090 1385 1085 1395 493 1390"/></Shape>
	    <String CONTENT="tots som forts com ha Castells."
                    HPOS="493.0"
                    VPOS="1340.0"
                    WIDTH="597.0"
                    HEIGHT="55.0"></String>
          </TextLine>

          
          
          <TextLine ID="eSc_line_579e33b9"
                    
                    BASELINE="495 1425 1006 1425" 
                    HPOS="495.0"
                    VPOS="1388.0"
                    WIDTH="511.0"
                    HEIGHT="53.0">
            <Shape><Polygon POINTS="495 1425 495 1388 1006 1390 1006 1425 1006 1441 495 1441"/></Shape>
	    <String CONTENT="Pero vey que aqui la gana"
                    HPOS="495.0"
                    VPOS="1388.0"
                    WIDTH="511.0"
                    HEIGHT="53.0"></String>
          </TextLine>

          
          
          <TextLine ID="eSc_line_1994bee5"
                    
                    BASELINE="498 1468 1006 1474" 
                    HPOS="493.0"
                    VPOS="1420.0"
                    WIDTH="513.0"
                    HEIGHT="64.0">
            <Shape><Polygon POINTS="498 1468 498 1420 1004 1433 1006 1474 1001 1484 493 1481"/></Shape>
	    <String CONTENT="sempre se ha fet respectá:"
                    HPOS="493.0"
                    VPOS="1420.0"
                    WIDTH="513.0"
                    HEIGHT="64.0"></String>
          </TextLine>

          
          
          <TextLine ID="eSc_line_25b270f4"
                    
                    BASELINE="495 1517 1057 1517" 
                    HPOS="495.0"
                    VPOS="1458.0"
                    WIDTH="562.0"
                    HEIGHT="94.0">
            <Shape><Polygon POINTS="495 1517 495 1474 946 1479 1055 1458 1057 1517 1055 1552 900 1529 761 1544 723 1547 723 1547 721 1547 721 1547 718 1547 700 1542 662 1532 495 1534"/></Shape>
	    <String CONTENT="¡Cuans cops tenim de passá"
                    HPOS="495.0"
                    VPOS="1458.0"
                    WIDTH="562.0"
                    HEIGHT="94.0"></String>
          </TextLine>

          
          
          <TextLine ID="eSc_line_12921cf2"
                    
                    BASELINE="495 1554 981 1562" 
                    HPOS="493.0"
                    VPOS="1514.0"
                    WIDTH="488.0"
                    HEIGHT="66.0">
            <Shape><Polygon POINTS="495 1554 495 1514 979 1517 981 1562 979 1580 493 1580"/></Shape>
	    <String CONTENT="mitg dijúns una setmana!"
                    HPOS="493.0"
                    VPOS="1514.0"
                    WIDTH="488.0"
                    HEIGHT="66.0"></String>
          </TextLine>

          
          
          <TextLine ID="eSc_line_515f1d12"
                    
                    BASELINE="503 1600 870 1608" 
                    HPOS="500.0"
                    VPOS="1557.0"
                    WIDTH="370.0"
                    HEIGHT="66.0">
            <Shape><Polygon POINTS="503 1600 503 1557 867 1567 870 1608 867 1623 500 1623"/></Shape>
	    <String CONTENT="Y camina per aquí;"
                    HPOS="500.0"
                    VPOS="1557.0"
                    WIDTH="370.0"
                    HEIGHT="66.0"></String>
          </TextLine>

          
          
          <TextLine ID="eSc_line_8e31e8d9"
                    
                    BASELINE="495 1645 862 1651" 
                    HPOS="490.0"
                    VPOS="1608.0"
                    WIDTH="372.0"
                    HEIGHT="65.0">
            <Shape><Polygon POINTS="495 1645 495 1608 860 1613 862 1651 857 1673 490 1668"/></Shape>
	    <String CONTENT="ara corra per allá,"
                    HPOS="490.0"
                    VPOS="1608.0"
                    WIDTH="372.0"
                    HEIGHT="65.0"></String>
          </TextLine>

          
          
          <TextLine ID="eSc_line_728a61b1"
                    
                    BASELINE="495 1691 928 1696" 
                    HPOS="490.0"
                    VPOS="1638.0"
                    WIDTH="438.0"
                    HEIGHT="76.0">
            <Shape><Polygon POINTS="495 1691 495 1648 807 1658 850 1638 852 1638 852 1638 852 1638 855 1638 855 1638 857 1638 928 1638 928 1696 923 1714 490 1704"/></Shape>
	    <String CONTENT="sense deixáns reposá;"
                    HPOS="490.0"
                    VPOS="1638.0"
                    WIDTH="438.0"
                    HEIGHT="76.0"></String>
          </TextLine>

          
          
          <TextLine ID="eSc_line_d4d8fa92"
                    
                    BASELINE="495 1736 931 1742" 
                    HPOS="493.0"
                    VPOS="1691.0"
                    WIDTH="438.0"
                    HEIGHT="66.0">
            <Shape><Polygon POINTS="495 1736 495 1691 931 1699 931 1742 928 1757 493 1757"/></Shape>
	    <String CONTENT="ni un rato pera dormí."
                    HPOS="493.0"
                    VPOS="1691.0"
                    WIDTH="438.0"
                    HEIGHT="66.0"></String>
          </TextLine>

          
          
          <TextLine ID="eSc_line_2ba02466"
                    
                    BASELINE="495 1782 971 1787" 
                    HPOS="488.0"
                    VPOS="1736.0"
                    WIDTH="483.0"
                    HEIGHT="76.0">
            <Shape><Polygon POINTS="495 1782 495 1736 971 1739 971 1787 963 1812 910 1800 751 1805 551 1810 549 1810 549 1810 546 1810 488 1792"/></Shape>
	    <String CONTENT="Carregat ab la motxilla;"
                    HPOS="488.0"
                    VPOS="1736.0"
                    WIDTH="483.0"
                    HEIGHT="76.0"></String>
          </TextLine>

          
          
          <TextLine ID="eSc_line_ab0e484a"
                    
                    BASELINE="495 1830 946 1830" 
                    HPOS="495.0"
                    VPOS="1785.0"
                    WIDTH="451.0"
                    HEIGHT="68.0">
            <Shape><Polygon POINTS="495 1830 495 1785 946 1792 946 1830 946 1853 495 1853"/></Shape>
	    <String CONTENT="las municións, lo fusell,"
                    HPOS="495.0"
                    VPOS="1785.0"
                    WIDTH="451.0"
                    HEIGHT="68.0"></String>
          </TextLine>

          
          
          <TextLine ID="eSc_line_1f53cf42"
                    
                    BASELINE="495 1876 941 1876" 
                    HPOS="495.0"
                    VPOS="1835.0"
                    WIDTH="446.0"
                    HEIGHT="58.0">
            <Shape><Polygon POINTS="495 1876 495 1835 941 1835 941 1876 941 1886 495 1893"/></Shape>
	    <String CONTENT="y la roba. Y de la pell,"
                    HPOS="495.0"
                    VPOS="1835.0"
                    WIDTH="446.0"
                    HEIGHT="58.0"></String>
          </TextLine>

          
          
          <TextLine ID="eSc_line_74d79824"
                    
                    BASELINE="495 1916 1087 1921" 
                    HPOS="490.0"
                    VPOS="1870.0"
                    WIDTH="597.0"
                    HEIGHT="66.0">
            <Shape><Polygon POINTS="495 1916 493 1873 1082 1870 1087 1921 1082 1936 490 1929"/></Shape>
	    <String CONTENT="anem mes bruts que una guilla."
                    HPOS="490.0"
                    VPOS="1870.0"
                    WIDTH="597.0"
                    HEIGHT="66.0"></String>
          </TextLine>

          
          
          <TextLine ID="eSc_line_fd3687b0"
                    
                    BASELINE="495 1959 958 1964" 
                    HPOS="490.0"
                    VPOS="1913.0"
                    WIDTH="468.0"
                    HEIGHT="71.0">
            <Shape><Polygon POINTS="495 1959 495 1913 956 1924 958 1964 953 1984 490 1977"/></Shape>
	    <String CONTENT="¡vaya unas delicias tens"
                    HPOS="490.0"
                    VPOS="1913.0"
                    WIDTH="468.0"
                    HEIGHT="71.0"></String>
          </TextLine>

          
          
          <TextLine ID="eSc_line_fd119616"
                    
                    BASELINE="500 2002 1065 2007" 
                    HPOS="495.0"
                    VPOS="1964.0"
                    WIDTH="570.0"
                    HEIGHT="61.0">
            <Shape><Polygon POINTS="500 2002 500 1964 1062 1964 1065 2007 1060 2025 495 2017"/></Shape>
	    <String CONTENT="en aquets terrenos de aquí!"
                    HPOS="495.0"
                    VPOS="1964.0"
                    WIDTH="570.0"
                    HEIGHT="61.0"></String>
          </TextLine>

          
          
          <TextLine ID="eSc_line_5b66dfdc"
                    
                    BASELINE="495 2050 986 2055" 
                    HPOS="493.0"
                    VPOS="2002.0"
                    WIDTH="493.0"
                    HEIGHT="63.0">
            <Shape><Polygon POINTS="495 2050 495 2002 984 2012 986 2055 984 2063 493 2065"/></Shape>
	    <String CONTENT="No podém may tastá &#39;l ví,"
                    HPOS="493.0"
                    VPOS="2002.0"
                    WIDTH="493.0"
                    HEIGHT="63.0"></String>
          </TextLine>

          
          
          <TextLine ID="eSc_line_ebb82bb9"
                    
                    BASELINE="495 2098 1039 2093" 
                    HPOS="493.0"
                    VPOS="2053.0"
                    WIDTH="546.0"
                    HEIGHT="60.0">
            <Shape><Polygon POINTS="495 2098 493 2053 1034 2053 1039 2093 1037 2111 495 2113"/></Shape>
	    <String CONTENT="y sempre la mort á las dens."
                    HPOS="493.0"
                    VPOS="2053.0"
                    WIDTH="546.0"
                    HEIGHT="60.0"></String>
          </TextLine>

          
          
          <TextLine ID="eSc_line_fa6bb087"
                    
                    BASELINE="495 2144 963 2138" 
                    HPOS="493.0"
                    VPOS="2095.0"
                    WIDTH="470.0"
                    HEIGHT="61.0">
            <Shape><Polygon POINTS="495 2144 493 2095 958 2095 963 2138 961 2154 495 2156"/></Shape>
	    <String CONTENT="Nada nada, vinga foch"
                    HPOS="493.0"
                    VPOS="2095.0"
                    WIDTH="470.0"
                    HEIGHT="61.0"></String>
          </TextLine>

          
          
          <TextLine ID="eSc_line_6d9a92df"
                    
                    BASELINE="495 2187 1049 2187" 
                    HPOS="495.0"
                    VPOS="2146.0"
                    WIDTH="554.0"
                    HEIGHT="66.0">
            <Shape><Polygon POINTS="495 2187 495 2146 1049 2146 1049 2187 1049 2212 495 2212"/></Shape>
	    <String CONTENT="y aném seguin la Campanya;"
                    HPOS="495.0"
                    VPOS="2146.0"
                    WIDTH="554.0"
                    HEIGHT="66.0"></String>
          </TextLine>

          
          
          <TextLine ID="eSc_line_77fe4f0e"
                    
                    BASELINE="495 2232 969 2232" 
                    HPOS="493.0"
                    VPOS="2189.0"
                    WIDTH="476.0"
                    HEIGHT="61.0">
            <Shape><Polygon POINTS="495 2232 493 2192 966 2189 969 2232 966 2250 493 2245"/></Shape>
	    <String CONTENT="vinga tassajo y la canya,"
                    HPOS="493.0"
                    VPOS="2189.0"
                    WIDTH="476.0"
                    HEIGHT="61.0"></String>
          </TextLine>

          
          
          <TextLine ID="eSc_line_bfa6ad3f"
                    
                    BASELINE="495 2278 976 2278" 
                    HPOS="495.0"
                    VPOS="2232.0"
                    WIDTH="481.0"
                    HEIGHT="66.0">
            <Shape><Polygon POINTS="495 2278 495 2232 976 2237 976 2278 976 2290 495 2298"/></Shape>
	    <String CONTENT="y aném aguantán lo joch."
                    HPOS="495.0"
                    VPOS="2232.0"
                    WIDTH="481.0"
                    HEIGHT="66.0"></String>
          </TextLine>

          
          
          <TextLine ID="eSc_line_e647bc21"
                    
                    BASELINE="495 2323 996 2323" 
                    HPOS="493.0"
                    VPOS="2275.0"
                    WIDTH="503.0"
                    HEIGHT="66.0">
            <Shape><Polygon POINTS="495 2323 493 2280 994 2275 996 2323 996 2336 495 2341"/></Shape>
	    <String CONTENT="¿Qui es aquéll que ara ve?"
                    HPOS="493.0"
                    VPOS="2275.0"
                    WIDTH="503.0"
                    HEIGHT="66.0"></String>
          </TextLine>

          
          
          <TextLine ID="eSc_line_93276de2"
                    
                    BASELINE="493 2363 1009 2369" 
                    HPOS="488.0"
                    VPOS="2321.0"
                    WIDTH="521.0"
                    HEIGHT="58.0">
            <Shape><Polygon POINTS="493 2363 493 2321 1009 2326 1009 2369 1004 2379 488 2374"/></Shape>
	    <String CONTENT="Lo Toribio, aquell baturro."
                    HPOS="488.0"
                    VPOS="2321.0"
                    WIDTH="521.0"
                    HEIGHT="58.0"></String>
          </TextLine>

          
          
          <TextLine ID="eSc_line_88867b31"
                    
                    BASELINE="493 2412 999 2412" 
                    HPOS="490.0"
                    VPOS="2366.0"
                    WIDTH="509.0"
                    HEIGHT="63.0">
            <Shape><Polygon POINTS="493 2412 490 2369 996 2366 999 2412 999 2429 493 2429"/></Shape>
	    <String CONTENT="¡Quin aragonés mes burro,"
                    HPOS="490.0"
                    VPOS="2366.0"
                    WIDTH="509.0"
                    HEIGHT="63.0"></String>
          </TextLine>

          
          
          <TextLine ID="eSc_line_aa3b3f69"
                    
                    BASELINE="495 2452 979 2457" 
                    HPOS="493.0"
                    VPOS="2409.0"
                    WIDTH="486.0"
                    HEIGHT="63.0">
            <Shape><Polygon POINTS="495 2452 495 2409 976 2409 979 2457 976 2472 493 2472"/></Shape>
	    <String CONTENT="y tan viu que &#39;s pensa se."
                    HPOS="493.0"
                    VPOS="2409.0"
                    WIDTH="486.0"
                    HEIGHT="63.0"></String>
          </TextLine>

          
          
          <TextLine ID="eSc_line_9cc1d554"
                    
                    BASELINE="384 2500 1130 2500" 
                    HPOS="384.0"
                    VPOS="2444.0"
                    WIDTH="746.0"
                    HEIGHT="117.0">
            <Shape><Polygon POINTS="384 2500 384 2444 695 2460 1128 2447 1130 2500 1130 2525 1077 2528 1044 2558 1044 2558 1042 2558 1042 2558 1042 2558 1039 2558 1039 2558 1039 2558 1037 2558 1037 2558 1037 2558 1034 2558 961 2533 941 2528 845 2528 829 2540 812 2556 812 2558 812 2558 809 2558 809 2558 809 2558 807 2558 807 2558 807 2561 766 2561 764 2558 764 2558 761 2558 761 2558 761 2558 759 2558 736 2543 710 2528 617 2528 584 2551 574 2558 571 2558 571 2558 571 2558 569 2558 569 2558 569 2561 384 2561"/></Shape>
	    <String CONTENT="Surt Toribio. Ola chiquio, buenos dias."
                    HPOS="384.0"
                    VPOS="2444.0"
                    WIDTH="746.0"
                    HEIGHT="117.0"></String>
          </TextLine>

          
        </TextBlock>
        
        <TextBlock HPOS="1135.0"
                   VPOS="308.0"
                   WIDTH="810.0"
                   HEIGHT="2227.0"
                   ID="eSc_textblock_45d2e079"
                   TAGREFS="BT227">
          <Shape><Polygon POINTS="1783 313 1864 364 1905 533 1824 725 1945 809 1884 1254 1945 1504 1864 1678 1925 1989 1854 2144 1894 2394 1824 2505 1340 2535 1243 2535 1243 2429 1222 2429 1222 2397 1137 2397 1137 2078 1153 2078 1153 1823 1137 1823 1137 1653 1144 1653 1144 1637 1243 1637 1243 1552 1144 1552 1144 1428 1199 1428 1199 1421 1247 1421 1247 1242 1252 1242 1252 1148 1151 1148 1151 1010 1149 1010 1149 852 1195 852 1195 813 1229 813 1229 636 1234 636 1234 562 1135 562 1135 308"/></Shape>
          
          
          <TextLine ID="eSc_line_45740480"
                    
                    BASELINE="1158 353 1765 353" 
                    HPOS="1156.0"
                    VPOS="283.0"
                    WIDTH="609.0"
                    HEIGHT="86.0">
            <Shape><Polygon POINTS="1158 353 1158 285 1325 300 1406 293 1497 283 1497 283 1500 283 1500 283 1502 283 1553 298 1568 303 1765 305 1765 353 1763 369 1156 366"/></Shape>
	    <String CONTENT="Bertrán. Buenus dias y banora."
                    HPOS="1156.0"
                    VPOS="283.0"
                    WIDTH="609.0"
                    HEIGHT="86.0"></String>
          </TextLine>

          
          
          <TextLine ID="eSc_line_532676d0"
                    
                    BASELINE="1161 399 1831 399" 
                    HPOS="1158.0"
                    VPOS="348.0"
                    WIDTH="673.0"
                    HEIGHT="69.0">
            <Shape><Polygon POINTS="1161 399 1158 353 1829 348 1831 399 1829 417 1158 412"/></Shape>
	    <String CONTENT="Toribio. ¡Como aprovechas la hora!"
                    HPOS="1158.0"
                    VPOS="348.0"
                    WIDTH="673.0"
                    HEIGHT="69.0"></String>
          </TextLine>

          
          
          <TextLine ID="eSc_line_a9f507a1"
                    
                    BASELINE="1161 439 1808 447" 
                    HPOS="1156.0"
                    VPOS="396.0"
                    WIDTH="652.0"
                    HEIGHT="61.0">
            <Shape><Polygon POINTS="1161 439 1161 396 1806 399 1808 447 1803 457 1156 455"/></Shape>
	    <String CONTENT="Bertrán. Ca, mato las penas mias."
                    HPOS="1156.0"
                    VPOS="396.0"
                    WIDTH="652.0"
                    HEIGHT="61.0"></String>
          </TextLine>

          
          
          <TextLine ID="eSc_line_84d079a8"
                    
                    BASELINE="1163 482 1803 487" 
                    HPOS="1158.0"
                    VPOS="442.0"
                    WIDTH="645.0"
                    HEIGHT="61.0">
            <Shape><Polygon POINTS="1163 482 1163 442 1801 442 1803 487 1798 503 1158 495"/></Shape>
	    <String CONTENT="Toribio. ¿Y Como vamos Beltrán?"
                    HPOS="1158.0"
                    VPOS="442.0"
                    WIDTH="645.0"
                    HEIGHT="61.0"></String>
          </TextLine>

          
          
          <TextLine ID="eSc_line_1c5cd12c"
                    
                    BASELINE="1161 530 1874 536" 
                    HPOS="1156.0"
                    VPOS="480.0"
                    WIDTH="718.0"
                    HEIGHT="73.0">
            <Shape><Polygon POINTS="1161 530 1161 480 1588 493 1869 480 1874 536 1869 553 1156 546"/></Shape>
	    <String CONTENT="Bertrán. Ya lo puedes ver; comiendu"
                    HPOS="1156.0"
                    VPOS="480.0"
                    WIDTH="718.0"
                    HEIGHT="73.0"></String>
          </TextLine>

          
          
          <TextLine ID="eSc_line_9a6646e9"
                    
                    BASELINE="1270 578 1730 578" 
                    HPOS="1270.0"
                    VPOS="538.0"
                    WIDTH="460.0"
                    HEIGHT="61.0">
            <Shape><Polygon POINTS="1270 578 1270 538 1730 538 1730 578 1730 596 1270 599"/></Shape>
	    <String CONTENT="y algún basitu baviendu"
                    HPOS="1270.0"
                    VPOS="538.0"
                    WIDTH="460.0"
                    HEIGHT="61.0"></String>
          </TextLine>

          
          
          <TextLine ID="eSc_line_2a12aed6"
                    
                    BASELINE="1270 621 1674 619" 
                    HPOS="1265.0"
                    VPOS="581.0"
                    WIDTH="409.0"
                    HEIGHT="58.0">
            <Shape><Polygon POINTS="1270 621 1265 584 1667 581 1674 619 1669 639 1267 637"/></Shape>
	    <String CONTENT="y la llamada esperán."
                    HPOS="1265.0"
                    VPOS="581.0"
                    WIDTH="409.0"
                    HEIGHT="58.0"></String>
          </TextLine>

          
          
          <TextLine ID="eSc_line_9d6f2fd4"
                    
                    BASELINE="1270 670 1700 664" 
                    HPOS="1267.0"
                    VPOS="621.0"
                    WIDTH="433.0"
                    HEIGHT="66.0">
            <Shape><Polygon POINTS="1270 670 1267 621 1695 621 1700 664 1697 687 1270 687"/></Shape>
	    <String CONTENT="Asiégate hombra, seu,"
                    HPOS="1267.0"
                    VPOS="621.0"
                    WIDTH="433.0"
                    HEIGHT="66.0"></String>
          </TextLine>

          
          
          <TextLine ID="eSc_line_459f9bdc"
                    
                    BASELINE="1270 712 1758 712" 
                    HPOS="1267.0"
                    VPOS="667.0"
                    WIDTH="491.0"
                    HEIGHT="66.0">
            <Shape><Polygon POINTS="1270 712 1270 667 1758 672 1758 712 1755 733 1267 725"/></Shape>
	    <String CONTENT="que farém junts un tragu."
                    HPOS="1267.0"
                    VPOS="667.0"
                    WIDTH="491.0"
                    HEIGHT="66.0"></String>
          </TextLine>

          
          
          <TextLine ID="eSc_line_ed6f4ae2"
                    
                    BASELINE="1267 753 1748 761" 
                    HPOS="1262.0"
                    VPOS="712.0"
                    WIDTH="486.0"
                    HEIGHT="61.0">
            <Shape><Polygon POINTS="1267 753 1267 712 1745 718 1748 761 1743 773 1262 763"/></Shape>
	    <String CONTENT="Beva, beva, que yo pagu,"
                    HPOS="1262.0"
                    VPOS="712.0"
                    WIDTH="486.0"
                    HEIGHT="61.0"></String>
          </TextLine>

          
          
          <TextLine ID="eSc_line_342f3981"
                    
                    BASELINE="1270 804 1750 804" 
                    HPOS="1270.0"
                    VPOS="750.0"
                    WIDTH="480.0"
                    HEIGHT="66.0">
            <Shape><Polygon POINTS="1270 804 1270 750 1750 750 1750 804 1750 816 1270 816"/></Shape>
	    <String CONTENT="mañana ya &#39;n dará Deu.."
                    HPOS="1270.0"
                    VPOS="750.0"
                    WIDTH="480.0"
                    HEIGHT="66.0"></String>
          </TextLine>

          
          
          <TextLine ID="eSc_line_09417e3e"
                    
                    BASELINE="1467 844 1922 844" 
                    HPOS="1464.0"
                    VPOS="798.0"
                    WIDTH="458.0"
                    HEIGHT="71.0">
            <Shape><Polygon POINTS="1467 844 1464 804 1920 798 1922 844 1920 869 1464 864"/></Shape>
	    <String CONTENT="(Toribio se senta y beu)"
                    HPOS="1464.0"
                    VPOS="798.0"
                    WIDTH="458.0"
                    HEIGHT="71.0"></String>
          </TextLine>

          
          
          <TextLine ID="eSc_line_b5a60960"
                    
                    BASELINE="1161 887 1864 892" 
                    HPOS="1156.0"
                    VPOS="844.0"
                    WIDTH="708.0"
                    HEIGHT="61.0">
            <Shape><Polygon POINTS="1161 887 1161 844 1864 844 1864 892 1859 905 1156 902"/></Shape>
	    <String CONTENT="Toribio. Rediós, ¡que licor tan fuerte"
                    HPOS="1156.0"
                    VPOS="844.0"
                    WIDTH="708.0"
                    HEIGHT="61.0"></String>
          </TextLine>

          
          
          <TextLine ID="eSc_line_7c172333"
                    
                    BASELINE="1270 935 1760 935" 
                    HPOS="1267.0"
                    VPOS="892.0"
                    WIDTH="493.0"
                    HEIGHT="58.0">
            <Shape><Polygon POINTS="1270 935 1267 895 1758 892 1760 935 1760 950 1270 950"/></Shape>
	    <String CONTENT="es la caña de esta tierra!!"
                    HPOS="1267.0"
                    VPOS="892.0"
                    WIDTH="493.0"
                    HEIGHT="58.0"></String>
          </TextLine>

          
          
          <TextLine ID="eSc_line_997c51ea"
                    
                    BASELINE="1158 978 1887 983" 
                    HPOS="1153.0"
                    VPOS="920.0"
                    WIDTH="734.0"
                    HEIGHT="81.0">
            <Shape><Polygon POINTS="1158 978 1153 935 1189 920 1189 920 1191 920 1191 920 1191 920 1194 920 1194 920 1277 932 1300 938 1500 938 1507 930 1515 922 1515 922 1518 922 1518 922 1518 922 1520 922 1520 922 1523 922 1523 922 1523 922 1525 922 1525 922 1525 922 1528 922 1535 930 1550 938 1882 925 1887 983 1882 1001 1153 988"/></Shape>
	    <String CONTENT="Bertrán. Mira lo que som á la guerra,"
                    HPOS="1153.0"
                    VPOS="920.0"
                    WIDTH="734.0"
                    HEIGHT="81.0"></String>
          </TextLine>

          
          
          <TextLine ID="eSc_line_50b644b7"
                    
                    BASELINE="1270 1026 1814 1026" 
                    HPOS="1267.0"
                    VPOS="978.0"
                    WIDTH="547.0"
                    HEIGHT="66.0">
            <Shape><Polygon POINTS="1270 1026 1270 978 1814 988 1814 1026 1811 1044 1267 1041"/></Shape>
	    <String CONTENT="la canya &#39;ns salva la muerte."
                    HPOS="1267.0"
                    VPOS="978.0"
                    WIDTH="547.0"
                    HEIGHT="66.0"></String>
          </TextLine>

          
          
          <TextLine ID="eSc_line_293d1bf7"
                    
                    BASELINE="1165 1067 1798 1069" 
                    HPOS="1163.0"
                    VPOS="1023.0"
                    WIDTH="633.0"
                    HEIGHT="64.0">
            <Shape><Polygon POINTS="1163 1066 1163 1023 1796 1029 1796 1066 1796 1087 1163 1087"/></Shape>
	    <String CONTENT="Toribio. ¿No bebes agua con ella?"
                    HPOS="1163.0"
                    VPOS="1023.0"
                    WIDTH="633.0"
                    HEIGHT="64.0"></String>
          </TextLine>

          
          
          <TextLine ID="eSc_line_c0392840"
                    
                    BASELINE="1161 1112 1887 1120" 
                    HPOS="1153.0"
                    VPOS="1066.0"
                    WIDTH="734.0"
                    HEIGHT="71.0">
            <Shape><Polygon POINTS="1161 1112 1158 1072 1882 1066 1887 1120 1884 1130 1191 1137 1189 1137 1189 1137 1186 1137 1186 1137 1186 1137 1153 1122"/></Shape>
	    <String CONTENT="Bertrán. Qui fa cas de aigua, barret!"
                    HPOS="1153.0"
                    VPOS="1066.0"
                    WIDTH="734.0"
                    HEIGHT="71.0"></String>
          </TextLine>

          
          
          <TextLine ID="eSc_line_fd249dae"
                    
                    BASELINE="1270 1155 1796 1160" 
                    HPOS="1265.0"
                    VPOS="1114.0"
                    WIDTH="531.0"
                    HEIGHT="61.0">
            <Shape><Polygon POINTS="1270 1155 1270 1114 1793 1114 1796 1160 1791 1175 1265 1168"/></Shape>
	    <String CONTENT="La aigua es bona per la set;"
                    HPOS="1265.0"
                    VPOS="1114.0"
                    WIDTH="531.0"
                    HEIGHT="61.0"></String>
          </TextLine>

          
          
          <TextLine ID="eSc_line_6a52ce6a"
                    
                    BASELINE="1270 1206 1700 1206" 
                    HPOS="1270.0"
                    VPOS="1157.0"
                    WIDTH="430.0"
                    HEIGHT="66.0">
            <Shape><Polygon POINTS="1270 1206 1270 1157 1700 1165 1700 1206 1700 1221 1270 1223"/></Shape>
	    <String CONTENT="ho be per la escudella."
                    HPOS="1270.0"
                    VPOS="1157.0"
                    WIDTH="430.0"
                    HEIGHT="66.0"></String>
          </TextLine>

          
          
          <TextLine ID="eSc_line_bc915e34"
                    
                    BASELINE="1270 1248 1763 1248" 
                    HPOS="1267.0"
                    VPOS="1200.0"
                    WIDTH="496.0"
                    HEIGHT="69.0">
            <Shape><Polygon POINTS="1270 1248 1267 1211 1760 1200 1763 1248 1763 1261 1270 1269"/></Shape>
	    <String CONTENT="Si cuandu entras en acció"
                    HPOS="1267.0"
                    VPOS="1200.0"
                    WIDTH="496.0"
                    HEIGHT="69.0"></String>
          </TextLine>

          
          
          <TextLine ID="eSc_line_cd6a36d5"
                    
                    BASELINE="1270 1297 1740 1291" 
                    HPOS="1265.0"
                    VPOS="1251.0"
                    WIDTH="475.0"
                    HEIGHT="61.0">
            <Shape><Polygon POINTS="1270 1297 1265 1259 1733 1251 1740 1291 1735 1312 1267 1309"/></Shape>
	    <String CONTENT="ti metes medio borratxu,"
                    HPOS="1265.0"
                    VPOS="1251.0"
                    WIDTH="475.0"
                    HEIGHT="61.0"></String>
          </TextLine>

          
          
          <TextLine ID="eSc_line_b1deba03"
                    
                    BASELINE="1267 1340 1857 1340" 
                    HPOS="1267.0"
                    VPOS="1291.0"
                    WIDTH="590.0"
                    HEIGHT="71.0">
            <Shape><Polygon POINTS="1267 1340 1267 1291 1857 1294 1857 1340 1857 1362 1267 1362"/></Shape>
	    <String CONTENT="serás mes valén que un matxu,"
                    HPOS="1267.0"
                    VPOS="1291.0"
                    WIDTH="590.0"
                    HEIGHT="71.0"></String>
          </TextLine>

          
          
          <TextLine ID="eSc_line_4e2113b1"
                    
                    BASELINE="1270 1385 1712 1380" 
                    HPOS="1265.0"
                    VPOS="1342.0"
                    WIDTH="447.0"
                    HEIGHT="63.0">
            <Shape><Polygon POINTS="1270 1385 1265 1347 1705 1342 1712 1380 1710 1398 1270 1405"/></Shape>
	    <String CONTENT="y mas fieru que un lleó."
                    HPOS="1265.0"
                    VPOS="1342.0"
                    WIDTH="447.0"
                    HEIGHT="63.0"></String>
          </TextLine>

          
          
          <TextLine ID="eSc_line_1d9f9ac6"
                    
                    BASELINE="1270 1428 1750 1423" 
                    HPOS="1265.0"
                    VPOS="1385.0"
                    WIDTH="485.0"
                    HEIGHT="61.0">
            <Shape><Polygon POINTS="1270 1428 1265 1390 1743 1385 1750 1423 1748 1441 1270 1446"/></Shape>
	    <String CONTENT="¿De quin pueblu eres, dí?"
                    HPOS="1265.0"
                    VPOS="1385.0"
                    WIDTH="485.0"
                    HEIGHT="61.0"></String>
          </TextLine>

          
          
          <TextLine ID="eSc_line_e3099a99"
                    
                    BASELINE="1158 1468 1920 1474" 
                    HPOS="1153.0"
                    VPOS="1418.0"
                    WIDTH="772.0"
                    HEIGHT="78.0">
            <Shape><Polygon POINTS="1158 1468 1158 1423 1781 1431 1900 1418 1900 1418 1902 1418 1902 1418 1902 1418 1905 1418 1905 1418 1905 1418 1907 1418 1907 1418 1925 1433 1920 1474 1915 1496 1153 1491"/></Shape>
	    <String CONTENT="Toribio. No es pueblo que es gran ciudad,"
                    HPOS="1153.0"
                    VPOS="1418.0"
                    WIDTH="772.0"
                    HEIGHT="78.0"></String>
          </TextLine>

          
          
          <TextLine ID="eSc_line_c81bf50e"
                    
                    BASELINE="1158 1522 1849 1514" 
                    HPOS="1153.0"
                    VPOS="1468.0"
                    WIDTH="696.0"
                    HEIGHT="76.0">
            <Shape><Polygon POINTS="1158 1522 1153 1484 1841 1468 1849 1514 1846 1544 1566 1542 1566 1542 1566 1542 1563 1542 1563 1542 1561 1542 1561 1542 1543 1529 1158 1539"/></Shape>
	    <String CONTENT="Bertrán. Vaiga; ya &#39;m hu ey pensat"
                    HPOS="1153.0"
                    VPOS="1468.0"
                    WIDTH="696.0"
                    HEIGHT="76.0"></String>
          </TextLine>

          
          
          <TextLine ID="eSc_line_e7b8ac35"
                    
                    BASELINE="1267 1559 1687 1559" 
                    HPOS="1267.0"
                    VPOS="1517.0"
                    WIDTH="420.0"
                    HEIGHT="65.0">
            <Shape><Polygon POINTS="1267 1559 1267 1517 1687 1522 1687 1559 1687 1577 1267 1582"/></Shape>
	    <String CONTENT="que voldrias presumí."
                    HPOS="1267.0"
                    VPOS="1517.0"
                    WIDTH="420.0"
                    HEIGHT="65.0"></String>
          </TextLine>

          
          
          <TextLine ID="eSc_line_6fcfe999"
                    
                    BASELINE="1265 1610 1831 1605" 
                    HPOS="1259.0"
                    VPOS="1565.0"
                    WIDTH="572.0"
                    HEIGHT="60.0">
            <Shape><Polygon POINTS="1265 1610 1259 1567 1824 1565 1831 1605 1826 1625 1262 1623"/></Shape>
	    <String CONTENT="Bien: ¿Quina es? batua &#39;l món"
                    HPOS="1259.0"
                    VPOS="1565.0"
                    WIDTH="572.0"
                    HEIGHT="60.0"></String>
          </TextLine>

          
          
          <TextLine ID="eSc_line_d057cd08"
                    
                    BASELINE="1265 1653 1682 1648" 
                    HPOS="1262.0"
                    VPOS="1608.0"
                    WIDTH="420.0"
                    HEIGHT="58.0">
            <Shape><Polygon POINTS="1265 1653 1262 1608 1677 1608 1682 1648 1679 1661 1265 1666"/></Shape>
	    <String CONTENT="la ciutat tan colossal?"
                    HPOS="1262.0"
                    VPOS="1608.0"
                    WIDTH="420.0"
                    HEIGHT="58.0"></String>
          </TextLine>

          
          
          <TextLine ID="eSc_line_19f6ebc6"
                    
                    BASELINE="1169 1691 1826 1691" 
                    HPOS="1168.0"
                    VPOS="1630.0"
                    WIDTH="656.0"
                    HEIGHT="86.0">
            <Shape><Polygon POINTS="1168 1688 1168 1630 1257 1630 1257 1630 1257 1630 1259 1630 1259 1630 1259 1630 1262 1630 1295 1651 1664 1651 1682 1633 1682 1630 1682 1630 1685 1630 1685 1630 1685 1630 1687 1630 1687 1630 1690 1630 1824 1630 1824 1688 1824 1706 1168 1716"/></Shape>
	    <String CONTENT="Toribio. Pus bien: yo soy natural"
                    HPOS="1168.0"
                    VPOS="1630.0"
                    WIDTH="656.0"
                    HEIGHT="86.0"></String>
          </TextLine>

          
          
          <TextLine ID="eSc_line_6f7d5cb0"
                    
                    BASELINE="1262 1742 1705 1742" 
                    HPOS="1262.0"
                    VPOS="1693.0"
                    WIDTH="443.0"
                    HEIGHT="69.0">
            <Shape><Polygon POINTS="1262 1742 1262 1693 1705 1693 1705 1742 1705 1754 1262 1762"/></Shape>
	    <String CONTENT="de la ciudá de Aragón."
                    HPOS="1262.0"
                    VPOS="1693.0"
                    WIDTH="443.0"
                    HEIGHT="69.0"></String>
          </TextLine>

          
          
          <TextLine ID="eSc_line_0c451600"
                    
                    BASELINE="1156 1790 1816 1779" 
                    HPOS="1151.0"
                    VPOS="1724.0"
                    WIDTH="665.0"
                    HEIGHT="96.0">
            <Shape><Polygon POINTS="1156 1790 1151 1726 1254 1724 1257 1724 1257 1724 1259 1724 1259 1724 1267 1726 1320 1749 1353 1734 1353 1734 1353 1734 1356 1734 1356 1734 1356 1734 1358 1734 1358 1734 1361 1734 1361 1734 1404 1749 1525 1731 1530 1731 1530 1731 1533 1731 1533 1731 1533 1731 1535 1731 1535 1731 1581 1747 1808 1736 1816 1779 1814 1810 1323 1800 1156 1820"/></Shape>
	    <String CONTENT="Berírán. ¡La burra que &#39;t va pari!"
                    HPOS="1151.0"
                    VPOS="1724.0"
                    WIDTH="665.0"
                    HEIGHT="96.0"></String>
          </TextLine>

          
          
          <TextLine ID="eSc_line_364bd90f"
                    
                    BASELINE="1262 1833 1786 1833" 
                    HPOS="1259.0"
                    VPOS="1792.0"
                    WIDTH="527.0"
                    HEIGHT="58.0">
            <Shape><Polygon POINTS="1262 1833 1262 1792 1786 1792 1786 1833 1783 1850 1259 1848"/></Shape>
	    <String CONTENT="¿Pero ahont es aixó llanut?,"
                    HPOS="1259.0"
                    VPOS="1792.0"
                    WIDTH="527.0"
                    HEIGHT="58.0"></String>
          </TextLine>

          
          
          <TextLine ID="eSc_line_949677b5"
                    
                    BASELINE="1165 1869 1697 1873" 
                    HPOS="1161.0"
                    VPOS="1820.0"
                    WIDTH="534.0"
                    HEIGHT="73.0">
            <Shape><Polygon POINTS="1163 1868 1163 1820 1692 1835 1695 1870 1692 1893 1161 1893"/></Shape>
	    <String CONTENT="Toríbio. Cerca de Calatayut:"
                    HPOS="1161.0"
                    VPOS="1820.0"
                    WIDTH="534.0"
                    HEIGHT="73.0"></String>
          </TextLine>

          
          
          <TextLine ID="eSc_line_602f4349"
                    
                    BASELINE="1259 1921 1771 1921" 
                    HPOS="1259.0"
                    VPOS="1873.0"
                    WIDTH="512.0"
                    HEIGHT="63.0">
            <Shape><Polygon POINTS="1259 1921 1259 1873 1771 1881 1771 1921 1771 1934 1259 1936"/></Shape>
	    <String CONTENT="de una quinta que hay allí."
                    HPOS="1259.0"
                    VPOS="1873.0"
                    WIDTH="512.0"
                    HEIGHT="63.0"></String>
          </TextLine>

          
          
          <TextLine ID="eSc_line_8c3bce23"
                    
                    BASELINE="1158 1964 1897 1964" 
                    HPOS="1158.0"
                    VPOS="1924.0"
                    WIDTH="739.0"
                    HEIGHT="60.0">
            <Shape><Polygon POINTS="1158 1964 1158 1924 1897 1924 1897 1964 1897 1984 1158 1984"/></Shape>
	    <String CONTENT="Bertrán. Be, ya hu entiengu; ya hu se."
                    HPOS="1158.0"
                    VPOS="1924.0"
                    WIDTH="739.0"
                    HEIGHT="60.0"></String>
          </TextLine>

          
          
          <TextLine ID="eSc_line_7faf9093"
                    
                    BASELINE="1265 2004 1841 2012" 
                    HPOS="1259.0"
                    VPOS="1969.0"
                    WIDTH="582.0"
                    HEIGHT="63.0">
            <Shape><Polygon POINTS="1265 2004 1265 1969 1839 1977 1841 2012 1836 2032 1259 2020"/></Shape>
	    <String CONTENT="Yo &#39;m creya que eres un gall."
                    HPOS="1259.0"
                    VPOS="1969.0"
                    WIDTH="582.0"
                    HEIGHT="63.0"></String>
          </TextLine>

          
          
          <TextLine ID="eSc_line_25175931"
                    
                    BASELINE="1262 2055 1811 2055" 
                    HPOS="1259.0"
                    VPOS="2015.0"
                    WIDTH="552.0"
                    HEIGHT="63.0">
            <Shape><Polygon POINTS="1262 2055 1259 2017 1808 2015 1811 2055 1811 2078 1262 2078"/></Shape>
	    <String CONTENT="y ara vey, que al cap de vall"
                    HPOS="1259.0"
                    VPOS="2015.0"
                    WIDTH="552.0"
                    HEIGHT="63.0"></String>
          </TextLine>

          
          
          <TextLine ID="eSc_line_3bbef486"
                    
                    BASELINE="1259 2101 1690 2095" 
                    HPOS="1254.0"
                    VPOS="2058.0"
                    WIDTH="436.0"
                    HEIGHT="63.0">
            <Shape><Polygon POINTS="1259 2101 1254 2063 1682 2058 1690 2095 1687 2116 1259 2121"/></Shape>
	    <String CONTENT="ets hiju de un masuvé."
                    HPOS="1254.0"
                    VPOS="2058.0"
                    WIDTH="436.0"
                    HEIGHT="63.0"></String>
          </TextLine>

          
          
          <TextLine ID="eSc_line_37ad8a2d"
                    
                    BASELINE="1158 2146 1740 2138" 
                    HPOS="1151.0"
                    VPOS="2090.0"
                    WIDTH="589.0"
                    HEIGHT="71.0">
            <Shape><Polygon POINTS="1158 2146 1151 2106 1733 2090 1740 2138 1735 2161 1156 2159"/></Shape>
	    <String CONTENT="Toribio. ¿Pus no soy aragonés?"
                    HPOS="1151.0"
                    VPOS="2090.0"
                    WIDTH="589.0"
                    HEIGHT="71.0"></String>
          </TextLine>

          
          
          <TextLine ID="eSc_line_346d0147"
                    
                    BASELINE="1153 2189 1735 2189" 
                    HPOS="1153.0"
                    VPOS="2149.0"
                    WIDTH="582.0"
                    HEIGHT="55.0">
            <Shape><Polygon POINTS="1153 2189 1153 2149 1735 2149 1735 2189 1735 2204 1153 2204"/></Shape>
	    <String CONTENT="Bertràn. Tossút y dur depelá."
                    HPOS="1153.0"
                    VPOS="2149.0"
                    WIDTH="582.0"
                    HEIGHT="55.0"></String>
          </TextLine>

          
          
          <TextLine ID="eSc_line_32f23e80"
                    
                    BASELINE="1158 2235 1781 2235" 
                    HPOS="1158.0"
                    VPOS="2194.0"
                    WIDTH="623.0"
                    HEIGHT="58.0">
            <Shape><Polygon POINTS="1158 2235 1158 2194 1781 2194 1781 2235 1781 2250 1158 2252"/></Shape>
	    <String CONTENT="Toribio. Y valiente... hasta allá..."
                    HPOS="1158.0"
                    VPOS="2194.0"
                    WIDTH="623.0"
                    HEIGHT="58.0"></String>
          </TextLine>

          
          
          <TextLine ID="eSc_line_731d9de4"
                    
                    BASELINE="1156 2280 1839 2275" 
                    HPOS="1151.0"
                    VPOS="2235.0"
                    WIDTH="688.0"
                    HEIGHT="63.0">
            <Shape><Polygon POINTS="1156 2280 1151 2240 1831 2235 1839 2275 1836 2295 1156 2298"/></Shape>
	    <String CONTENT="Bertrán. Si hombra, ya te ey entés,"
                    HPOS="1151.0"
                    VPOS="2235.0"
                    WIDTH="688.0"
                    HEIGHT="63.0"></String>
          </TextLine>

          
          
          <TextLine ID="eSc_line_e4d34d5a"
                    
                    BASELINE="1156 2323 1857 2323" 
                    HPOS="1153.0"
                    VPOS="2275.0"
                    WIDTH="704.0"
                    HEIGHT="63.0">
            <Shape><Polygon POINTS="1156 2323 1153 2283 1854 2275 1857 2323 1857 2338 1156 2338"/></Shape>
	    <String CONTENT="Toribio. ¿Y tu patria, cual es? ¿Quién?"
                    HPOS="1153.0"
                    VPOS="2275.0"
                    WIDTH="704.0"
                    HEIGHT="63.0"></String>
          </TextLine>

          
          
          <TextLine ID="eSc_line_9dc25662"
                    
                    BASELINE="1151 2371 1846 2371" 
                    HPOS="1151.0"
                    VPOS="2318.0"
                    WIDTH="695.0"
                    HEIGHT="78.0">
            <Shape><Polygon POINTS="1151 2371 1151 2318 1846 2328 1846 2371 1846 2396 1151 2396"/></Shape>
	    <String CONTENT="Bertrán. Yó soy de allá á Catalunya,"
                    HPOS="1151.0"
                    VPOS="2318.0"
                    WIDTH="695.0"
                    HEIGHT="78.0"></String>
          </TextLine>

          
          
          <TextLine ID="eSc_line_4a5a7ebd"
                    
                    BASELINE="1259 2412 1748 2406" 
                    HPOS="1257.0"
                    VPOS="2369.0"
                    WIDTH="491.0"
                    HEIGHT="60.0">
            <Shape><Polygon POINTS="1259 2412 1257 2369 1743 2369 1748 2406 1745 2427 1259 2429"/></Shape>
	    <String CONTENT="que con un golpe de unya"
                    HPOS="1257.0"
                    VPOS="2369.0"
                    WIDTH="491.0"
                    HEIGHT="60.0"></String>
          </TextLine>

          
          
          <TextLine ID="eSc_line_fd048ae4"
                    
                    BASELINE="1259 2460 1801 2452" 
                    HPOS="1254.0"
                    VPOS="2412.0"
                    WIDTH="547.0"
                    HEIGHT="63.0">
            <Shape><Polygon POINTS="1259 2460 1254 2414 1793 2412 1801 2452 1796 2475 1257 2472"/></Shape>
	    <String CONTENT="matamus los polls muy bién."
                    HPOS="1254.0"
                    VPOS="2412.0"
                    WIDTH="547.0"
                    HEIGHT="63.0"></String>
          </TextLine>

          
          
          <TextLine ID="eSc_line_e342ad56"
                    
                    BASELINE="1254 2503 1712 2497" 
                    HPOS="1252.0"
                    VPOS="2455.0"
                    WIDTH="460.0"
                    HEIGHT="88.0">
            <Shape><Polygon POINTS="1254 2503 1252 2455 1707 2460 1712 2497 1712 2523 1672 2540 1672 2540 1669 2540 1669 2540 1669 2540 1667 2540 1667 2540 1561 2525 1555 2525 1550 2525 1482 2543 1480 2543 1480 2543 1477 2543 1252 2528"/></Shape>
	    <String CONTENT="Es una tierra muy bona"
                    HPOS="1252.0"
                    VPOS="2455.0"
                    WIDTH="460.0"
                    HEIGHT="88.0"></String>
          </TextLine>

          
        </TextBlock>
        

        
      </PrintSpace>
    </Page>
  </Layout>
</alto>
