1654 2630
195.0 173.0 539.0 87.0 espidió una voz muy grave,

895.0 159.0 438.0 75.0 á su Reina suplicabon

208.0 236.0 548.0 81.0 y entre mil mortales ansias,

897.0 221.0 460.0 66.0 les concediese licencía,

197.0 287.0 399.0 76.0 inclinada la cabeza,

901.0 271.0 485.0 73.0 porque la noche llegaba,

197.0 339.0 472.0 70.0 espiró. Las peñas altas

912.0 322.0 388.0 81.0 para dárle sepultura

201.0 396.0 494.0 62.0 se hundieron, titubearon

895.0 370.0 476.0 79.0 al lijo de sus entrañas

204.0 438.0 511.0 72.0 los montes, y su luz clara

899.0 425.0 487.0 76.0 El permiso les concede,

206.0 495.0 430.0 70.0 sol y luna retiraron,

897.0 475.0 563.0 68.0 mas del alma se lo arrancan

214.0 543.0 619.0 75.0 quedó el orbe en sombras pardas.

892.0 526.0 472.0 78.0 cuando del casto regazo

208.0 598.0 452.0 70.0 Para ver si era difunto,

903.0 582.0 483.0 64.0 con veneracion le sacan.

210.0 653.0 496.0 63.0 un soldado de la guardia

905.0 635.0 531.0 68.0 Tomándole pues en brazos,

210.0 705.0 487.0 62.0 se arrimó con su caballo

903.0 688.0 450.0 63.0 en procesion ordenada

212.0 753.0 525.0 64.0 dándole una cruel lanzada;

905.0 736.0 523.0 77.0 hácia el sepulcro caminan,

208.0 799.0 489.0 75.0 el costado dejó abierto,

912.0 793.0 570.0 66.0 que estaba á corta distancia,

225.0 859.0 536.0 70.0 y de él salió sangre y agua.

914.0 843.0 546.0 70.0 y en un monumento nuevo

217.0 911.0 482.0 64.0 Pasadas como tres horas

912.0 896.0 529.0 66.0 entallado en piedra blanca,

228.0 959.0 528.0 75.0 que Cristo en la cruz estaba,

919.0 940.0 408.0 76.0 que le dispuso José

219.0 1012.0 428.0 64.0 trataron de sepultarle

925.0 1001.0 503.0 66.0 para que Dios lo ocupara,

228.0 1056.0 509.0 83.0 que se acercaba la Pascua,

916.0 1054.0 435.0 59.0 depositaron al cuerpo

232.0 1108.0 443.0 75.0 y José con Nicodemus

919.0 1091.0 530.0 68.0 del Redentor de las almas.

221.0 1163.0 395.0 77.0 á Pilato suplicaban

912.0 1146.0 439.0 65.0 Cerrado con una losa

232.0 1211.0 529.0 71.0 que para enterrar à Cristo

923.0 1194.0 494.0 72.0 que le servia de guarda

230.0 1271.0 417.0 63.0 licencia les otorgara.

921.0 1253.0 590.0 68.0 fue esto el mayor desconsuelo

230.0 1315.0 476.0 67.0 Consedióla el presidente,

938.0 1304.0 454.0 70.0 para la Vírgen Sagrada.

243.0 1369.0 458.0 75.0 y arrimando las escalas

923.0 1358.0 437.0 68.0 Se finalizó el entierro,

230.0 1424.0 533.0 64.0 de la cruz lo descendieron,

932.0 1407.0 511.0 65.0 y à Jerusalen marchaban,

239.0 1479.0 460.0 70.0 y en una sábana blanca

927.0 1459.0 542.0 68.0 la gran Reina con san Juan

230.0 1527.0 421.0 64.0 envolvieron al Señor

927.0 1507.0 472.0 71.0 á llorar se fue á su casa

236.0 1571.0 481.0 79.0 un sudario por mortaja,

930.0 1571.0 489.0 50.0 su dolor y sentimiento,

247.0 1628.0 525.0 70.0 y en los brazos le pusieron

936.0 1617.0 505.0 59.0 y en soledad tan amarga

234.0 1674.0 463.0 66.0 de su Madre soberana.

932.0 1665.0 572.0 57.0 hasta el domingo se estuvo,

243.0 1729.0 489.0 68.0 Aqui fueron sus dolores,

934.0 1711.0 546.0 68.0 cuando muy de madrugada

241.0 1784.0 471.0 61.0 los suspiros y las ansias:

936.0 1773.0 408.0 59.0 resucitado y glorioso

243.0 1832.0 592.0 79.0 no hay lengua que lo esplique

936.0 1812.0 454.0 70.0 su Hijo fue á visitarla.

247.0 1891.0 536.0 63.0 ni aun los serafines bastan,

945.0 1871.0 502.0 62.0 Tengamos en la memoria

252.0 1937.0 572.0 72.0 que viendo á esta gran Señora

938.0 1917.0 542.0 73.0 la Pasion de Cristo amarga,

252.0 1987.0 509.0 73.0 de tanto dolar traspasada,

949.0 1968.0 428.0 74.0 y las penas de María,

247.0 2047.0 494.0 48.0 enmudecen con la pena,

954.0 2020.0 471.0 73.0 pidiéndole con instancia,

247.0 2088.0 498.0 68.0 sin poder decir palabra.

956.0 2068.0 542.0 77.0 que á la hora de la muerte

252.0 2145.0 467.0 83.0 Aquellos santos varones

945.0 2130.0 555.0 87.0 nos defienda nuestras almas.

875.0 2191.0 96.0 66.0 FIN.

282.0 2222.0 1260.0 162.0 Madrid:= Se hallarà de venta en la Plaza de la Cebada, núm. 96.
