1860 2629
162.0 1058.0 1450.0 87.0 Historia de un estraordinario suceso acontecido en la actual guerra entre la

293.0 1112.0 1187.0 79.0 Turquia y la Rusia: en que se cuenta como dos finos amantes se

386.0 1178.0 991.0 75.0 vieron en mil peligros y aventuras antes no pudieron

574.0 1233.0 610.0 63.0 unirse con los lazos de himeneo.

195.0 1332.0 537.0 67.0 Tranquila estaba la Europa

135.0 1382.0 446.0 61.0 sin asomo de peligro,

135.0 1424.0 575.0 74.0 desde las sangrientas guerras

138.0 1485.0 568.0 63.0 que dió el Capitan del siglo.

188.0 1527.0 544.0 78.0 La Rusia, cual todos saben,

138.0 1586.0 517.0 70.0 ya hace tiempo tiene fijos

133.0 1638.0 470.0 68.0 sobre Turquía los ojos,

138.0 1691.0 495.0 66.0 que es bocado opetecido

188.0 1743.0 459.0 68.0 Como nacion poderosa

142.0 1789.0 485.0 75.0 y de genio entrometida,

135.0 1838.0 553.0 76.0 siempre quiso que el sultan

138.0 1901.0 432.0 64.0 á él estuviese sumiso.

186.0 1947.0 522.0 70.0 Mas no contento con esto,

135.0 2000.0 512.0 65.0 buscó pretextos y ruidos

140.0 2048.0 471.0 72.0 para apelar á las armas

146.0 2109.0 463.0 64.0 y ver al turco rendido.

188.0 2149.0 564.0 72.0 De Moldavia y de Valachia,

138.0 2201.0 473.0 73.0 pais del turco dominio,

138.0 2254.0 447.0 61.0 el Ruso sin resistencia

138.0 2313.0 498.0 59.0 se apodera de improviso.

190.0 2355.0 514.0 70.0 Toda Europa se alborota;

138.0 2420.0 480.0 53.0 mas lo cierto y positivo

135.0 2466.0 569.0 95.0 es que, despúes de mil notas

890.0 1332.0 430.0 63.0 nada queda decidido.

947.0 1382.0 494.0 66.0 Se reunen allá en Viena

897.0 1434.0 419.0 68.0 entre tratos infinitos,

892.0 1489.0 586.0 68.0 de la Francia y la Inglaterra

894.0 1535.0 461.0 70.0 los políticos mas finos.

949.0 1588.0 529.0 70.0 De todos se burla el Ruso;

901.0 1640.0 509.0 73.0 y en tono muy decidido,

899.0 1702.0 500.0 61.0 contesta á los que desean

894.0 1743.0 544.0 73.0 contener sus grandes brios.

947.0 1789.0 586.0 75.0 Mientras que se está tratando

897.0 1844.0 460.0 77.0 de paz y de paliativos,

894.0 1899.0 558.0 61.0 él dispone inmensas fuerzas

892.0 1949.0 544.0 79.0 que impongan al enemigo,

945.0 2004.0 579.0 66.0 Los turcos tambien preparan

892.0 2055.0 513.0 65.0 sus alfanges damasquinos:

897.0 2111.0 513.0 66.0 son pocos, pero valientes,

901.0 2157.0 513.0 73.0 y no temen compromisos.

943.0 2208.0 561.0 74.0 Omer Pachá va á su frente,

894.0 2263.0 483.0 65.0 militar diestro y activo,

892.0 2320.0 610.0 65.0 quien en sus muchas empresas

892.0 2357.0 516.0 79.0 favorable halló el destino.

934.0 2414.0 561.0 76.0 Las naciones de Occidente,

888.0 2462.0 522.0 123.0 cuyo comercio es sabido,
