1860 2629
315 221 402 57 y Menga un lindo pañal,

350 144 433 94 Bato te ofrece un cordero,

315 254 343 48 un rico queso Gilote

313 276 465 76 y un pernil grande Pascual;

315 333 391 48 tortas gustosas Bartolo,

313 363 408 48 Geroma un dulce panal:

309 403 506 87 ¡Ay qué lindo, ay qué bello, etc.

346 464 401 81 Yo te ofrezco. vida mía,

311 527 351 53 un hermoso recental,

311 560 399 55 los candores del armiño

315 600 369 50 su blancura envidiará;

311 637 379 53 el misterio de la oferta

311 672 375 53 no lo puedes tú dudar:

302 718 487 83 ¡Ay qué lindo, ay qué bello, etc.

339 779 391 79 Pastorcito de los cielos,

307 843 353 50 yo te vengo á regalar

304 876 395 50 con una blanca paloma,

304 917 371 49 que es regalo singular;

304 946 430 55 allá, Niño, en los cantares

307 988 372 46 el misterio le hallarás:

291 1038 509 63 ¡Ay qué lindo, ay qué bello, etc.

333 1104 408 65 Una rosca yo te ofrezco,

304 1147 358 55 pero te la doy con tal

302 1185 408 55 que me libres, Niño mío,

302 1222 323 48 de tanto pelafustán

296 1250 469 71 que hacen la rosca del galgo

300 1301 393 66 por querernos enroscar:

293 1347 496 85 ¡Ay qué lindo, ay qué bello, etc.

335 1421 483 81 Yo te ofrenco unas manzanas

291 1454 386 55 muy dulces al paladar,

296 1496 425 57 porque quites la aspereza

296 1533 401 55 de la manzana de Adán;

293 1568 382 55 no receles en tomarlas,

291 1599 415 63 porque no te amargarán:

289 1649 496 86 ¡Ay qué lindo, ay que bello, etc.

322 1719 436 81 Pastorcito, Niño hermoso,

293 1774 329 48 no dudo perdonarás

293 1809 435 57 de los simples pastorcillos

291 1849 351 74 su mucha sinceridad;

1004 162 399 85 el ganado ya nos llama;

1004 230 441 63 adiós, Niño, queda en paz:

1004 278 502 68 ¡Ay qué lindo, ay qué bello, etc.

1004 405 390 48 vienes á la tierra á dar,

1035 333 403 85 Pastorcito que del cielo

1002 433 456 59 si á guardar ganado vienes,

1002 464 408 63 poco tienes que guardar,

1004 499 454 64 porque todo en este mundo,

1002 538 408 64 muy perdido lo hallarás:

993 584 502 88 ¡Ay qué lindo, ay qué bello, etc.

997 701 393 57 Tú lo quieres restaurar,

1028 657 415 63 Si el rebaño tan perdido

997 738 402 59 yo me temo, Pastor mío.

995 777 408 57 tengas harto que afanar;

995 814 503 55 pues hay muchas malas reses,

997 852 327 57 y si no, tú lo verás:

989 896 506 72 ¡Ay qué lindo, ay qué bello, etc.

1022 977 390 61 Tus amantes ovejuelas

995 1007 384 64 compasión te causarán,

991 1053 439 55 porque sin pastor ni pasto

991 1084 419 61 á todas las has de hallar;

989 1126 436 48 mas con tu sola asistencia

989 1158 381 51 de uno y otro gozarán:

984 1213 505 75 ¡Ay qué lindo, ay qué bello, etc.

1019 1279 406 61 Ten la honda prevenida

984 1325 406 59 si al desierto, Niño, vas,

989 1349 552 90 que habrá alguno que con piedras

989 1402 309 50 fiero te acometerá:

982 1434 498 55 mas las piedras de sus manos

987 1476 421 72 contra él mismo volverán:

978 1520 509 81 ¡Ay qué lindo, ay qué bello, etc.

1028 1599 380 57 Ycon esto los pastores

982 1636 377 57 parabienes hoy te dan,

980 1667 559 70 porque ven que en Ti han logrado

980 1711 432 54 un Pastor que es celestial.

978 1748 456 61 Adiós, Niño, que el ganado

982 1776 364 57 nos precisa ya tornar:

978 1820 504 147 ¡Ay qué lindo, ay qué ballo, etc.

473 2149 965 138 Madrid. — Despacho: Arenal, 11, librería.
