2148 3034
865.0 359.0 167.0 128.0 — 5—

308.0 379.0 600.0 131.0 me agrada cumpli 'l que 's pacta,

306.0 475.0 536.0 88.0 jó may é rompít cap tracte,

306.0 533.0 523.0 78.0 de ningú may me hi burlat.

217.0 566.0 688.0 101.0 Ped. L' guapo com com se puchsola

301.0 637.0 490.0 75.0 ara aquí vols fé 'l formal.

296.0 685.0 435.0 78.0 ¿Y tú vols se federal?

298.0 743.0 445.0 83.0 te puguín duná la bola.

207.0 781.0 552.0 103.0 Ger. Ya 'm posaré de rahó:

293.0 841.0 443.0 86.0 non duros te 'n donaré

293.0 902.0 448.0 81.0 vaija que no pots di ré.

204.0 943.0 598.0 113.0 Ped, Mala sort te dich que nó,

285.0 1003.0 509.0 96.0 Qui son los paisans sabem,

283.0 1066.0 433.0 81.0 no volen res de ningú:

280.0 1120.0 413.0 73.0 tretse duros á Verdú

275.0 1173.0 527.0 86.0 men vay fé del ruch, aném.

275.0 1216.0 562.0 91.0 Si 'l vols per dotse ya es ten.

270.0 1274.0 466.0 91.0 sols me regalis un puru;

268.0 1324.0 602.0 94.0 per tú 'm deixu perdre un duro

268.0 1388.0 475.0 78.0 y vesten en nom de Déu.

268.0 1433.0 554.0 99.0 Tu 'l mantindrás guapo y bó

263.0 1496.0 549.0 84.0 ni que siga ab cuatre pallas.

172.0 1519.0 670.0 124.0 Ger. Me tens de dá las murrallas

174.0 1600.0 577.0 91.0 Ped. Ni que vulguis lo bridó.

169.0 1648.0 686.0 114.0 Ger. Donchs queda 'l tracte serrát

253.0 1701.0 432.0 81.0 del bridó y del animal

247.0 1757.0 446.0 86.0 y demá que som Nadal

250.0 1817.0 433.0 81.0 á casa estás convidat.

164.0 1858.0 582.0 101.0 Pad. Bien noble, catxa la má,

245.0 1926.0 536.0 76.0 se 'n anirem á fe una copa:

242.0 1979.0 522.0 96.0 ets lo mes guapo de gropa,

242.0 2025.0 372.0 83.0 aqui está la caliáa.

149.0 2080.0 688.0 96.0 Ger. Si 'lruch no es bó, noy te mato;

230.0 2131.0 569.0 109.0 que 'm fassi proba y res més,

235.0 2187.0 432.0 88.0 an aqui tens los calés,

230.0 2250.0 597.0 96.0 ya vens que no es gens barato,

440.0 2310.0 339.0 69.0 (li dona 'ls caartos)

144.0 2336.0 584.0 91.0 Pad. Si jó te enganyo Geroni

227.0 2396.0 509.0 89.0 que Déu nom dongni salut,

225.0 2444.0 597.0 96.0 que 'm torni sort, guertxu y mut

212.0 2508.0 504.0 139.0 y se 'm emporti 'l dimoni.

1080.0 427.0 549.0 114.0 Que se 'm asenti las barras

1075.0 503.0 394.0 83.0 y que no pugui calá.

1072.0 561.0 423.0 76.0 que no pugui surbaná,

1072.0 609.0 559.0 88.0 que 'm penjin com butifarras.

1070.0 667.0 546.0 88.0 No visqui al sol ni al ombra,

1067.0 715.0 481.0 78.0 que 'm castigui mundibél

1067.0 776.0 572.0 83.0 que ara 'm musegui un xuquél

974.0 862.0 660.0 113.0 Ger. Prou home, basta, yat créch,

1067.0 819.0 590.0 98.0 y em torni mánich de escombra.

1062.0 938.0 496.0 78.0 vaya un genihot que tens:

1055.0 980.0 442.0 84.0 no fasis mes juraménts

963.0 1092.0 678.0 106.0 Ped. Donchs gresca y fora rahóns,

1055.0 1036.0 594.0 94.0 ¿que no 'u saps que ya 't conéch?

1049.0 1145.0 486.0 96.0 deixam 'l ruch per demá:

1044.0 1203.0 448.0 81.0 no 'm fasis mes enfadá

953.0 1297.0 597.0 113.0 Ger. Tens rahó com hi á mon;

1047.0 1256.0 529.0 96.0 que avuy estém per turróns.

1039.0 1367.0 428.0 81.0 avuy se 'm de divertí:

1037.0 1418.0 420.0 83.0 mira, ya torna á vení,

1032.0 1466.0 463.0 114.0 ya tornem á tení 'l Ton.

943 1580 683 88 Sur lo Ton ab un bastó á la má y bufanse

996.0 1623.0 271.0 73.0 los dits del altre

938.0 1699.0 663.0 121.0 Ped. Ay, que promte que 's gelat;

1022.0 1774.0 483.0 86.0 ¿Tunét ya 's fét pirandó?

1019.0 1835.0 526.0 78.0 que estás vermell carrincló

1017.0 1888.0 597.0 89.0 jay...¿De ahontvens desgraciat?

925.0 1944.0 689.0 98.0 Ton. Oy. oy, quin mal que 'm fá 'l dit

1012.0 1994.0 447.0 84.0 ya no hi vulia aná allí:

1012.0 2047.0 465.0 84.0 oy, tothom y es pera mi

1009.0 2106.0 420.0 78.0 aquesta trempada nit.

915.0 2133.0 643.0 117.0 Ger. ¿Ahónt vas ab aquét bastó

1004.0 2204.0 460.0 86.0 que potsé que ya perill?

1001.0 2270.0 428.0 71.0 ¿ó potsé vas al cunill?

913.0 2310.0 592.0 96.0 Ton. Vinch de fé cagá 'l tihó.

915.0 2361.0 638.0 109.0 Ped. ¿Te 'n enganyát? no pot sé,

996.0 2429.0 423.0 81.0 miréusel al mala sort,

996.0 2475.0 516.0 96.0 vaija esplicat cap de mórt.

905.0 2525.0 537.0 132.0 Ton Callen ya 'u esplicaré,
