1753 2480
186.0 150.0 471.0 62.0 Dila que estoy esperando

140.0 194.0 500.0 60.0 en este mal que me abrasa,

144.0 237.0 441.0 62.0 que me vaya recetando

146.0 276.0 498.0 69.0 algun cordial de esperanza

150.0 324.0 486.0 70.0 porque ya estoy espirando.

190.0 365.0 494.0 64.0 Si en su furia tan notoria,

155.0 421.0 475.0 52.0 te niega un halago tierno,

155.0 465.0 452.0 55.0 dila que tenga memoria,

150.0 502.0 525.0 64.0 que si ahora soy su infierno,

150.0 545.0 426.0 56.0 algun dia fui su gloria.

192.0 584.0 467.0 64.0 Dila que en mi sepultura

148.0 632.0 406.0 64.0 escriba de esta suerte:

157.0 673.0 440.0 58.0 «Aqui yace y se asegura

152.0 721.0 567.0 64.0 un amante á quien dió muerte

150.0 758.0 420.0 66.0 una cruel hermosura.»

888.0 148.0 602.0 54.0 Dila.... mas! ¿qué has de decirla?

849.0 194.0 533.0 56.0 que en vista de lo espresado,

849.0 239.0 395.0 60.0 solo quieres referirla,

849.0 285.0 490.0 62.0 que si vivo á su mandado,

855.0 334.0 441.0 54.0 muero por sola servirla.

905.0 365.0 529.0 73.0 Vete, vuela, y en paz llegues

855.0 405.0 397.0 66.0 á los ojos de mi vida,

855.0 450.0 478.0 68.0 nada que pida le niegues,

864.0 500.0 403.0 60.0 y si estuviere rendida,

857.0 545.0 459.0 62.0 suplicote que la ruegues.

890.0 591.0 428.0 55.0 —A Dios, centro de idea,

855.0 620.0 451.0 72.0 si consiguieres la palma,

857.0 679.0 461.0 52.0 ven, canta, trina y gorjea

859.0 719.0 511.0 58.0 para que te escuche el alma

857.0 764.0 459.0 62.0 aun antes de que te vea...

190.0 1099.0 436.0 64.0 Pajarillo que enseñado

150.0 1144.0 430.0 58.0 de otro pájaro maestro,

150.0 1180.0 538.0 68.0 vienes á implorar mi agrado:

148.0 1233.0 594.0 73.0 mira que aunque cantas diestro

150.0 1281.0 439.0 49.0 no me gusta tu trinado.

194.0 1320.0 417.0 62.0 Este papel sin cuidado

150.0 1359.0 437.0 60.0 has de llevar en el pico

150.0 1397.0 546.0 74.0 al mismo que te ha mandado,

155.0 1454.0 463.0 58.0 y advierte que te suplico

152.0 1492.0 399.0 66.0 no lo des disimulado.

196.0 1535.0 434.0 64.0 No le intentes consolar,

148.0 1581.0 368.0 57.0 sino con irritacion,

152.0 1620.0 410.0 68.0 procúralo atormentar,

152.0 1663.0 435.0 62.0 dile que mi inclinacion

150.0 1707.0 509.0 66.0 se ha mudado á otro lugar.

196.0 1754.0 496.0 60.0 Que con su nueva querida

150.0 1791.0 463.0 71.0 se divierta y se consuele,

157.0 1843.0 483.0 62.0 que la cante y que la pida,

155.0 1884.0 461.0 56.0 y á mi tribunal no apele,

155.0 1930.0 527.0 60.0 porque estoy muy ofendida.

196.0 1967.0 482.0 62.0 Si le encontrares dormido

155.0 2012.0 483.0 62.0 procura quitarle el sueño,

159.0 2064.0 521.0 58.0 y dile, aunque esté rendido,

152.0 2101.0 488.0 54.0 que si tiene ya otro dueño

157.0 2145.0 465.0 66.0 yo ya tengo otro querido.

196.0 2184.0 322.0 64.0 Este recado le des

150.0 2217.0 546.0 112.0 aunque le inquietes y asustes,

847.0 1099.0 442.0 62.0 porque lo que quiero es

853.0 1142.0 488.0 67.0 que le ofendas y disgustes,

855.0 1184.0 434.0 66.0 y no te mande otra vez.

893.0 1229.0 500.0 64.0 Si tu quieres ser mi amigo,

849.0 1266.0 459.0 71.0 nada suyo tu me abones,

853.0 1320.0 420.0 56.0 y pues eres fiel testigo,

851.0 1361.0 410.0 56.0 dile todas mis razones

853.0 1405.0 457.0 58.0 conforme yo te las digo.

890.0 1440.0 495.0 70.0 Si pone triste el semblante

849.0 1488.0 418.0 64.0 cuando sepa mi rigor,

851.0 1529.0 484.0 64.0 dile que sufra y aguante,

855.0 1583.0 424.0 51.0 y espere muerte mayor

851.0 1620.0 424.0 62.0 si se me pone delante.

897.0 1661.0 508.0 58.0 Dile que vivo y no muero,

855.0 1702.0 604.0 69.0 y aunque mas tierno me arguya,

853.0 1754.0 459.0 56.0 que ya ni mirarle espero;

857.0 1800.0 540.0 60.0 y en fin, para que se escluya

851.0 1839.0 455.0 54.0 dile que ya no le quiero.

897.0 1882.0 562.0 66.0 Dile, (sin que de él te apiades,)

853.0 1928.0 445.0 53.0 que el tratar á su placer

851.0 1965.0 490.0 68.0 con unas y otras deidades

855.0 2015.0 455.0 55.0 no quiera hacerme creer

853.0 2058.0 443.0 52.0 de que son casualidades.

897.0 2093.0 411.0 64.0 El con mucha libertad

851.0 2143.0 457.0 51.0 con todas quiere ligarse

853.0 2182.0 432.0 62.0 ofendiendo mi bondad,

853.0 2227.0 434.0 85.0 y luego quiere escusarse

159.0 818.0 1383.0 107.0 Respuesta disereta á la amorosa carta del galan, manifestándole la

157.0 913.0 1383.0 60.0 dama su esquivez y desamor, quejándose airada de su infiel trato, y di-

155.0 963.0 1383.0 72.0 ciéndole que la olvide para siempre porque ella detesta su amor; con

494.0 1002.0 696.0 101.0 lo demas que verá el curioso lector.
