1860 2629
114.0 1430.0 1384.0 94.0 LAS TRES CANCIONES TITULÁDA: EL ROSINYOL, SIMPLES

401.0 1507.0 825.0 90.0 AVECILLAS Y LA NIÑA HERMOSA.

392.0 1671.0 834.0 213.0 EL ROSSINYOL.

61.0 2039.0 588.0 90.0 El Rossinyol prenia la fresca,

21.0 2101.0 669.0 70.0 sobre de un roure se posa á cantá,

17.0 2157.0 531.0 60.0 ell ne dicta una cansoneta

19.0 2203.0 619.0 77.0 per las doncellas poder alegrar.

15.0 2280.0 561.0 79.0 El Rossinyol á la primavera

17.0 2339.0 665.0 66.0 canta, se alegre y fa lo niu tot sol

19.0 2385.0 744.0 73.0 sempre lo fa al ciment de una branca

21.0 2436.0 724.0 79.0 que no la alcansa aquell qui la vol.

859.0 2033.0 678.0 83.0 Si al Rossinyol ne té vuit pessetas

820.0 2109.0 662.0 62.0 son trenta rals que prou se pot di,

829.0 2151.0 581.0 59.0 ell las dóna á la seva amoreta

824.0 2190.0 660.0 73.0 un sant diumenge de bon dématí.

829.0 2271.0 717.0 84.0 Vos, doncelleta que aneu á la plassa

826.0 2348.0 669.0 61.0 yque una sistella de flos ne portau,

826.0 2392.0 663.0 52.0 vostras miradas per mí son falsas

826.0 2423.0 753.0 109.0 y al Rossinyol vos sempre al traveseu.

1254.0 214.0 200.0 92.0 Núm. 82.
