1860 2629
347 219 398 65 gente que traia luz;

347 258 507 75 entonces ellos, pensando

352 309 556 72 que era la ronda, se fueron

355 366 492 70 y en el cepo me dejaron;

357 410 432 69 yo que los oigo decir:

357 448 601 85 ¡la ronda viene! á Dios clamo;

362 505 502 67 ¡qué sudores, qué fatigas!

357 547 543 69 llamaba á todos los santos.

357 609 537 58 En este tiempo que llegan

359 649 551 78 los que por ronda juzgaron,

363 696 484 72 y no eran sino mozuelos

359 750 460 59 que se iban paseando;

359 793 486 68 llegaron allí, y al verme

360 845 466 72 todos se iban parando,

362 892 495 67 dice uno: ved qué Judas

363 944 418 59 en esa reja colgado;

363 988 494 65 otro dice: es la bandera

363 1034 535 70 de algun tercio derrotado.

363 1083 538 66 Señores, mayor vergüenza

363 1133 513 67 en mi vida no he pasado;

368 1183 536 59 otro chusco, con la espada

363 1231 557 63 el trasero me ha pinchado,

371 1276 553 66 yo con los piés me defiendo

375 1324 482 69 y él repite los pinchazos.

369 1374 462 67 Luego viene otro bufon

369 1424 412 59 diciendo disimulado:

371 1469 507 70 ¡ay qué lástima de mozo!

369 1518 431 68 aquí lo mas acertado

371 1567 461 61 es buscar una geringa,

371 1615 492 70 y con sal, pimienta y ajo

369 1670 433 57 echarle una lavativa,

371 1711 492 72 que si no le refrescamos

371 1762 531 69 puede darle un tabardillo.

374 1812 520 69 Y si hubieran encontrado

372 1860 532 66 la geringa, me la encajan,

371 1906 512 65 que estaban determinados

372 1955 471 64 en hacerlo; pero al fin

371 2005 447 57 ellos me desatacaron,

369 2049 516 73 me dejan caer las bragas;

374 2101 543 70 yo maldiciendo y votando

371 2152 514 62 estaba hecho un veneno,

376 2198 582 65 y ellos se estaban holgando;

371 2246 587 112 cada vez que echaba un voto

1043 216 463 51 tomaba uno un zapato,

1041 249 480 65 otro me alzaba el pañal

1050 299 479 71 y me daba un zapatazo,

1046 349 529 71 diciendo: si eres blasfemo

1046 397 526 67 mira que aprieto la mano.

1047 451 506 64 A los gritos que yo daba,

1047 500 465 66 los vecinos inmediatos,

1047 546 465 61 unos sacaban candiles,

1052 587 569 70 y otros mechones de esparto:

1053 638 468 65 y luego salió una vieja

1049 692 511 61 con un velon en la mano,

1043 730 565 76 diciendo: ¡ay qué espantajo!

1052 784 512 67 da compasion el mirarlo.

1050 829 573 73 Luego un hombre compasivo,

1052 877 577 75 el que sin duda era un santo,

1053 925 533 75 fué y trajo una palanqueta

1053 980 498 67 con la que fué retirando

1054 1022 551 77 los hierros, hasta que pude

1056 1077 470 72 ir poco á poco sacando

1056 1126 412 68 la cabeza, y me dejé

1056 1174 447 70 todo el pellejo pegado

1057 1222 499 67 en los infernales hierros,

1060 1270 493 70 y cayendo y tropezando

1057 1320 535 63 eché andar la calle arriba,

1062 1362 568 72 y á pocos pasos que he dado

1059 1422 488 60 se me presenta la ronda;

1062 1462 501 73 yo como iba tan turbado

1059 1513 418 68 no pude darles razon

1059 1568 510 61 á lo que me preguntaron.

1059 1608 485 64 Se llenaron de sospecha,

1059 1662 581 64 de los brazos me amarraron,

1062 1704 513 61 me metieron en la cárcel,

1062 1755 502 59 á otro dia se informaron,

1069 1803 456 69 y á buena composicion

1060 1856 513 52 me costó cuatro ducados.

1065 1892 514 78 ¿No quedé con lucimiento?

1063 1952 460 67 ¿No quedé arregostado

1062 1993 565 72 para hablar con las señoras?

1066 2037 598 80 ¿No ha estado bonito el chasco?

1060 2091 468 72 Al fin escapé con bien,

1068 2139 482 69 y lo que tengo pensado,

1056 2187 543 75 es meterme en un convento

1060 2240 493 70 y ver si puedo ser santo.

534 2348 1020 75 MADRID.— Despacho: Sucesores de Hernando, Arenal, 11.
