1753 2480
89 146 649 66 aunque un hombre es bien nacido

97 187 614 78 y, á Dios gracias, bien criado,

92 242 548 68 si es fandanguero, ninguno

90 290 505 69 quiere llevarle á su lado.

92 341 526 64 Por fin, vamos al asunto:

92 387 496 60 contaré un chiste pesado

92 431 554 69 que me sucedió á mí mismo

93 479 551 70 habrá poco mas de un año,

93 526 554 70 al misme mes de Setiembre,

95 575 595 61 que á Octubre está inmediato.

96 626 460 69 Salí, pues, á pasearme

96 675 544 70 con los piés en los zapatos,

99 723 481 70 tan delgaditas las suelas

100 774 500 67 y el corte tan desgastado,

97 823 480 65 que todo el que me veia

99 868 514 73 pensaba que iba descalzo;

99 920 501 65 con unas medias calcetas

100 968 485 63 enseñando los zancajos,

103 1014 521 67 con mucho zurcido arriba

110 1062 481 70 y no poco agujero abajo,

108 1113 418 63 y por medio parecia

111 1158 500 68 las habian picado grajos.

110 1208 461 62 Al calzon de terciopelo

107 1241 564 83 solo el tercio le ha quedado,

108 1304 535 68 que por ser el tercio viejo

108 1347 586 79 cayó el pelo y quedó el casco;

110 1403 539 61 este con la hermana chupa

110 1453 456 63 estaba tan hermanado,

113 1501 571 64 que aunque ella era de pelo,

114 1550 451 55 por lo fino quedó raso.

115 1595 569 72 La capa aunque de invierno,

115 1646 484 63 era tambien de verano,

114 1690 417 68 de paño de rasalema

115 1733 529 74 por lo claro de alto á bajo,

117 1784 555 69 pues que sin desembozarme

115 1836 554 63 daba á cualquiera la mano.

117 1887 500 62 El sombrero era tan fino

119 1931 437 72 y estaba tan afinado,

119 1985 553 67 que da á entender lo bueno

118 2029 537 73 del amo, y de él lo malo:

110 2079 504 63 por foltarle goma y tinta

117 2123 558 73 siempre lo llevo en la mano:

122 2176 364 67 vean ustedes aquí

119 2216 536 98 todo mi adorno explicado.

771 144 528 55 En cuanto á ropa interior,

773 174 537 72 si es que debo yo juzgarlo,

773 225 457 68 en diciendo capuchino,

777 270 439 73 todo queda declarado.

777 314 536 77 En fin, salí como he dicho,

782 369 494 63 y me fuí paso entre paso

780 414 527 70 hácia el puente de la Paja;

780 462 507 71 apenas me hube sentado;

780 509 531 71 cuando ví venir dos damas

785 555 645 73 de esas que hay de tres al cuarto,

785 608 493 69 que me miraron atentas,

784 657 516 70 en sus señas demostrando

784 708 540 67 con grande encarecimiento

785 759 510 69 que las habia de dar algo;

785 806 469 67 en tocando á generoso,

785 851 554 77 siempre yo he sido bizarro,

793 905 421 67 y porque no se dijera

788 947 507 67 que habia andado escaso,

789 997 441 73 las dí de conversacion

792 1048 547 58 mas de tres horas ó cuatro,

795 1089 390 73 y luego las convidé

792 1146 437 59 para rezar el rosario,

799 1197 444 65 y por ser poco devotas

796 1240 506 64 sin admitir se marcharon.

795 1286 569 69 Como era noche de encierro,

796 1335 440 71 poco á poco paseando

797 1387 465 62 me fuí hácia la carrera

797 1426 628 79 por ver si veia algun fandango;

797 1482 508 63 encontré con dos amigos;

799 1526 561 68 despues que nos saludamos,

800 1580 425 63 me dicen si quiero ir

803 1623 510 77 porque van determinados

804 1675 470 70 á correr toda la noche,

806 1724 463 61 como se dice, de gallo.

806 1767 555 73 Corrimos muy bien la tuna,

808 1821 600 73 gastamos muy buenos cuartos,

810 1869 485 65 pero gastaron los otros,

810 1912 580 77 porque si he de hablar claro,

808 1966 390 74 no tenia qué gastar

810 2011 514 73 si no gastaba mis cuatro.

811 2058 580 77 Llegamos, por mi desgracia,

813 2114 558 64 porque el lance fué pesado,

814 2158 435 75 á la calle de la Feria;

814 2207 533 80 oigo un cerrojo y me paro:
