1944 2688
181 945 1453 114 NUEVA RELACION, Y CURIOSO ROMANCE, EN QUE

195 999 1432 109 declaran los maravillosos sucesos de una muy noble Señora, llamada

73 1048 1563 98 Doña Fenix Alva: Dase cuenta, como habiendola sacado un amante su-

96 1102 1545 105 yo de su casa con engaños, la llevó á un monte, en donde la quiso quitar

143 1155 1478 108 su honor, y la dió de puñaladas: como asimismo la venganza que to-

354 1207 1069 110 mó un Leon de su alevoso amante, y el dichoso fin

677 1263 410 94 que tuvo la Señora.

118 1384 693 112 HOY, Señor estadme atento,

244 1447 587 105 escucha en prosa arreglada

107 1487 590 85 lo eminente de mi historia.

100 1536 516 81 Salí á caza una mañana

103 1590 466 67 á divertir las tristezas

103 1641 513 77 de la tempestad pasada,

103 1688 601 77 porque siempre este manejo

98 1740 462 72 al triste lo desenfada.

96 1783 599 80 Hecho Adonis de mi mismo

96 1836 630 90 llegué á una espesa montaña,

91 1886 574 82 tan opulenta en sus ramos

94 1935 574 87 de pinos, robles, y hayas,

89 1991 590 78 que avecindan con el Cielo

85 2036 578 89 en concertadas esquadras;

89 2092 467 69 y organizado mi zelo

82 2141 492 85 en la busca de la caza,

87 2188 446 78 prevenia la escopeta

85 2240 563 134 al compás de pronta bala.

874 1386 547 108 Hice mi alarde en buscar

876 1460 520 83 el Jabalí, que la asalta;

878 1516 615 81 el Corzo, que sale huyendo;

883 1565 637 83 el Gamo, que el monte salva;

878 1603 610 94 la Perdiz, que con su buelo

872 1666 560 81 estremece el ayre en alas;

869 1713 433 76 el timidillo Gazapo,

872 1758 603 92 que corre de mata en mata;

869 1807 507 85 y todo animal silvestre,

867 1865 619 83 que en rustico sitio se halla;

869 1912 478 81 y como iba divertido,

865 1962 661 92 me hallé á muy poca distancia

863 2013 511 81 en un torreon de peñas,

863 2060 533 85 esmalte de las montañas,

865 2110 531 87 y reparé en lo eminente,

861 2166 513 80 que toscamente labrada

856 2208 601 94 estaba una cueva, ó puerta,

856 2264 547 121 del tiempo desmantelada,

1468 2334 126 118 y
