1961 2678
323 160 494 78 y llevarse todo el oro,

326 216 551 80 (ingratitud bien tirana!)

326 265 585 89 y despues darme la muerte,

323 312 601 89 dejando á obscuras la plata.

330 361 610 100 Yo, viendo aqueste peligro,

317 406 536 98 en sollozos me anegaba;

321 461 474 87 pero mi amante cruel

312 519 425 74 tiranamente sacaba

312 564 574 85 un puñal, con que me dió

305 613 465 81 estas siete puñaladas,

305 669 612 85 que aqui presentes las miras

308 718 498 80 en mi pecho señaladas.

301 758 657 107 Rebuelta en mi propia sangre,

297 821 524 82 entre suspiros, y ansias,

294 863 512 76 justicia le pido al Cielo

297 919 529 83 de ingratitud tan tirana,

297 970 493 78 á tiempo que ese Leon

292 1013 483 87 estos montes paseaba,

290 1060 520 87 y dolido á mis ternezas,

294 1122 556 85 por mi tomó la demanda,

290 1171 462 78 y como sierpe zelosa,

290 1218 572 87 con un tiro en cada garra,

281 1263 556 80 hecho pavor, los deshizo

281 1314 574 94 en trozos, sin que bastára

279 1365 397 74 la defensa natural

281 1414 616 90 de un enemigo en campaña:

276 1457 700 105 Dios los tenga allá en su Gloria,

272 1521 634 81 que por mi perdon alcanzan.

270 1564 509 89 Este bruto con cariños,

268 1617 484 83 al estilo de su usanza,

265 1667 637 91 me condujo á aquesta cueva,

268 1716 540 84 y con las dulces viandas,

263 1771 529 79 que estos Pirineos crian,

263 1816 529 85 y con ellas me regalaba,

265 1874 545 76 y con su lengua amorosa

256 1917 501 80 mis heridas me curaba,

259 1968 591 78 trayendome á mi las yervas

259 2017 560 89 de dia, noche, y mañana,

256 2068 523 90 y mascadas con su boca

1105 187 456 91 me servian de triaca;

1107 252 445 73 y si confieso verdad,

1101 292 527 78 he sentido, que matáras

1098 350 599 80 este, que me ha hecho bien

1094 403 552 72 seis años en mi compaña.

1096 446 581 96 Esta es mi tragica historia,

1092 497 502 87 de mi signo coronada;

1094 551 581 87 pero ya, Señor, es tiempo

1087 598 503 84 de la segunda palabra;

1087 651 514 83 y es, que recojas el oro

1081 707 587 76 y en un Monasterio hagas,

1078 752 597 84 que sirviendo á Dios acabe,

1076 805 549 80 y á estè Mundo satistaga.

1078 850 480 76 Admirado yo, la dije:

1078 899 588 87 Eres ejemplo entre cuantas

1069 952 554 74 hoy circunvalan el suelo,

1069 1002 581 84 ni en las historias se halla,

1074 1053 487 78 y recogiendo sus oros,

1063 1102 600 85 en mis brazos (cosa rara!)

1060 1151 565 85 la llevé mas de una legua,

1065 1202 536 74 y llegando á una cabaña

1060 1249 579 89 de unos humildes Pastores,

1058 1298 413 74 la dejé depositada;

1058 1352 556 76 y despues con todo amor,

1056 1405 494 74 y disposicion gallarda,

1051 1457 454 62 en un vagaje la puse

1047 1499 554 87 en la Córte de Alemania,

1051 1548 463 76 y meditando mi zelo,

1045 1602 513 76 la hice solemne entrada

1038 1653 467 74 avisando al Provisor,

1034 1698 580 78 en las Monjitas Descalzas:

1036 1747 509 85 dandole gracias á Dios,

1034 1803 487 78 su santo Sayal abraza,

1036 1847 420 81 y se despidió de mi

1031 1903 523 76 dandome mil alabanzas,

1034 1952 471 69 y yo victorioso en ser

1029 2001 576 81 el que venció esta batalla,

1027 2055 516 65 me despedí, y me volví

1025 2097 641 83 desde allí á mi amada Patria.

442 2175 1139 119 Barcelona: Por los Herederos de Juan Jolis Impresor,

665 2236 663 120 en la calle de los Algodoneros,
