2148 3034
592.0 278.0 485.0 118.0 El pescuña es lo que aprieta

551.0 366.0 400.0 76.0 todas estas trabazones;

554.0 432.0 513.0 81.0 dichoso aquel que no inquieta

556.0 493.0 428.0 78.0 recuerdo de maldiciones.

592.0 543.0 361.0 91.0 Los orejeros son dos,

556.0 614.0 438.0 76.0 abiertos como dos brazos;

551.0 682.0 367.0 63.0 figurémonos de Dios

556.0 728.0 405.0 98.0 los tiernisimos abrazos.

594.0 801.0 478.0 96.0 El timon que hace al arado

551.0 862.0 453.0 76.0 ir derecho cuando avanza,

561.0 922.0 443.0 79.0 te representa la lanza

556.0 988.0 463.0 73.0 que le atravesó el costado.

584.0 1039.0 387.0 93.0 En las belortas verás,

554.0 1109.0 458.0 99.0 pues son de hierro las dos,

554.0 1175.0 412.0 73.0 la corona que á tu Dios

559.0 1228.0 402.0 96.0 puso el malvado Caifás.

594.0 1309.0 440.0 79.0 Los bueyes son los judios

556.0 1355.0 438.0 81.0 que á Jesucristo llevaron

559.0 1420.0 435.0 79.0 al Calvario, donde impios

554.0 1471.0 407.0 88.0 crueles le crucificaron.

594.0 1547.0 415.0 81.0 El yugo será el madero

554.0 1613.0 445.0 83.0 donde á Jesus amarraron,

554.0 1663.0 382.0 84.0 y las sogas, lo primero

556.0 1709.0 448.0 108.0 con que sus manos ataron.

597.0 1792.0 420.0 89.0 El barreno que traspasa

551.0 1848.0 359.0 91.0 la clavija del timon,

556.0 1908.0 425.0 89.0 es el que las manos pasa

556.0 1984.0 402.0 84.0 y los pies del Salvador.

592.0 2045.0 371.0 83.0 El barron es la saeta

554.0 2113.0 404.0 76.0 que clavaron al costado,

551.0 2161.0 491.0 111.0 que tambien hablaba de esta

554.0 2227.0 331.0 197.0 todo lo profetizado.

1285.0 270.0 432.0 114.0 Las fajas con los collares,

1239.0 366.0 466.0 81.0 fajas con que le han atado.

1239.0 424.0 420.0 86.0 y los cencerros los ayes

1239.0 477.0 478.0 91.0 cuando le están enterrando.

1244.0 621.0 430.0 79.0 para componer su arado,

1272.0 541.0 506.0 106.0 La azuela que el gañan lleva

1242.0 685.0 448.0 70.0 aquel martillo nos prueba

1242.0 733.0 468.0 88.0 que remacharon los clavos.

1282.0 806.0 557.0 86.0 La ahijada que habreis ya visto

1244.0 869.0 463.0 71.0 dice muy bien á las claras,

1249.0 922.0 380.0 84.0 que significa las varas

1239.0 973.0 451.0 101.0 con que azotaron á Cristo.

1282.0 1056.0 357.0 71.0 El gañan, el cirineo

1244.0 1104.0 461.0 99.0 que á Cristo ayudó á llevar

1244.0 1178.0 372.0 65.0 la santa cruz al lugar

1242.0 1223.0 397.0 91.0 del suplicio, como reo.

1285.0 1291.0 473.0 89.0 El surco que el mozo indica

1244.0 1352.0 435.0 91.0 igual por todo el terreno,

1244.0 1420.0 327.0 74.0 el camino significa

1244.0 1481.0 408.0 68.0 de Jesus, el Nazareno.

1277.0 1532.0 473.0 96.0 Las toparras que aparecen

1247.0 1608.0 473.0 80.0 cuando va el gañan arando,

1244.0 1663.0 390.0 84.0 las caidas me parecen

1239.0 1721.0 446.0 84.0 que dió Jesus caminando.

1280.0 1790.0 440.0 78.0 La semilla que esparrama

1239.0 1850.0 435.0 81.0 el labrador por el suelo,

1237.0 1906.0 448.0 91.0 la sangre que se derrama

1239.0 1974.0 466.0 86.0 del Dios que bajó del cielo.

1277.0 2040.0 483.0 83.0 Padres, los que hijos teneis,

1234.0 2106.0 418.0 81.0 ya habeis oido el arado

1239.0 2159.0 377.0 78.0 esplicádselo, y vereis

1239.0 2224.0 418.0 175.0 como huyen del pecado.
