1753 2480
134.0 132.0 544.0 62.0 Hay muchas valencianitas

86.0 179.0 616.0 64.0 que van muy cortas de faldas,

90.0 225.0 468.0 62.0 y a todas hallo bonitas

86.0 258.0 581.0 70.0 de frente y por las espaldas.

132.0 314.0 581.0 60.0 Llevais hermosos pendientes

86.0 361.0 509.0 60.0 mis valencianitas bellas;

86.0 407.0 476.0 51.0 tan vivos y relucientes

86.0 448.0 496.0 56.0 como si fuesen estrellas.

130.0 493.0 467.0 62.0 Con rodetes, el cabello

88.0 533.0 484.0 66.0 junto a la oreja llevais;

88.0 576.0 511.0 68.0 con un peinado tan bello

88.0 628.0 484.0 62.0 el pecho me traspasáis.

132.0 665.0 601.0 66.0 Quien mira a las valencianas

90.0 708.0 443.0 67.0 bailar una linda jota,

88.0 746.0 525.0 66.0 de bailar le vienen ganas

95.0 797.0 506.0 73.0 y el corazón se alborota.

136.0 849.0 573.0 66.0 Cuando bailas me arrebatas

93.0 894.0 440.0 56.0 al ver menear tu pié:

93.0 930.0 535.0 72.0 puedo decir que me matas

95.0 985.0 529.0 62.0 aunque muy vivo yo esté.

138.0 1027.0 444.0 70.0 Me vuelvo loco mujer

93.0 1070.0 498.0 60.0 si tocas las castañuelas;

97.0 1122.0 556.0 62.0 y a mi de envidia o placer,

97.0 1165.0 523.0 54.0 me castañean las muelas.

142.0 1209.0 459.0 51.0 Baila preciosa ilusión:

99.0 1252.0 552.0 64.0 pues al levantar tu pierna,

99.0 1295.0 397.0 56.0 se pone mi corazón

99.0 1335.0 676.0 72.0 que no hay Dios que lo gobierna.

142.0 1380.0 418.0 58.0 Si meneas la cadera

103.0 1434.0 430.0 49.0 valenciana resalada,

101.0 1471.0 508.0 62.0 me dejas de una manera

103.0 1519.0 564.0 70.0 que no soy bueno por nada.

148.0 1564.0 488.0 60.0 Da una vuelta salerosa,

105.0 1609.0 382.0 60.0 bendita sea tu sal:

103.0 1653.0 484.0 62.0 tan galana y bella rosa

103.0 1696.0 577.0 58.0 no he visto en ningún rosal.

148.0 1744.0 583.0 58.0 Quien de Valencia es patrón

107.0 1787.0 490.0 60.0 lo sabe el más inocente,

107.0 1831.0 449.0 66.0 pues toda la devoción

105.0 1870.0 511.0 62.0 se dedica a San Vicente.

150.0 1922.0 525.0 55.0 Para adelantar la ciencia

107.0 1963.0 488.0 58.0 la agricultura se afana;

111.0 2008.0 595.0 62.0 y no hay reino cual Valencia

111.0 2052.0 529.0 70.0 por tener fruta temprana.

152.0 2097.0 585.0 66.0 Se han hecho varias razones

109.0 2141.0 442.0 62.0 de tardío o temprano;

111.0 2190.0 581.0 60.0 en Valencia ya hay melones

111.0 2238.0 536.0 103.0 antes de entrar el verano.

930.0 132.0 614.0 51.0 Quien los racimos no ha visto

888.0 177.0 528.0 58.0 de Valencia en su vergél;

888.0 212.0 461.0 69.0 por vida de Jesucristo

888.0 254.0 571.0 72.0 que son dulces cual la miel.

932.0 314.0 479.0 47.0 Sin decir yo disparates

890.0 347.0 474.0 66.0 digo como a cosechero,

893.0 398.0 547.0 60.0 que en cosecha de tomates

893.0 436.0 597.0 70.0 siempre Valencia es primero.

938.0 489.0 523.0 62.0 Tierra fértil y abundante

893.0 531.0 454.0 58.0 es Valencia niña mía;

893.0 578.0 525.0 56.0 si me quieres por amante

895.0 622.0 477.0 62.0 allí estaré noche y día.

936.0 648.0 614.0 71.0 Hay pueblos que están ufanos

895.0 706.0 554.0 64.0 porque allí azogan espejos;

895.0 750.0 502.0 60.0 nosotros los valencianos

897.0 799.0 423.0 54.0 fabricamos azulejos.

944.0 830.0 480.0 71.0 Vengan enladrilladores

897.0 888.0 562.0 66.0 a hacernos la competencia:

899.0 932.0 490.0 62.0 por mosaicos superiores

899.0 979.0 473.0 58.0 se pinta solo Valencia.

946.0 1010.0 575.0 68.0 Valencia es tierra templada

899.0 1070.0 510.0 54.0 tierra de gran promisión

899.0 1111.0 593.0 56.0 como que allí está mi amada

901.0 1151.0 422.0 60.0 allí está mi corazón.

944.0 1200.0 589.0 60.0 No se porque como y cuando

901.0 1246.0 502.0 49.0 de Valencia me marché,

905.0 1281.0 525.0 62.0 y siempre estaré penando

901.0 1330.0 467.0 65.0 hasta que alli volveré.

946.0 1376.0 561.0 60.0 Me quedé hecho un pabana

903.0 1423.0 471.0 58.0 al pasar por Castellón.

905.0 1467.0 554.0 66.0 pues encontré una aldeana

905.0 1514.0 494.0 54.0 que me robó el corazón.

946.0 1554.0 612.0 66.0 Costumbre hay todos los años

905.0 1605.0 647.0 58.0 con buen gusto y muchas ganas

907.0 1649.0 513.0 60.0 ir al Grao a tomar baños

907.0 1694.0 554.0 60.0 con sus hermosas tartanas.

948.0 1740.0 490.0 53.0 Son cosa muy divertida

909.0 1777.0 533.0 70.0 y de mucha complacencia

911.0 1824.0 509.0 60.0 y alargan mucho la vida

911.0 1870.0 505.0 58.0 estos baños de Valencia.

950.0 1915.0 546.0 64.0 Quien quiera mucho gozar

909.0 1957.0 473.0 62.0 de una dicha sin igual,

911.0 2002.0 480.0 56.0 que se vaya a disfrutar

911.0 2048.0 451.0 55.0 al Grao y al Cabañal.

959.0 2095.0 593.0 58.0 La costumbre más en manos,

911.0 2141.0 550.0 57.0 más divertida y más bella,

913.0 2184.0 505.0 56.0 es ir con los valencianos

915.0 2232.0 538.0 80.0 para hacer la gran paella.
