1860 2629
201.0 271.0 478.0 66.0 Valencia la fama tiene,

153.0 319.0 524.0 60.0 de tener buenos cantores,

155.0 359.0 575.0 74.0 y a veces si a mal no viene,

151.0 409.0 537.0 55.0 luchan con los ruiseñores.

197.0 453.0 482.0 79.0 La valenciana cantaba,

153.0 501.0 408.0 62.0 una niña que yo sé;

153.0 538.0 450.0 68.0 me hizo caer la baba,

155.0 578.0 566.0 74.0 y hecho un tonto me quedé.

195.0 635.0 522.0 77.0 Oye hermosa valenciana,

149.0 679.0 454.0 61.0 dame tu amor y tu fe,

155.0 712.0 579.0 89.0 porque si aguardas mañana,

153.0 766.0 463.0 62.0 quizás ya muerto seré.

199.0 810.0 428.0 66.0 Una carta te escribí,

149.0 854.0 469.0 74.0 sin tener contestación,

151.0 902.0 419.0 59.0 o tu te burlas de mí,

149.0 953.0 414.0 52.0 o no tienes corazón.

197.0 977.0 610.0 94.0 Una vez me embarqué al mar,

151.0 1036.0 550.0 72.0 y a tí te perdí en la playa,

153.0 1082.0 507.0 63.0 y al volverlo a recordar,

151.0 1130.0 493.0 48.0 mi corazón se desmaya.

195.0 1167.0 491.0 77.0 Paloma que al aire vas,

151.0 1215.0 485.0 95.0 y de Valencia te alejas,

956.0 271.0 458.0 70.0 mil veces me llorarás,

956.0 313.0 542.0 81.0 y no escucharé tus quejas.

1000.0 368.0 460.0 61.0 No seas tan inhumana

956.0 416.0 491.0 59.0 hermosa flor en capullo,

956.0 451.0 524.0 70.0 ya se que una valenciana

956.0 510.0 524.0 59.0 sabrá reprimir su orgullo.

1004.0 541.0 533.0 70.0 Ya que tu eres valenciana

956.0 589.0 520.0 66.0 y yo también valenciano,

954.0 630.0 559.0 71.0 yo te amaré como hermana

954.0 676.0 612.0 79.0 y tu a mí como a un hermano.

1000.0 731.0 504.0 64.0 No me desdeñes criatura

954.0 779.0 522.0 55.0 no me destroces mi amor,

956.0 823.0 511.0 62.0 que una valenciana pura

954.0 865.0 491.0 57.0 no ha de tener tal rigor.

1000.0 898.0 500.0 74.0 Adios Valencia del alma

954.0 948.0 456.0 66.0 y tus jardines floridos,

956.0 988.0 585.0 83.0 que pierdo el placer y calma

951.0 1040.0 490.0 57.0 al echarte mis despidos.

1000.0 1075.0 574.0 90.0 Adios playa, adios Cabañas,

951.0 1134.0 468.0 57.0 adios Grao de mi vida,

951.0 1169.0 529.0 79.0 se me partan las entrañas

956.0 1229.0 441.0 81.0 al darte la despedida.

651.0 1294.0 947.0 110.0 ES PROPIEDAD DE VDA. DE JUAN GRAU GENÉ.

230.0 1465.0 1360.0 114.0 DE MIS JARDINES

241.0 1577.0 535.0 55.0 Mil flores llevo en la cesta

146.0 1614.0 748.0 81.0 y al que las quiera le vendo mis flores.

245.0 1665.0 500.0 56.0 Yo misma las he cortado

146.0 1702.0 713.0 83.0 de unos jardines que nadie conoce;

234.0 1752.0 527.0 70.0 mis flores son las mejores

234.0 1794.0 481.0 87.0 y usted las debe llevar.

423.0 1842.0 195.0 59.0 Estribillo

232.0 1870.0 581.0 82.0 Si estas flores le acompañan

236.0 1932.0 584.0 68.0 tendrá suerte en sus amores,

243.0 1978.0 561.0 59.0 ¡Aproveche usted la ganga,

239.0 2024.0 579.0 90.0 que me quedan pocas flores!

232.0 2094.0 504.0 83.0 Si tiene amores y quiere

144.0 2149.0 768.0 96.0 que no le olviden siquiera un momento

982.0 1586.0 592.0 48.0 debiera usted de comprárme

922.0 1616.0 703.0 84.0 un manojillo de mis pensamientos;

989.0 1673.0 467.0 51.0 con ellos yo le aseguro

987.0 1706.0 486.0 94.0 que nunca le olvidarán.

1364.0 1732.0 292.0 117.0 (Al Estribillo)

982.0 1827.0 575.0 83.0 Si hablar desean dos novios

892.0 1884.0 724.0 85.0 sin que se entere de nada la suegra

987.0 1945.0 460.0 48.0 que tomen este ramito

892.0 1967.0 735.0 90.0 que está compuesto con adormidera

984.0 2026.0 478.0 64.0 si quieren verla dormir

989.0 2079.0 500.0 81.0 un ramo deben comprar.

1368.0 2092.0 285.0 107.0 (Al Estribillo)

1169.0 2142.0 168.0 107.0 — FIN —

195.0 2271.0 1465.0 60.0 REUS.—Véndese en la librería «La Fleca» de Vda. Juan Grau Gené, calle Aleus, 1. En la misma casa

144.0 2315.0 1516.0 59.0 se halla un gran surtido de romances, sainetes, libritos, historias, comedias, aleluyas de redolines,

144.0 2352.0 1514.0 73.0 hojas de santos y soldados. Depósito de libritos para fumar y cajas de cerillas. Papel para escribir,

144.0 2392.0 1086.0 63.0 sobres para cartas, plumas, palillos, etc., etc. Todo a precios muy baratos.
