1753 2480
223.0 107.0 428.0 64.0 La paella es el mejor

181.0 159.0 443.0 58.0 según llegan a contar

181.0 194.0 461.0 70.0 lo que tiene más sabor

183.0 250.0 486.0 60.0 y más gusto al paladar.

225.0 281.0 502.0 78.0 Que la paella es sabrosa

181.0 334.0 521.0 58.0 digo siempre en alta voz,

183.0 384.0 552.0 62.0 y no hay cosa más sabrosa

183.0 423.0 466.0 66.0 que la paella de arroz.

227.0 471.0 484.0 66.0 Chocolate a la mañana,

181.0 514.0 410.0 64.0 el agua para la sed,

188.0 547.0 496.0 75.0 y por torre alta y ufana

186.0 603.0 518.0 64.0 no hay como el Miquelet.

231.0 642.0 519.0 73.0 Es soberbio con su altura

190.0 688.0 525.0 70.0 pues bien se puede medir,

188.0 737.0 463.0 66.0 y que tiene una figura

188.0 770.0 541.0 79.0 que no hay más que pedir.

239.0 814.0 567.0 76.0 Ya no hay cosa más galana

186.0 876.0 595.0 66.0 que el Turia y sus cercanías,

190.0 923.0 521.0 60.0 allí con gusto y con gana

190.0 958.0 452.0 58.0 se pasan alegres días.

235.0 998.0 546.0 72.0 Aquello es vergel de flores

192.0 1060.0 556.0 60.0 con sus hermosas praderas,

194.0 1101.0 481.0 60.0 y hace respirar amores

192.0 1138.0 508.0 68.0 el Turia con sus riberas.

235.0 1182.0 637.0 62.0 Cerca el Turia vi una hermosa

190.0 1233.0 545.0 50.0 que me causó gran placer,

194.0 1268.0 548.0 60.0 creyendo que era una rosa

194.0 1322.0 401.0 52.0 listo la iba a coger.

239.0 1359.0 484.0 58.0 Una cosa muy preciosa

196.0 1411.0 459.0 60.0 de los mejores tesoros,

196.0 1454.0 440.0 58.0 y la mayor espaciosa

196.0 1494.0 519.0 64.0 es la gran plaza de toros.

241.0 1545.0 476.0 69.0 Ninguna plaza con ella

196.0 1593.0 461.0 60.0 jamás podrá competir,

196.0 1634.0 606.0 52.0 que después de ser muy bella

198.0 1674.0 542.0 68.0 allí no hay más que pedir.

250.0 1721.0 469.0 66.0 Ya decían mis abuelos,

200.0 1754.0 597.0 79.0 «y cuidado que no es cuento»

202.0 1808.0 550.0 66.0 por comer buenos buñuelos

202.0 1862.0 571.0 62.0 no hay sitio como Valencia.

245.0 1897.0 445.0 62.0 Buñuelos azucarados,

200.0 1932.0 579.0 78.0 que al verlos ya dan placer,

202.0 1994.0 430.0 52.0 sabrosos y delicados,

200.0 2029.0 438.0 58.0 allí los podeis comer.

248.0 2081.0 496.0 58.0 Me dijo una valenciana:

204.0 2126.0 523.0 56.0 «Chico si me lo prometes,

204.0 2174.0 527.0 51.0 conmigo vendrás mañana

210.0 2213.0 476.0 103.0 y comerás cacahuetes.»

1023.0 107.0 531.0 60.0 Los tengó muy retostados

981.0 157.0 519.0 57.0 y te van mucho a gustar,

979.0 198.0 565.0 66.0 cuando los tengas probados

979.0 245.0 517.0 56.0 sabrás lo que es paladar.

1023.0 283.0 550.0 64.0 Quien chufas quiere comer

983.0 334.0 528.0 56.0 vaya al reino valenciano;

981.0 374.0 528.0 60.0 comerlas dan gran placer

986.0 415.0 552.0 72.0 y es un refresco muy sano.

986.0 512.0 463.0 62.0 relucientisima aurora,

1025.0 462.0 510.0 73.0 Oye hermosa valenciana

983.0 555.0 428.0 58.0 lucero de la mañana

983.0 584.0 495.0 73.0 tu donaire me enamora.

1027.0 642.0 517.0 71.0 El Turia vierte sus galas

986.0 692.0 448.0 56.0 en su preciosa ribera,

986.0 717.0 541.0 72.0 extiende en flores sus alas

983.0 770.0 526.0 67.0 cual hermosa primavera.

1029.0 818.0 395.0 68.0 Oye niña soberana

988.0 872.0 372.0 53.0 la jota te cantaré;

988.0 909.0 475.0 62.0 cantaré la Valenciana;

988.0 950.0 461.0 64.0 la de Aragón no la sé.

1031.0 985.0 498.0 83.0 Dicen que la Aragonesa

988.0 1041.0 423.0 62.0 a muchos hace feliz,

992.0 1091.0 543.0 60.0 pero a mí más me interesa

990.0 1132.0 461.0 68.0 cantar la de este país.

1035.0 1178.0 513.0 62.0 En Valencia soy francés,

988.0 1221.0 550.0 62.0 en Francia soy valenciano

992.0 1271.0 434.0 55.0 en Castilla aragonés,

994.0 1312.0 492.0 64.0 y en Aragón castellano.

1037.0 1355.0 455.0 68.0 Es el traje valenciano

992.0 1403.0 444.0 60.0 de mucha comodidad,

994.0 1426.0 581.0 93.0 es fresco y lo fresco es sano,

994.0 1490.0 424.0 68.0 que viva la sanidad.

1033.0 1519.0 476.0 84.0 Si te vas a la Albufera

998.0 1576.0 469.0 69.0 pasa por camino llano,

992.0 1612.0 537.0 74.0 ten cuenta niña hechicera

994.0 1676.0 517.0 62.0 que no te pille un gitano.

1041.0 1715.0 362.0 62.0 De Cataluña salí,

996.0 1746.0 519.0 76.0 y a Valencia me marché,

998.0 1800.0 531.0 68.0 y cuando te encontré a tí,

998.0 1845.0 490.0 66.0 ya mi fortuna encontré.

1041.0 1897.0 482.0 51.0 Dicen que para cantar,

998.0 1940.0 393.0 56.0 valen los italianos,

1000.0 1967.0 486.0 72.0 mucho les ha de costar,

1000.0 2029.0 502.0 58.0 ganar a los valencianos.

1043.0 2074.0 474.0 60.0 A Valencia, de natura,

998.0 2120.0 442.0 52.0 tiene el canto pasión,

1000.0 2161.0 606.0 58.0 y allí cuando uno es criatura,

1002.0 2203.0 620.0 107.0 ya aprende cualquier canción.
