1753 2480
190.0 93.0 442.0 107.0 y despaché así á Pelagio,

181.0 175.0 408.0 50.0 sin que nada le faltara.

190.0 214.0 397.0 56.0 Y caminando á Morales,

183.0 256.0 348.0 56.0 puse pública aduana

179.0 287.0 410.0 62.0 de tabaco, vino y carne,

181.0 336.0 422.0 58.0 de pólvora y de barajas.

183.0 374.0 393.0 53.0 A los presos los liberto

179.0 409.0 451.0 62.0 y socorro al que me llama.

181.0 448.0 350.0 58.0 Dígalo si no Sevilla,

181.0 481.0 486.0 62.0 cuando un jueves de mañana

179.0 533.0 486.0 56.0 iban á ahorcar á un hombre,

179.0 566.0 387.0 64.0 y compasivas lloraban

181.0 613.0 447.0 50.0 dos mujeres en sus calles,

183.0 638.0 521.0 66.0 les pregunté, ¿qué es la causa

181.0 684.0 478.0 62.0 de vuestra grande afliccion?

183.0 733.0 445.0 46.0 y al punto me replicaban:

186.0 762.0 518.0 64.0 hoy le dan muerte a mi padre,

183.0 810.0 428.0 58.0 quedamos desamparadas;

188.0 849.0 525.0 62.0 porque un hombre mató á otro,

183.0 890.0 420.0 56.0 el agresor se ausentaba,

186.0 927.0 365.0 62.0 y un testigo impostor

190.0 973.0 388.0 47.0 a mi padre se la carga:

186.0 1006.0 353.0 58.0 les dije se retirasen,

190.0 1041.0 415.0 62.0 y previniendo las armas

183.0 1085.0 459.0 53.0 al punto me fui a la carcel,

183.0 1126.0 482.0 58.0 donde el juez se encontraba

188.0 1167.0 425.0 56.0 para dar fé y testimonios

188.0 1198.0 473.0 60.0 de las causas mal fundadas;

188.0 1246.0 372.0 60.0 y vide sacar al pobre,

183.0 1266.0 488.0 73.0 que los padres le auxiliaban,

181.0 1320.0 488.0 66.0 caminando hácia el suplicio;

186.0 1359.0 448.0 69.0 y llegándome á la escala,

188.0 1399.0 351.0 66.0 les hice allí detener;

188.0 1438.0 411.0 62.0 y al escribano llamaba:

186.0 1483.0 407.0 50.0 ven acá, hombre infeliz,

188.0 1514.0 450.0 71.0 condenado v de mal alma,

188.0 1562.0 415.0 50.0 ¿cómo por tu culpa dan

183.0 1591.0 523.0 74.0 muerte al que no tiene causa?

188.0 1643.0 463.0 64.0 Me respondio: del Consejo

190.0 1678.0 405.0 68.0 que tal justicia se haga

188.0 1721.0 351.0 54.0 ha salido decretado.

194.0 1752.0 417.0 74.0 Y desnudando la espada,

194.0 1795.0 312.0 67.0 la cabeza le corté,

192.0 1822.0 469.0 83.0 dejando el cuerpo sin alma.

194.0 1878.0 333.0 54.0 Pedian favor al rey

194.0 1907.0 448.0 77.0 los soldados de la guardia,

192.0 1963.0 370.0 47.0 y brioso con mi acero

194.0 1996.0 370.0 60.0 despejé toda la plaza,

194.0 2029.0 453.0 66.0 donde hice doce muertos,

194.0 2070.0 467.0 64.0 otros las piernas quebrada;

198.0 2118.0 475.0 91.0 meti al reo en San Francisco,

868.0 115.0 473.0 64.0 sin que nadie lo estorbara.

864.0 171.0 428.0 48.0 Y caminando á mi tierra,

864.0 208.0 378.0 56.0 hallé mi casa cercada

864.0 254.0 525.0 56.0 de un gran cordon de soldados,

862.0 285.0 436.0 62.0 que con órden de la Sala

866.0 332.0 407.0 54.0 venian para prenderme,

864.0 367.0 527.0 69.0 vivo ó muerto me entregaran;

866.0 407.0 409.0 58.0 y viéndome yo perdido,

866.0 444.0 465.0 60.0 echando mano á las armas,

864.0 485.0 413.0 54.0 los aventé como moscas,

862.0 522.0 427.0 56.0 que salen desperdigadas.

864.0 558.0 459.0 59.0 A este tiempo en Cataluña

862.0 605.0 436.0 52.0 en su eminente montaña

862.0 636.0 469.0 62.0 andaban cuarenta hombres,

866.0 679.0 413.0 65.0 que robaban y mataban

862.0 727.0 372.0 52.0 a todos los pasajeros.

862.0 758.0 479.0 56.0 y á muchos pueblos asaltan.

868.0 797.0 368.0 56.0 Tenian órden del rey.

862.0 826.0 487.0 75.0 que aquel término cercaran,

868.0 886.0 471.0 50.0 y prendiendoles, en horcas

866.0 921.0 467.0 62.0 pongan en públicas plazas;

866.0 956.0 380.0 64.0 y el señor gobernador

859.0 992.0 428.0 66.0 no pudo adelantar nada,

868.0 1039.0 448.0 58.0 porque los dichos ladrones

868.0 1087.0 407.0 51.0 alguna gente le matan.

866.0 1120.0 370.0 49.0 A la ciudad se volvió.

866.0 1136.0 504.0 77.0 y al punto escribió una carta.

868.0 1200.0 461.0 58.0 dando parte á don Rodulfo,

864.0 1237.0 428.0 65.0 diciéndole que esperaba,

864.0 1275.0 376.0 62.0 no se dilate en venir,

864.0 1310.0 401.0 62.0 que le dá firme palabra

866.0 1349.0 454.0 58.0 de ser su padrino en todo.

870.0 1392.0 457.0 73.0 Y sin temer mi desgracia,

868.0 1428.0 372.0 57.0 en un ligero caballo,

868.0 1465.0 409.0 62.0 cual águila que volaba,

864.0 1508.0 492.0 56.0 llegué á los montes de Berga,

870.0 1550.0 486.0 64.0 y el Marqués de Huelva pasa

868.0 1585.0 514.0 66.0 con su esposa y sus dos hijas,

870.0 1628.0 399.0 62.0 mayordomos y criadas:

870.0 1674.0 391.0 57.0 salieron ocho ladrones,

872.0 1702.0 401.0 62.0 y á todos los maniatan:

872.0 1746.0 446.0 58.0 denuestan a la marquesa,

874.0 1787.0 477.0 62.0 y aquellas doncellas castas

874.0 1829.0 451.0 53.0 en preseucia del marqués;

878.0 1862.0 469.0 68.0 por socorro al cielo claman.

876.0 1909.0 546.0 54.0 Fui corriendo á estos lamentos

878.0 1944.0 465.0 77.0 y antes que a ellos llegara,

880.0 1988.0 312.0 53.0 me salen á recibir

874.0 2021.0 418.0 68.0 con escopeta cargadas,

878.0 2058.0 476.0 60.0 diciendo: ¿quién viene allá?

888.0 2105.0 505.0 108.0 Les di la respuesta en balas:
