1753 2480
469 12 66 64 III.

179 43 660 95 Llegué al campo enemigo rendido,

121 115 705 77 me aprisionan y en mi triste suerte

121 163 643 78 yo tranquilo esperaba la muerte

115 221 581 68 cuando Atala se me aparecio :

113 270 658 73 con el rostro cubierto de un velo

117 314 513 70 me aconseja la debo seguir

111 365 635 75 se descubre y al ver aquel cielo,

113 421 633 89 con mi Atala, yo quiero morir.

456 512 69 72 IV.

126 558 748 88 Cuando atado en el campo me hallastes

115 626 501 68 y me distes feliz libertad,

105 669 626 79 de una muerte crel me librastes

107 733 529 66 y de tí no me pude apartar

103 779 655 66 quiero siempre seguirte y amarte

107 822 562 77 y teniendo contigo que huir:

107 884 620 66 por mi vida tu fin encontrastes ;

93 925 551 79 sin mi Atala no puedo vivir.

463 1008 41 89 V.

146 1060 633 93 La campiña con todas sus flores

93 1136 564 60 en los dias serenos no iguala

97 1180 628 70 la hermosura fugaz de mi Atala

90 1233 627 66 cuando tuve con ella que huir :

95 1293 580 54 ni tampoco las aves cantaban

95 1339 632 66 con tan dulce y suave armonía ;

95 1384 566 77 se acabo para mí la alegria,

95 1440 580 85 sin mi Atala, no puedo vivir.

442 1535 60 72 VI.

144 1570 695 85 Triste Chactas, que rápida ha sido

88 1634 643 79 la alagüeña ilusion de mi dicha!

90 1702 631 62 sumergida en perpetua desdicha

90 1746 577 68 solo siento un fatal porvenir !

86 1787 606 75 bella vírgen tu vida espusistes

90 1839 600 78 por librarme de muerte funesta

95 1897 616 68 y será mi cancion siempre está ,

86 1950 556 81 sin mi Atala no puedo vivir.

425 2043 81 71 VII.

130 2062 707 116 Cuando el rayo cayó en el desierto

917 8 608 80 y aquel árbol frondoso abrasó,

913 66 589 68 quien dijera mi querida Atala

911 109 600 81 que tu fin muy funesto indicó :

909 167 604 70 este caso terrible me asombra.

909 221 626 62 me consterna y no puedo decir

909 272 639 73 ¡ ay de mi ! que de pena fallezco

907 320 558 78 sin mi Atala no puedo vivir.

1229 417 112 66 VIII.

950 460 736 81 Cuando el rayo cayó en el desierto

901 518 663 75 la palmera en que yo te apoyaba

886 570 749 83 quien creyera, infeliz que anunciaba

897 630 531 60 el final de tu triste existir !

901 675 663 64 el destrozo que hiciera en el suelo

895 723 638 74 la borrasca que el pecho sufria,

893 787 630 62 es menor que el dolor que sentia

888 837 519 70 al mirar á mi Atala morir.

1238 921 72 77 IX.

950 973 525 72 Engañada tu timida madre

895 1027 572 76 hizo voto funesto á tu vida :

890 1087 534 57 te creiste á mi lado perdida

890 1144 571 60 sin quererme tu pena decir:

888 1184 641 60 el secreto fatal que en tu pec ho

882 1233 550 66 ocultabas á mi tenaz suerte

882 1279 759 80 te ha perdido y me pierde igualmente

882 1337 579 70 sin mi Atala no puedo vivir.

1236 1405 51 105 X.

930 1479 690 79 Oh funesto aquel dia en que Atala

868 1539 566 64 con exánime voz me decia :

866 1589 616 68 adios Chactas, adios y confia,

872 1645 697 72 que hasta el cielo mi amor llegará;

882 1694 573 73 y mirando sus lánguidos ojos

876 1738 519 68 advertí que la vida perdia

878 1789 525 75 aumentando la tristeza mia

880 1847 550 79 no poder á mi Atala salvar.

1221 1901 71 111 XI.

924 1977 591 83 Coni sus trémulas manos Atala

874 2043 575 69 una imágen de Cristo me dió

859 2091 633 107 que en el cuello pendiente tenia
