1753 2480
117.0 76.0 536.0 70.0 que tiene el mar en su margen,

115.0 136.0 414.0 47.0 de mil alabanzas digno.

113.0 173.0 393.0 58.0 En esta ilustre ciudad,

115.0 214.0 457.0 52.0 nació de padres muy ricos

113.0 245.0 438.0 65.0 doña Leonor de la Rosa,

117.0 295.0 437.0 54.0 á quien el cielo propicio,

111.0 328.0 412.0 60.0 se esmeró en dibujarla,

115.0 367.0 496.0 62.0 de manera que el sol mismo

115.0 417.0 453.0 58.0 se le opuso su hermosura,

117.0 454.0 484.0 64.0 pues con rayos fué vencido:

115.0 498.0 453.0 60.0 y así triunfó de sus luces,

113.0 533.0 414.0 64.0 y de sus dorados giros:

113.0 568.0 436.0 64.0 este asombro de belleza,

117.0 617.0 430.0 50.0 este encanto de Cupido,

119.0 657.0 401.0 51.0 imán de los corazones,

111.0 688.0 467.0 72.0 y de los hombres hechizo.

115.0 737.0 457.0 56.0 Fué estremada su belleza,

117.0 783.0 426.0 58.0 que pasó á ser prodigio,

119.0 810.0 571.0 76.0 pues no hay hombre que la mire,

117.0 861.0 451.0 60.0 que no se quede rendido.

119.0 905.0 447.0 68.0 En la casa de sus padres,

117.0 950.0 377.0 50.0 con el recato debido

117.0 979.0 395.0 62.0 se crió, y apenas tuvo

121.0 1016.0 507.0 66.0 los quince abriles cumplidos,

119.0 1068.0 515.0 54.0 cuando Amor tiró una flecha;

119.0 1107.0 422.0 60.0 y fué para su desgracia:

119.0 1134.0 511.0 68.0 que bien dijo aquel que dijo,

121.0 1186.0 515.0 58.0 que la mujer que es hermosa,

119.0 1227.0 449.0 62.0 trae la desgracia consigo;

119.0 1271.0 451.0 51.0 que bastó llamarse Rosa,

119.0 1308.0 435.0 56.0 que pocas rosas he visto

119.0 1345.0 474.0 58.0 que no mueran deshojadas

119.0 1390.0 418.0 50.0 á manos del precipicio.

119.0 1426.0 463.0 57.0 La causa fué un caballero,

115.0 1467.0 441.0 58.0 don Jacinto del Castillo,

119.0 1514.0 428.0 48.0 tan galán como bizarro,

119.0 1552.0 449.0 55.0 valiente como entendido.

121.0 1601.0 414.0 56.0 Este dió en galantearla

119.0 1643.0 401.0 49.0 con fiestas y regocijos:

119.0 1680.0 418.0 53.0 la dama le corresponde

119.0 1721.0 385.0 50.0 con amorosos cariños

121.0 1746.0 453.0 66.0 que enamorada y rendida

121.0 1800.0 399.0 51.0 estaba de don Jacinto:

119.0 1841.0 435.0 52.0 y con palabra de esposa

117.0 1874.0 379.0 56.0 á su amante satisfizo.

124.0 1905.0 525.0 68.0 Todas las noches se hablaban

121.0 1959.0 466.0 60.0 por un balcón, que testigo

117.0 1992.0 451.0 64.0 era de sus muchas penas:

119.0 2033.0 455.0 60.0 y como amantes tan finos

119.0 2077.0 457.0 55.0 descansa el uno con otro,

121.0 2116.0 404.0 58.0 répitiendo mil cariños.

121.0 2159.0 422.0 56.0 Dejemos en este estado

121.0 2194.0 457.0 102.0 á Leonor y á don Jacinto,

911.0 64.0 447.0 76.0 gozando aquellos elogios

915.0 124.0 465.0 59.0 que el amor tiene consigo,

915.0 163.0 449.0 56.0 y paso pues á dar cuenta,

915.0 208.0 467.0 50.0 y digo que don Francisco,

915.0 241.0 532.0 58.0 que era el padre de esta dama

915.0 279.0 443.0 57.0 que tenía otros designios

913 328 474 50 de dársela á un caballero

913.0 359.0 519.0 60.0 que era muy rico y su amigo:

915.0 411.0 498.0 51.0 don Fernando de Contreras,

915.0 448.0 459.0 54.0 que enamorado y rendido

915.0 483.0 387.0 58.0 de la singular belleza,

915.0 524.0 453.0 60.0 del encanto y el prodigio,

921.0 574.0 406.0 52.0 del hechizo de Leonor,

917.0 601.0 401.0 58.0 se determinó y le dijo:

917.0 640.0 432.0 60.0 señor don Francisco, yo

917.0 690.0 389.0 54.0 como hombre solicito

917.0 727.0 451.0 54.0 alcanzar vuestros favores,

917.0 768.0 414.0 54.0 si merezco conseguirlo,

917.0 803.0 399.0 58.0 con la bellísima mano

919.0 841.0 503.0 64.0 de Leonor que tanto estimo,

924.0 892.0 481.0 48.0 con el renombre de esposa,

919.0 923.0 422.0 62.0 suplicándolo os lo pido;

919.0 961.0 488.0 68.0 y don Francisco que estaba

921.0 1012.0 443.0 54.0 deseando aquello mismo,

919.0 1051.0 482.0 54.0 se le ha ofrecido y con ella

921.0 1087.0 509.0 57.0 diez mil ducados le ha dicho

921.0 1130.0 443.0 56.0 le dará en plata ó en oro

924.0 1163.0 382.0 66.0 si se efectúa lo dicho.

921.0 1204.0 433.0 69.0 Don Fernando se quedó

921.0 1258.0 410.0 50.0 contento y agradecido;

915.0 1291.0 408.0 68.0 alegres se despidieron,

921.0 1328.0 517.0 75.0 y al momento don Francisco

921.0 1380.0 399.0 52.0 se partió para su casa,

921.0 1411.0 426.0 62.0 dándoles cuenta y aviso

924.0 1459.0 390.0 57.0 á su mujer y á su hija

926.0 1502.0 397.0 50.0 muy alegremente dijo:

924.0 1539.0 421.0 62.0 No sabes, doña Leonor,

924.0 1583.0 359.0 49.0 objeto de mi cariño,

924.0 1618.0 396.0 58.0 como te tengo casada,

924.0 1653.0 427.0 64.0 que será tu gusto y mío,

924.0 1702.0 523.0 50.0 con don Fernando Contreras,

924.0 1742.0 483.0 51.0 hombre rico y bien nacido;

924.0 1773.0 469.0 66.0 es noble, afable y discreto,

924.0 1822.0 508.0 52.0 como tú Leonor lo has visto;

924.0 1862.0 452.0 49.0 sólo aguardo tu respuesta

924.0 1905.0 419.0 54.0 para dársela al proviso.

928.0 1936.0 388.0 62.0 Y Leonor como tenía

928.0 1986.0 426.0 53.0 las potencias y sentidos,

926.0 2031.0 425.0 48.0 el corazón, vida y alma

928.0 2062.0 469.0 58.0 en su amante don Jacinto,

928.0 2099.0 485.0 71.0 fué á responder, y no pudo,

928.0 2151.0 469.0 52.0 que la tuerza de un delirio

926.0 2184.0 487.0 87.0 la traspuso en un desmayo,
