1860 2629
188.0 315.0 397.0 125.0 antepone su venganza,

190.0 418.0 468.0 57.0 destruyendo á su enemigo.

190.0 457.0 386.0 55.0 Tuvo lugar y escribió,

193.0 495.0 447.0 61.0 diciéndole á don Jacinto:

199.0 543.0 380.0 46.0 «Esposo mío y Señor,

193.0 580.0 429.0 53.0 dueño del alma querido,

195.0 611.0 489.0 61.0 hoy mi padre de por fuerza,

195.0 657.0 427.0 57.0 con harto dolor lo digo,

197.0 698.0 417.0 55.0 con que pena lo refiero,

197.0 738.0 482.0 63.0 y con que llanto lo escribo;

197.0 777.0 493.0 55.0 hoy me ha casado mi padre,

199.0 814.0 437.0 62.0 hoy te perdí, dueño mío:

199.0 860.0 476.0 53.0 de este pesar, de esta pena

201.0 902.0 410.0 55.0 las lágrimas hilo á hilo

201.0 939.0 437.0 57.0 de mis ojos se despeñan,

201.0 979.0 452.0 59.0 remediarlo no he podido:

203.0 1023.0 413.0 59.0 yo casada sin mi gusto,

206.0 1060.0 427.0 57.0 reviento sólo en decirlo:

206.0 1099.0 454.0 64.0 yo verme con otro dueño,

206.0 1139.0 506.0 59.0 yo en brazos de mi enemigo,

206.0 1183.0 469.0 54.0 ca, mueran los que causan

208.0 1222.0 425.0 57.0 tus disgustos y los míos.

210.0 1266.0 456.0 59.0 Para esta noche te espero,

212.0 1305.0 435.0 64.0 vendrás bien apercibido,

212.0 1347.0 415.0 63.0 que una criada avisada

214.0 1384.0 479.0 59.0 te entrará en el cuarto mío.

214.0 1415.0 512.0 76.0 Muera, muera don Fernando,

219.0 1472.0 496.0 63.0 pues mi padre lo ha querido,

217.0 1513.0 370.0 60.0 y nos iremos los dos,

214.0 1535.0 454.0 73.0 que en otro reino distinto

217.0 1586.0 405.0 70.0 nos casaremos después

219.0 1629.0 436.0 60.0 que ya tengo prevenidos

221.0 1671.0 452.0 55.0 muchos doblones y joyas,

223.0 1711.0 439.0 59.0 muchas sortijas y anillos.

223.0 1748.0 448.0 61.0 Esto, señor, te encarezco,

223.0 1770.0 518.0 81.0 no haya falta en lo que digo.»

225.0 1829.0 439.0 66.0 Todo aquel día se estuvo

221.0 1866.0 461.0 64.0 el padre con los padrinos,

225.0 1910.0 415.0 66.0 trazando para la noche

225.0 1956.0 397.0 52.0 mil fiestas y regocijos,

228.0 1993.0 355.0 62.0 y la cautelosa dama

228.0 2035.0 351.0 52.0 al inocente marido,

232.0 2057.0 432.0 81.0 por encubrir la ponzoña,

232.0 2114.0 430.0 57.0 mostraba amor y cariño.

234.0 2157.0 441.0 55.0 Vino la noche y con eila,

232.0 2195.0 421.0 59.0 á la puerta don Jacinto,

232.0 2239.0 447.0 59.0 bien prevenido de armas,

234.0 2280.0 382.0 57.0 y la criada al proviso

234.0 2317.0 467.0 64.0 le ha tomado por la mano,

234.0 2355.0 489.0 68.0 y en su cuarto lo ha metido:

236.0 2398.0 408.0 62.0 sm que nadie reparara

241.0 2438.0 449.0 66.0 y allí se quedó escondido,

236.0 2477.0 452.0 64.0 cual aspid emponzoñado,

239.0 2521.0 405.0 79.0 entre las flores metido:

993.0 313.0 428.0 107.0 allí aguarda al inocente,

995.0 400.0 378.0 60.0 para picarle atrevido.

995.0 429.0 498.0 70.0 Llego en fin la media noche,

995.0 479.0 373.0 59.0 se dió fin al regocijo;

997.0 519.0 422.0 61.0 ya todos los convidados

995.0 558.0 452.0 57.0 á sus casas se habían ido.

997.0 593.0 476.0 62.0 Entró Leonor en su cuarto,

997.0 635.0 437.0 61.0 halló en él á don Jacinto

1000.0 683.0 364.0 53.0 allí trazaron el como

1000.0 716.0 458.0 61.0 han de lograr su designio.

1002.0 753.0 491.0 72.0 Entró después D. Fernando

1002.0 819.0 428.0 52.0 despojánduse er veguad,

1004.0 847.0 529.0 62.0 y creyendo estar en los brazos

1004.0 878.0 474.0 75.0 de Leonor que tanto quiso,

1004.0 926.0 557.0 57.0 se halló en brazos de la muerte;

1006.0 970.0 446.0 61.0 porque salió don Jacinto,

1013.0 1007.0 460.0 66.0 y con dos recias puñaladas

1006.0 1049.0 474.0 55.0 abrió al alma dos postigos:

1006.0 1088.0 461.0 57.0 revolcándose en su sangre

1006.0 1130.0 393.0 61.0 se quedó cadáver frío.

1011.0 1167.0 476.0 66.0 Acuden los dos consuegros

1013.0 1213.0 346.0 59.0 al alboroto y ruido,

1017.0 1244.0 437.0 61.0 y al soplo de dos pistolas

1017.0 1292.0 450.0 64.0 las dos vidas han rendido;

1015.0 1336.0 408.0 57.0 y saliéndose del cuarto,

1015.0 1375.0 421.0 57.0 encontró Leonor un tío,

1015.0 1415.0 430.0 50.0 diciendo: viles traidores,

1017.0 1450.0 404.0 66.0 pagareis vuestro delito.

1019.0 1489.0 452.0 62.0 Asió á Leonor de la ropa,

1022.0 1533.0 403.0 61.0 y ella con varonil brío,

1022.0 1573.0 414.0 61.0 de un fuerte carabinazo

1022.0 1614.0 423.0 57.0 el corazón le ha partido;

1022.0 1658.0 397.0 57.0 y saliéndose á la calle,

1024.0 1695.0 423.0 57.0 allí montaron al proviso

1024.0 1730.0 353.0 62.0 en un ligero caballo

1024.0 1776.0 381.0 55.0 que tenían prevenido.

1026.0 1811.0 419.0 57.0 Al estruendo y alboroto

1026.0 1860.0 360.0 54.0 toda la justicia vino,

1030.0 1897.0 446.0 55.0 solicitando el prenderlos:

1033.0 1938.0 458.0 55.0 viendo lo que ha sucedido

1030.0 1980.0 375.0 50.0 en aquella triste casa.

1030.0 2015.0 452.0 59.0 Mas don Jacinto atrevido,

1030.0 2057.0 465.0 54.0 con dos fuertes trabucazos

1033.0 2094.0 432.0 59.0 derribó cuatro ministros,

1033.0 2131.0 458.0 62.0 con que franqueó la calle;

1035.0 2177.0 410.0 62.0 y saliéndose al camino:

1035.0 2219.0 443.0 57.0 dejan de correr y vuelan,

1037.0 2258.0 401.0 57.0 huyendo de su peligro.

1044.0 2300.0 392.0 59.0 Y en la segunda parte,

1037.0 2335.0 487.0 61.0 según consta por lo escrito,

1041.0 2379.0 452.0 59.0 dice como se embarcaron

1041.0 2418.0 424.0 64.0 y como fueron cautivos,

1044.0 2460.0 447.0 61.0 y dice el fin que tuvieron

1048.0 2499.0 408.0 59.0 doña Leonor y Jacinto.

677.0 2536.0 588.0 97.0 Imps. Hospital, 19, «El Abanico»
