1753 2480
183.0 41.0 461.0 52.0 envuelta en un parasismo.

186.0 74.0 471.0 62.0 Aquí eì coral de sus labios

190.0 128.0 434.0 45.0 eran de jazmin los visos;

188.0 163.0 417.0 54.0 las rosas de sus mejillas

186.0 206.0 485.0 52.0 en nieve se han convertido;

186.0 245.0 421.0 52.0 pero en fin por abreviar

188.0 287.0 415.0 56.0 la volvieron con rocíos,

188.0 324.0 475.0 58.0 y con muy tiernos sollozos

190.0 369.0 364.0 52.0 articulando suspiros.

181.0 398.0 515.0 62.0 Apenas vuelta en su acuerdo

186.0 448.0 394.0 52.0 á Leonor su padre vió

188.0 489.0 403.0 50.0 volviendo segunda vez

188.0 529.0 485.0 55.0 á tratar de lo que he dicho:

192.0 576.0 401.0 56.0 Acaba, Leonor, acaba,

188.0 615.0 417.0 54.0 responde á lo que digo,

188.0 653.0 467.0 53.0 porque don Fernando está

183.0 694.0 468.0 52.0 idolatrando en tu hechizo;

186.0 733.0 446.0 52.0 es noble y muy poderoso

188.0 770.0 415.0 58.0 como ya te he referido;

190.0 814.0 523.0 54.0 te hará dueña de su hacienda,

188.0 855.0 459.0 54.0 tendrás descanso y alivio.

190.0 896.0 498.0 56.0 Esto ha de ser de por fuerza

190.0 940.0 432.0 49.0 si no quieres por cariño;

190.0 979.0 428.0 52.0 y remitiéndose al llanto,

190.0 1018.0 428.0 52.0 hechos sus ojos dos ríos,

188.0 1056.0 438.0 55.0 desabrochando palabras,

188.0 1099.0 463.0 52.0 resueltemente le ha dicho:

192.0 1138.0 519.0 52.0 Padre y señor, don Fernando

192.0 1182.0 436.0 47.0 nunca fué del gusto mío.

192.0 1211.0 500.0 70.0 ¿Qué importa que sea noble?

192.0 1260.0 471.0 58.0 ¿Qué importa que sea rico,

188.0 1293.0 421.0 60.0 si nunca han conjurado

190.0 1324.0 488.0 73.0 sus conceptos con los míos?

186.0 1376.0 527.0 52.0 Que don Fernando sea noble,

192.0 1415.0 463.0 58.0 también lo soy padre mío;

188.0 1454.0 537.0 62.0 que sea dueño de su haaienda,

190.0 1500.0 457.0 62.0 yo soy la que me cautivo.

192.0 1541.0 465.0 58.0 La que por fuerza se casa,

192.0 1591.0 382.0 52.0 por interés de lo rico,

188.0 1626.0 438.0 54.0 no es mujer sino esclava

192.0 1667.0 496.0 54.0 que se vende en el guarismo

192.0 1702.0 428.0 56.0 de la ambiciosa codicia,

192.0 1752.0 413.0 46.0 esto, señor, es muy fijo.

196.0 1787.0 463.0 58.0 En cuanto á tomar estado,

192.0 1824.0 486.0 54.0 no ha de ser al guto vuestro

192.0 1866.0 477.0 66.0 que ha de ser al gusto mío.

194.0 1903.0 475.0 58.0 Y pues es fuerza os declare

192.0 1946.0 467.0 56.0 como á padre mi designio,

192.0 1988.0 467.0 58.0 yo tengo puesto mi afecto,

192.0 2027.0 382.0 62.0 el corazón y sentidos

194.0 2060.0 450.0 64.0 por mandato de mi amor,

192.0 2108.0 486.0 53.0 en don Jacinto del Castillo:

192.0 2149.0 488.0 101.0 yo tengo esposo á mi gusto,

992.0 35.0 506.0 64.0 pues como el alma lo estimo.

983.0 117.0 426.0 56.0 furioso y ensoberbecido

998.0 88.0 471.0 48.0 Viéndola el padre resuelta,

992.0 161.0 401.0 49.0 asióla por los cabellos,

992.0 204.0 477.0 50.0 que eran ebras de oro fino,

992.0 239.0 517.0 52.0 dándole golpes y arrastrando

994.0 287.0 506.0 45.0 la metió en su cuarto mismo;

992.0 324.0 450.0 50.0 con un puñal en la mano,

996.0 361.0 436.0 54.0 en viva rabia encendido,

996.0 411.0 384.0 45.0 amenazóla de muerte,

996.0 440.0 513.0 60.0 diciendo: Haz lo que te digo,

992.0 487.0 318.0 50.0 ó la vida rendirás

988.0 493.0 446.0 89.0 al golpe de este cuchillo.

996.0 562.0 560.0 93.0 Viendo Leonor que en su pecho

996.0 613.0 453.0 48.0 moraba el de don Jacinto,

992.0 655.0 436.0 45.0 y que es fuerza peligrase

994.0 692.0 378.0 49.0 en semejante peligro;

998.0 735.0 391.0 46.0 con cauteloso engaño,

994.0 768.0 422.0 54.0 dijo: padre y señor mío,

992.0 812.0 448.0 53.0 yo me resuelvo á que sea

994.0 849.0 467.0 54.0 don Fernando esposo mio.

988.0 884.0 477.0 56.0 Con esto el padre abrazóla

994.0 930.0 399.0 57.0 contento y agradecido,

994.0 977.0 467.0 48.0 dejándola; cuando al cabo

990.0 1008.0 401.0 56.0 de cuatro días ó cinco

994.0 1054.0 384.0 53.0 escribió doña Leonor

994.0 1097.0 417.0 54.0 un papel á don Jacinto,

994.0 1138.0 403.0 50.0 diciéndole lo que pasa,

996.0 1175.0 426.0 54.0 que la sacase al proviso,

996.0 1215.0 457.0 51.0 mas no fué tan en secreto,

996.0 1254.0 492.0 50.0 que lo cogió don Francisco.

998.0 1291.0 449.0 60.0 Hallóla firme y constante

1000.0 1339.0 411.0 49.0 según por lo contenido.

1000.0 1374.0 451.0 52.0 Volvió otra vez indignado

992.0 1413.0 395.0 56.0 y á doña Leonor dijo:

996.0 1454.0 434.0 65.0 Mira, infame, este papel,

996.0 1506.0 444.0 48.0 que envías á don Jacinto.

998.0 1541.0 430.0 54.0 Encerróla, y dispusieron

998.0 1585.0 444.0 49.0 con el Vicario al proviso,

996.0 1618.0 457.0 58.0 con don Fernando la case

1000.0 1667.0 401.0 52.0 por escusar un peligro.

996.0 1707.0 386.0 49.0 Quisiera escribir aquí

998.0 1744.0 438.0 49.0 las lágrimas, los suspiros,

996.0 1785.0 455.0 50.0 los sollozos, los lamentos,

1000.0 1820.0 399.0 54.0 los pesares y los gritos

996.0 1866.0 436.0 47.0 que la triste dama hacía,

996.0 1903.0 515.0 58.0 muy bien se dice ello mismo:

996.0 1946.0 395.0 50.0 si el disimular la pena

996.0 1981.0 407.0 50.0 no le fuera tan preciso,

996.0 2021.0 339.0 53.0 reventara de dolor,

996.0 2066.0 405.0 54.0 mas volvióse basilisco,

1000.0 2101.0 465.0 54.0 cual vívora, cual serpiente,

998.0 2147.0 457.0 95.0 que con su veneno mismo
