1467 2476
633.0 149.0 173.0 57.0 — 17—

118.0 228.0 1183.0 33.0 habia criado en grandes vicios y deleites, durmiendo en camas mulli-

118.0 254.0 1182.0 59.0 das, habitando en palacios, vestir ropas muy costosas y comer manjares

119.0 302.0 1178.0 52.0 los mas delicados, á quien servian y acataban muy grandes señores,

118.0 342.0 1183.0 63.0 se le viese con tan grandísima resignacion, paciencia y humildad, echado

119.0 393.0 1181.0 55.0 con un perro, y de la comida que se da á estos animales, tomar su

119.0 434.0 1181.0 58.0 sustento natural sin querer otra cosa alguna. Y con grande mansedum-

118.0 478.0 1179.0 57.0 bre sufria además ser encarnecido de todos con una humildad y resig-

119.0 521.0 1180.0 52.0 nacion sin ejemplar. Verdad es que habiéndose Roberto entregado

118.0 566.0 1181.0 51.0 despues de su niñez á la vida aventurera, se acostumbró á sufrir toda

116.0 607.0 1181.0 57.0 suerte de privaciones y se habituó á la rudeza é inclemencia de los

119.0 656.0 1180.0 55.0 elementos, pero con todo, nunca se habia desprendido de su carácter

118.0 700.0 1095.0 59.0 orgulloso, por lo que es mas admirable su posterior humillacion.

180.0 745.0 1117.0 59.0 Un dia fueron convidados en el palacio del emperador, unos perso

116.0 788.0 1181.0 59.0 najes estrangeros con algunos nobles de la ciudad, entre los cuales se

116.0 834.0 1183.0 57.0 hallaba un comerciante judío de los mas acaudalados, y que además

116.0 876.0 1176.0 60.0 era tesorero general del emperador; comiendo estaban en la mesa,

118.0 921.0 1179.0 54.0 cuando entró Roberto en el salon informado ya de que entre los con-

118.0 967.0 1179.0 60.0 vidados habia un judío; sentia tanto ver á un infiel comiendo con los

115.0 1011.0 1181.0 60.0 cristianos, que le daban tentaciones de arrojarse á él y quitarle de la

116.0 1056.0 1180.0 60.0 mesa, lo que hubiese hecho sino fuera por no incomodar al emperador;

118.0 1101.0 1179.0 61.0 pero para vengarse de él en algun modo, discurrió traza para hacerle

116.0 1147.0 1180.0 59.0 alguna burla; y en efecto, tomó al podenco por los brazos, llegóse de-

115.0 1188.0 1182.0 56.0 trás del judío, le tocó por la espalda, y al tiempo de volver este la

116.0 1233.0 1181.0 55.0 cara le arrimó la del perro, de modo que le hizo dar un beso con el

116.0 1277.0 1181.0 65.0 hocico, de lo que quedó aquel muy corrido, y todos se rieron grande-

116.0 1324.0 1180.0 61.0 mente por lo gracioso del chasco y la sagacidad del fingido loco; pues

118.0 1370.0 1178.0 56.0 en medio de sus estravagancias y caprichos procuraba ser agradable á

116.0 1414.0 1174.0 61.0 todos los que le trataban, sin enojar ni causar perjuicio á ninguno; y

115.0 1458.0 1179.0 59.0 así, de este modo cumplia su penitencia pasando por loco y mudo en

116.0 1506.0 244.0 48.0 todas partes.

178.0 1544.0 1116.0 61.0 Andando, un dia Roberto por una de las calles mas concurridas

115.0 1587.0 1181.0 59.0 de la ciudad, haciendo mil gestos y contorsiones con un palo muy lar-

116.0 1636.0 1180.0 61.0 go que llevaba, vió pasar una gran comitiva de judíos, que acompaña-

118.0 1680.0 1176.0 54.0 ban una novia muy ricamente vestida; fué corriendo hácia ellos bai-

116.0 1722.0 1181.0 66.0 lando, y con el palo empezó á sacudir á los judíos hasta que tuvieron

116.0 1773.0 1181.0 55.0 que apretar á correr despavoridos; luego se fué á la casa de donde ha-

116.0 1811.0 1180.0 63.0 bian salido (que era la del novio), se introdujo en la cocina y hallando

118.0 1859.0 1175.0 61.0 una gran olla de carne y otras viandas que tenian preparadas para ce-

115.0 1901.0 1181.0 60.0 lebrar la boda, se lo vertió todo por el suelo, saliéndese luego con su

116.0 1945.0 1180.0 64.0 palo sin que nadie se atreviese á hacerle daño ni decirle nada; y por el

116.0 2000.0 1177.0 52.0 mismo estilo hizo muchísimas travesuras, pegándola siempre con los

116.0 2037.0 1178.0 62.0 judíos, todo lo cual llegaba á noticia del emperador, dándole motivo

116.0 2083.0 866.0 68.0 para reirse y causando diversion en los de su córte.

1034.0 2122.0 31.0 51.0 3
