1480 2441
694.0 230.0 170.0 57.0 — 26 —

185.0 305.0 1185.0 43.0 que digo, y á mayor abundamiento verá el hierro de la lanza, como

187.0 336.0 1181.0 57.0 asimismo el propio caballero que con su esfuerzo y valor es capaz de

185.0 379.0 1182.0 61.0 vencer á todos los caballeros del mundo, al propio tiempo que en hu-

185.0 424.0 432.0 58.0 mildad ninguno le iguala.

248.0 466.0 1118.0 61.0 Concluida esta relacion, en el mismo órden que vinieron á la igle-

183.0 513.0 1181.0 59.0 sia se volvieron al palacio del emperador, y el almirante ingeniosa-

183.0 560.0 1181.0 55.0 mente se fué desapareciendo entre la multitud muy confuso y como un

181.0 602.0 1182.0 61.0 desesperado: el santo ermitaño que estaba en la iglesia, siguió al Papa

185.0 650.0 1179.0 57.0 y la demás gente, por ver el prodigio; y cuando llegaron al palacio, la

181.0 694.0 1183.0 57.0 princesa los llevó al jardin, sacó el hierro de donde lo enterró Rober-

181.0 739.0 1180.0 59.0 to, y el caballero trajo la lanza con que le hirió, y uniendo los dos pe-

179.0 781.0 1182.0 59.0 dazos quedó comprobado ser aquel el verdadero hierro sin ninguna du-

179.0 824.0 1181.0 61.0 da: despues fueron á la escalera donde estaba Roberto echado con el

179.0 874.0 1181.0 59.0 podenco; que le lamia la llaga sin tener otro cirujano: el emperador le

177.0 916.0 1183.0 57.0 llamó para hacerle mirar el muslo, mas Roberto al ver á su Santidad

180.0 961.0 1177.0 60.0 y la princesa con tanta multitud de gente, sospechó la causa de su ve-

176.0 1006.0 1180.0 59.0 nida, y por no ser reconocido mostró estar del todo fuera de sentido y

176.0 1050.0 1180.0 59.0 comenzó á burlarse de todos, haciendo gestos muy disformes, y cuan-

176.0 1094.0 1179.0 60.0 do le decian algo volvíase á juntar con el podenco. Entonces su San-

176.0 1139.0 1177.0 59.0 tidad le dijo: yo te mando de parte de Dios que hizo el cielo y la tier-

174.0 1187.0 1179.0 56.0 ra, que si tienes facultad de hablar me respondas á lo que te pregun-

176.0 1228.0 1173.0 57.0 tamos. Cuando Roberto le oyó hablar así, pensó escabullirse de ellos y

176.0 1273.0 1175.0 58.0 huir, por esconderse donde no le hallasen; y levantándose muy pronto

174.0 1322.0 1175.0 57.0 con el perro en los brazos, dió tres ó cuatro saltos por entre la gente

173.0 1364.0 1174.0 58.0 por salirse de ellos, pero cuando se hubo puesto en pie, el ermitaño

174.0 1413.0 1174.0 50.0 que estaba allí tuvo ocasion de verle el gesto y conocerle: adelantóse

172.0 1456.0 1177.0 58.0 cuanto pudo por llegar á él y le dijo: amigo, ya no debes ocultar por

173.0 1498.0 1175.0 57.0 mas tiempo tu verdadero nombre, que es el de Roberto, que dicen, el

170.0 1540.0 1179.0 60.0 Diablo, pero en adelante tendrás otro mas agradable, que es HOMBRE

170.0 1586.0 1177.0 60.0 DE Dios, conviene que hables ya, porque tu penitencia es cumplida y

172.0 1627.0 1176.0 58.0 Dios está muy satisfecho de ella, y á esto solo soy enviado. Entonces

172.0 1674.0 1175.0 53.0 Roberto llorando de puro gozo, hincó las rodillas en el suelo y alzando

170.0 1719.0 1178.0 58.0 las manos al Cielo dijo: ¡oh Dios Todopoderoso, fuente de misericor-

170.0 1765.0 1178.0 60.0 dia y de piedad! ¡Cuánta es la merced que hoy recibe este indigno

170.0 1809.0 1178.0 61.0 siervo, y cuánto bien por tan simple trabajo! Ruégote por tu inefable

173.0 1851.0 1174.0 65.0 bondad, que en todo tiempo te quieras acordar de mí, porque no me

170.0 1898.0 1175.0 56.0 desvie jamás de la carrera de tus mandamientos, y te merezca alabar

173.0 1948.0 427.0 54.0 y bendecir para siempre!

233.0 1986.0 1114.0 63.0 Cuando el Padre Santo y los demás que estaban presentes oyeron

169.0 2031.0 1178.0 61.0 tan acertadas razones de Roberto y el grande sosiego suyo, quedaron

170.0 2084.0 1175.0 47.0 muy maravillados. La princesa en particular, quedó de ello muy alegre

173.0 2123.0 1172.0 57.0 y en estremo complacida, con la esperanza de que aquel habia de ser

169.0 2167.0 1178.0 69.0 su marido; porque sus comportamientos y grandes hazañas le habian
