1479 2472
676.0 144.0 161.0 52.0 — 22—

224.0 216.0 1109.0 35.0 Venido el emperador de la batalla conseguida la gran victoria,

152.0 241.0 1185.0 57.0 mandó hacer una escrupulosa pesquisa en todos los caballeros por si

151.0 287.0 1185.0 54.0 sabia alguno, quién era aquel del caballo blanco que le sacó por se-

151.0 333.0 1185.0 59.0 gunda vez de tan grande conflicto; mas no pudo saber por entonces

149.0 379.0 855.0 57.0 quien era por mas diligencias que se practicaron.

211.0 420.0 1123.0 62.0 No se pasó mucho tiempo sin que el temerario almirante con

145.0 468.0 1186.0 53.0 mucho mayor poder y mayor número de combatientes tuviese la osa-

144.0 510.0 1187.0 55.0 día de aprocsimarse hasta las puertas de la ciudad de Roma; luego

142.0 557.0 1191.0 62.0 que tuvo noticia de ello el emperador, quedó muy sorprendido y ate-

144.0 608.0 1187.0 51.0 morizado por el gran poder que sus enemigos traian, aunque confiaba

142.0 645.0 1187.0 60.0 mucho con la ayuda del desconocido caballero que en tales peligros le

141.0 692.0 1184.0 55.0 favorecia; y con esta esperanza mas que con el esfuerzo de su gente,

140.0 736.0 1186.0 56.0 mandó apercibir á todos los caballeros y demas gente de armas tomar

141.0 784.0 1184.0 55.0 para acometer á sus enemigos; mas antes de salir de la ciudad, man-

140.0 826.0 1172.0 58.0 dó que veinte caballos y treinta infantes tuviesen el cargo de apostar

138.0 872.0 1184.0 53.0 se en ciertos puntos y seguir al del caballo blanco (si se presentaba),

140.0 917.0 1183.0 59.0 y que de grado ó por fuerza se apoderasen de él y le condujesen á la

136.0 962.0 1183.0 61.0 córte. Salió pues el emperador de la ciudad con todo su ejército y

134.0 1006.0 529.0 51.0 fué á acometer á los enemigos.

199.0 1046.0 1120.0 59.0 Al mismo tiempo fué Roberto al jardin, y halló en él el caballo

136.0 1098.0 1180.0 58.0 y las armas correspondientes y su lanza: quedó en un momento arma-

130.0 1141.0 1189.0 56.0 do y montó en su caballo, se salió del jardin á todo escape sin ser vis-

130.0 1185.0 1185.0 56.0 to, hasta que entró en el campo de batalla; y en seguida se le vió en-

129.0 1230.0 1187.0 56.0 trar en combate, derribar caballos y ginetes, despedazar armas y des-

127.0 1277.0 1189.0 52.0 baratar cuanto se le ponia por delante, cuidando al mismo tiempo de

126.0 1322.0 1188.0 60.0 que su gente conservase el órden con mucha diligencia, porque no en-

125.0 1365.0 1189.0 56.0 trase la confusion ni recibiesen tanto daño de los enemigos, que al

123.0 1411.0 1186.0 62.0 par que eran muchos peleaban con feroz encarnizamiento; pero en bre-

125.0 1457.0 1186.0 53.0 ve tiempo hizo tanto destrozo en sus filas, que el almirante solamente

122.0 1509.0 1187.0 45.0 con cincuenta caballeros, se salvó á uña de caballo, y los demás que-

123.0 1547.0 1186.0 52.0 daron unos muertos y otros heridos y maltratados en el campo; en cuan-

122.0 1591.0 1187.0 58.0 to Roberto vió la victoria decisiva, se quiso separar de la gente como

119.0 1635.0 1190.0 61.0 hizo las otras veces, pero los caballeros é infantes que estaban sobre

119.0 1686.0 1192.0 48.0 el aviso, así que le vieron salir de entre la tropa, le atajaron el cami-

119.0 1727.0 1188.0 52.0 no; él así que los vió, variando de direccion, empezó á huir á rienda

118.0 1771.0 1185.0 56.0 suelta al través de los campos por no ser cogido. Uno de los caballe-

115.0 1815.0 1192.0 62.0 ros que llevaba el caballo muy ligero, le siguió gran trecho á carrera

114.0 1862.0 1187.0 53.0 tendida, sin conseguir darle alcance; y cuando vió que se le iba alar-

114.0 1906.0 1183.0 59.0 gando, le tiró la lanza que llevaba, é hirió á Roberto en un muslo,

114.0 1954.0 1187.0 52.0 quedándole un trozo de hierro dentro; mas ni por eso dejó de correr

112.0 1996.0 1189.0 55.0 hasta que consiguió meterse en el jardin sin ser descubierto de persona

109.0 2042.0 1188.0 57.0 alguna, salvo de la princesa, que estaba siempre en acecho desde la

108.0 2086.0 1190.0 70.0 acostumbrada ventana. Cuando se hubo desarmado, desapareció el
