1522 2349
742.0 182.0 166.0 58.0 — 14 —

301.0 258.0 1116.0 40.0 Después de muchas penalidades y cansancio llego á Roma Rober-

233.0 284.0 1183.0 57.0 to el dia de Jueves Santo, en ocasion que el Padre Santo en la iglesia

234.0 328.0 1187.0 63.0 de San Pedro estaba celebrando los divinos oficios, y como su ardiente de-

234.0 377.0 1179.0 57.0 seo no le dejase esperar mejor oportunidad, se introdujo entre el in-

234.0 424.0 1180.0 57.0 menso gentío poco á poco, hasta que llegó á los pies del Papa, no sin

236.0 467.0 1177.0 60.0 gran trabajo, porque los sacerdotes trataban de impedirle el paso; mas

234.0 514.0 1180.0 51.0 no por esto pudieron estorbarle de su propósito; y cuando se vió de-

234.0 557.0 1179.0 58.0 lante del Pontífice, llorando amargamente y á grandes voces, dijo: ¡Bea

237.0 602.0 1177.0 59.0 tísimo Padre! por el mejor servicio de Dios, cuyo Vicario eres, te rue-

237.0 645.0 1179.0 59.0 go que me oigas en confesion, y me impongas la debida penitencia

236.0 696.0 1178.0 59.0 para purgar mis pecados; y Su Santidad le dijo: quién eres tú, que

237.0 738.0 1177.0 59.0 tan grandes voces das en el templo de Dios interrumpiendo así la so-

236.0 780.0 1178.0 56.0 lemnidad de la funcion mas sublime que celebra la Iglesia? Y respondió

238.0 829.0 1178.0 55.0 Roberto: yo soy el mayor pecador del mundo, y vengo á tí, porque

237.0 874.0 1177.0 53.0 me des saludable penitencia de mis pecados, que son tan grandes, tan

237.0 914.0 1179.0 60.0 enormes, que no conviene decirlos aqui en público; y el Papa le repu-

237.0 960.0 1177.0 56.0 so: ¿eres por ventura tú el que llaman Roberto el Diablo, de quien

238.0 1003.0 1176.0 56.0 tantas maldades se dicen? Y Roberto dando un profundo suspiro, que

238.0 1049.0 1178.0 51.0 pareció que le sacaban las entrañas, contestó que sí; entonces el Papa

238.0 1093.0 1176.0 56.0 le dijo; yo te prometo delante de Dios de oirte despues de celebrar los

238.0 1137.0 1176.0 62.0 divinos oficios. Entonces se apartó un poco Roberto, y oyó con

237.0 1184.0 608.0 54.0 mucha devocion los divinos oficios.

301.0 1226.0 1113.0 59.0 Despues de concluidos, Su Santidad le mandó llamar, y Roberto se

238.0 1272.0 1178.0 56.0 hincó de rodillas con muestras de muy grande contricion, y empezó á

233.0 1324.0 1181.0 51.0 declarar todos los acontecimientos de su vida, sin omitir que cuando

236.0 1363.0 1175.0 56.0 le concibió su madre, le habia ofrecido al diablo. Entonces el Papa,

240.0 1408.0 1176.0 57.0 despues de un rato de reflexion, le dijo: hermano, á tí te precisa ir á

237.0 1452.0 1177.0 57.0 un monte á tres leguas de esta ciudad, donde hallarás un santo ermi-

237.0 1498.0 1175.0 60.0 taño, á quien informarás de tus faltas, le dirás que te envio á él, y

237.0 1545.0 1177.0 52.0 te dará el remedio que conviene para la salvacion de tu alma; y dán-

237.0 1586.0 518.0 59.0 dole su bendicion le despidió.

300.0 1628.0 1116.0 64.0 Estuvo Roberto en la ciudad aquella noche, y al otro dia se mar-

236.0 1676.0 1178.0 60.0 chó para el monte que se le indicó; anduvo por él buscando á todas

238.0 1725.0 1178.0 56.0 partes, hasta que halló al santo ermitaño; y habiéndole encontrado,

236.0 1768.0 1178.0 53.0 fué á postrarse á sus pies, y le dijo, que el Papa le enviaba á él para que

236.0 1817.0 1177.0 51.0 le oyese en confesion; el buen ermitaño le tomó por la mano y le hizo

236.0 1862.0 1176.0 53.0 levantar, alegrándose mucho de verle tan contrito llorando sus pecados;

240.0 1902.0 1172.0 60.0 y despues de haber conversado un rato con él, le llevó á una capilla,

236.0 1948.0 1178.0 56.0 donde con muchas lágrimas hizo una completa confesion de todos sus

234.0 1991.0 1179.0 61.0 pecados; el ermitaño le mandó quedar en su compañía aquel dia y no-

236.0 2037.0 1177.0 54.0 che sin absolverle aun, diciéndole que queria interrogarle mas larga-

234.0 2082.0 1179.0 55.0 mente. Venida la noche, el ermitaño hizo una cama junto á la capilla

234.0 2125.0 1179.0 66.0 con un poco de heno para que durmiera Roberto, y él estuvo toda la
