1535 2323
751.0 158.0 166.0 56.0 — 18 —

663.0 247.0 314.0 69.0 CAPITULO VII.

232.0 353.0 1180.0 70.0 Rebelion promovido por un almirante contra el emperador.—Roberto pro-

273.0 412.0 1138.0 59.0 visto de caballo y armas defiende la causa de su favorecedor.—Por su

272.0 455.0 736.0 59.0 valor se consigue la dispersion de los rebeldes.

240.0 610.0 1165.0 52.0 EN el mismo tiempo que Roberto andaba por la ciudad de Roma

228.0 656.0 1180.0 55.0 haciendo su penitencia, un almirante, vasallo del emperador, hombre

228.0 700.0 1180.0 60.0 de ilustre linage, pero muy ambicioso, feroz y de ruin condicion si

228.0 747.0 1180.0 59.0 bien esforzado y valiente en la guerra y muy sabio en política, hizo

229.0 791.0 1179.0 62.0 pedir la hija del emperador por esposa; y como este no la quisiese

232.0 838.0 1176.0 49.0 casar con él ni con otro, por tener el defecto de ser muda, el almiran-

229.0 878.0 1180.0 61.0 que no llevaba otra mira que la ambicion recurrió á las armas reunien-

232.0 927.0 1176.0 58.0 do gran número de gente de guerra partidarios suyos como asimismo

232.0 973.0 1175.0 55.0 muchedumbre de paganos, que en aquel tiempo confinaban con los

229.0 1014.0 1178.0 61.0 romanos; apercibida, pues, toda aquella gente, y él por capitan de to-

232.0 1060.0 1176.0 57.0 dos, entró por los Estados del emperador haciendo grande destruccion

233.0 1103.0 603.0 61.0 y daño en los pueblos y los campos.

291.0 1148.0 1116.0 61.0 Cuando el emperador supo la agresora invasion del almirante y los

229.0 1195.0 1179.0 58.0 malos tratamientos que sus vasallos recibian y que estaba amenazada

229.0 1238.0 1178.0 53.0 la seguridad de sus Estados, mandó luego que inmediatamente se jun-

229.0 1284.0 1179.0 55.0 tasen en la córte todos los principales caballeros de su imperio, por

228.0 1329.0 1176.0 51.0 saber si habia alguno que favoreciese las pretensiones del almirante; y

229.0 1373.0 1178.0 54.0 despues que les halló á todos leales, y deseosos de poner sus haciendas

231.0 1418.0 1176.0 59.0 y personas á su servicio, mandó que muy presto se armase toda la

231.0 1473.0 1178.0 48.0 gente que se pudiese equipar para ir en contra de sus enemigos; reuní-

228.0 1515.0 1176.0 50.0 dos que fueron y puestos sus capitanes como en tal caso se requeria,

228.0 1552.0 1177.0 57.0 el emperador en persona se puso al frente de todos ellos, saliendo de

228.0 1596.0 1179.0 58.0 la ciudad en buen órden, y al otro dia llegaron á donde estaban los

228.0 1642.0 1177.0 57.0 enemigos esperándoles, y apercibidos ya de su venida; el emperador

229.0 1689.0 1176.0 50.0 hizo disponer la gente en órden de batalla para batirse con ellos; se

228.0 1734.0 1175.0 53.0 comenzó una muy reñida batalla que duró hasta que cerró le noche,

227.0 1775.0 1178.0 58.0 perdiendo el emperador mucha gente, de modo que les fué forzoso el

228.0 1823.0 1092.0 50.0 retirarse á un lugar que estaba cerca para reponerse de la derrota.

289.0 1866.0 1115.0 55.0 Al otro dia por la mañana el almirante envió un mensage al empe-

227.0 1910.0 1172.0 58.0 rador, diciéndole, que saliesen á presentarle la batalla en campo raso,

228.0 1956.0 1175.0 58.0 mas este estaba muy abatido por la pérdida de su gente y de los mas

227.0 2001.0 1177.0 58.0 principales y esforzados capitanes, por cuya razon no osaba aceptar la

227.0 2045.0 1177.0 58.0 batalla, temiendo de que sus armas llevasen la peor parte, y tuvo por

227.0 2090.0 1175.0 65.0 mas oportuno fortificarse en el lugar, aguardando que le viniese so-
