1529 2326
673.0 162.0 161.0 57.0 — 13—

133.0 215.0 1208.0 65.0 crecion sin dar lugar á que dispertasen y se defendiesen, hasta que los der-

130.0 263.0 1210.0 62.0 ribó á todos en el suelo; y cuando ya los tuvo muertos dijo: quien á buen

135.0 310.0 1201.0 59.0 señor sirve, buen galardon espera: si bien me servísteis, tal como mere-

130.0 357.0 1205.0 59.0 ciais os he pagado. Despues quiso quemar la casa, mas se detuvo, por

134.0 400.0 1203.0 62.0 las infinitas riquezas que en ella habia, y cerrando la puerta montó

130.0 445.0 1046.0 64.0 en su caballo, resuelto á emprender el camino para Roma.

585.0 581.0 297.0 56.0 CAPITULO V.

147.0 679.0 1185.0 70.0 Despido tierno en la abadía.—Llegada á Roma y presentacion al Santo

192.0 732.0 813.0 78.0 Padre.—Singular penitencia impuesta á Roberto.

141.0 899.0 1184.0 54.0 HABIENDo andado Roberto todo el dia y noche sin comer cosa

137.0 939.0 1190.0 56.0 alguna, á la mañana siguente llegó á una abadía (cuyo prelado era

139.0 983.0 1188.0 55.0 pariente suyo), en la cual habia hecho grandes daños. Roberto se apeó

135.0 1026.0 1188.0 59.0 del caballo á la puerta de la iglesia y entró en ella á hacer oracion. Cuando

137.0 1072.0 1187.0 57.0 los monjes le vieron, se asustaron de tal modo, que echaron todos á

138.0 1116.0 1181.0 56.0 huir. Luego que Roberto hubo concluido la oracion, llamó á uno de ellos,

139.0 1161.0 1183.0 58.0 y le rogó dijese al abad que se dignase de oirle, y que no tuviese temor,

133.0 1205.0 1191.0 57.0 que ningun mal le haria á él ni á ningun otro del mundo. Entonces se

134.0 1250.0 1188.0 56.0 bajó el abad á la iglesia acompañado de algunos monjes, y dirigiéndose

127.0 1297.0 1190.0 57.0 Roberto á ellos, se hincó de rodillas, y les dijo: señores, yo he sido,

134.0 1341.0 1186.0 59.0 en verdad, causador de grandes daños en vuestra abadía, de lo cual ven-

135.0 1385.0 1180.0 60.0 go á pediros por merced me querrais perdonar, porque así Dios nos

129.0 1430.0 1189.0 59.0 perdone tambien á todos: despues que hubo hablado á la comunidad en

130.0 1477.0 1188.0 58.0 general, se dirigió al abad y le dijo: yo os ruego, señor que me en-

127.0 1522.0 1188.0 57.0 comendeis á mi padre, y que le deis esta llave, que es de la casa en

130.0 1564.0 1184.0 55.0 que me reunia con mis compañeros, y en ella hallará muchos tesoros

131.0 1607.0 1183.0 62.0 y riquezas que hemos robado en diversas partes; y le direis que resti-

126.0 1654.0 1191.0 56.0 tuya toda aquella hacienda á sus dueños, y que yo voy á Roma á con-

130.0 1700.0 1184.0 56.0 fesar y hacer penitencia de mis pecados. Cuando los monjes vieron el

131.0 1743.0 1180.0 59.0 grande arrepentimiento de Roberto, dieron por ello infinitas gracias á

125.0 1787.0 1185.0 58.0 Dios, y estuvo muy bien asistido en la abadía aquel dia y la noche,

124.0 1831.0 1185.0 59.0 que el abad no le dejó partir. A la mañana siguiente, dejó el caballo

138.0 1875.0 1172.0 60.0 y las armas, emprendiendo á pie el camino para Roma, y el abad en-

124.0 1918.0 1185.0 62.0 vió la llave al duque, padre de Roberto, con la noticia de la conver-

124.0 1966.0 1187.0 56.0 sion de su hijo, el cual aunque ya tenia conocimiento de ello, tuvo

125.0 2010.0 1185.0 60.0 gran alegría; partió para el monte é hizo dar todos los bienes que halló

122.0 2057.0 1184.0 60.0 en la casa á sus respectivos dueños. Dejemos ahora al duque, y siga-

121.0 2099.0 613.0 65.0 mos á Roberto en su peregrinacion.
