1477 2465
635.0 146.0 162.0 55.0 — 3O —

116.0 209.0 1188.0 47.0 berto descarga el brazo sobre él y le hace morder la tierra hiriéndole

119.0 243.0 1185.0 58.0 gravemente; luego mandó á los suyos que lo llevasen á Roma, dicien-

117.0 286.0 1188.0 59.0 do que allí se le daria el castigo merecido á su alta traicion: oyendo

121.0 332.0 1183.0 55.0 esto el caballero, se volvió á Roberto, y con débil voz le dijo: te rue-

121.0 377.0 1188.0 61.0 go por mi nombre que no quites la honra y fama de mi nobleza ya

121.0 421.0 1186.0 59.0 que quieres quitarme la vida, ni al tiempo de morir me pongas un

123.0 466.0 1186.0 57.0 nombre infamante que jamás merecí en toda mi vida. Entonces el duque

121.0 509.0 1187.0 57.0 Roberto le interrogó diciendo: ¿pues no eres tú el almirante que ase-

123.0 554.0 1186.0 54.0 sinaste vilmente y sin causa á mi señor el emperador? A lo que le

126.0 599.0 1183.0 56.0 contestó el interpelado diciendo, que el almirante no tenia tales armas

130.0 646.0 1179.0 59.0 ni escudo, que las que llevaba eran bastas y deslucidas por no ser

128.0 691.0 1181.0 56.0 conocido, y solo se distinguia por tener un leon negro en el escudo,

131.0 739.0 1182.0 55.0 y que montaba en un caballo rubio; acabado de dar estas esplicaciones

130.0 777.0 1185.0 62.0 espiró. Roberto, que todo su afan era encontrarse con el almirante, se pre-

131.0 827.0 1184.0 53.0 cipita otra vez en lo mas reñido del combate como un fiero leon, siem-

131.0 868.0 1187.0 61.0 pre mirando si podia descubrir al que era objeto de su ódio; vióle al

134.0 916.0 1179.0 54.0 fin en ocasion que estaba haciendo gran destrozo en los romanos, y

132.0 958.0 1188.0 59.0 asegurándose de que era él mismo por las señas que le habia dado el

134.0 1006.0 1185.0 55.0 difunto caballero, tomó una fuerte lanza, se dirigió á él, le llama y le

137.0 1047.0 1176.0 62.0 reta en alta voz; el almirante le responde, ambos se reconocen y cor-

137.0 1094.0 1181.0 60.0 ren á encontrarse; ambos en fin se separan de sus tropas y se encuen-

137.0 1142.0 1186.0 48.0 tran cara á cara. Dios de las batallas! ¿Quién podrá pintar la fuerza, el

138.0 1183.0 1186.0 53.0 ódio, la rabia de estos implacables rivales? ¿Quién podrá esplicar el fu-

135.0 1228.0 1187.0 63.0 ror ciego, el deseo de venganza, la sed ardiente de sangre que á am-

138.0 1272.0 1185.0 57.0 bos devora? Al modo que dos águilas furiosas hienden el aire con las

142.0 1320.0 1180.0 59.0 veloces alas y caen al encontrarse, así los dos guerreros se arremeten,

141.0 1372.0 1185.0 50.0 se juntan en medio de su carrera, y al golpe caen los caballos. Leván-

142.0 1409.0 1181.0 59.0 tanse al punto, y sin atender á sus vidas, sin pensar en los escudos,

141.0 1452.0 1186.0 62.0 con espada en mano acércanse y descargan sus brazos: el acero corta

142.0 1499.0 747.0 60.0 el hierro y sus corazas despiden vivo fuego.

209.0 1543.0 1114.0 59.0 El impaciente Roberto arroja el escudo, da hácia atrás tres pasos,

145.0 1589.0 1185.0 54.0 empuña el formidable alfange, y volviendo como un rayo descarga so-

145.0 1633.0 1184.0 58.0 bre su enemigo partiéndole la coraza, y la punta se abre en el pecho

146.0 1677.0 1184.0 53.0 una ancha herida de donde mana la sangre. El almirante con una ro-

147.0 1722.0 1184.0 62.0 dilla en tierra, Roberto lleno de esperanza quiere segundar; le hiere de

146.0 1773.0 1185.0 51.0 nuevo dejando la espada en las entrañas de su antagonista y palpitante

145.0 1811.0 1186.0 62.0 cae al suelo bañado en su propia sangre. Apenas los del bando del al-

150.0 1859.0 1183.0 52.0 mirante vieron á su jefe vencido y muerto, cuando empezaron á des-

150.0 1904.0 1183.0 54.0 bandarse y entrar en ellos la confusion. El invencible Roberto junta

152.0 1947.0 1181.0 63.0 á sus fatigados soldados, los anima para hacer el último esfuerzo, y

154.0 1995.0 1180.0 56.0 dada la señal se arrojan con ardor contra sus enemigos, los arrollan

154.0 2037.0 1181.0 66.0 por todas partes y los ponen en precipitada fuga, dejando la tierra

156.0 2091.0 375.0 52.0 sembrada de muertos.
