1523 2391
717.0 189.0 153.0 54.0 —11—

179.0 247.0 1191.0 55.0 pero Roberto sin seguirles ni hacer demostracion de causarles mal alguno;

176.0 286.0 1194.0 62.0 así anduvo Roberto por el castillo, hasta que llegó al cuarto en que es-

179.0 332.0 1188.0 57.0 taba la duquesa su madre; y como hallase la puerta cerrada por den-

178.0 379.0 1186.0 52.0 tro, comenzó á dar golpes y llamar á grandes voces; y temiendo la

170.0 419.0 1188.0 61.0 duquesa que derribára la puerta, le respondió rogándole que se fuese,

174.0 463.0 1185.0 61.0 mas Roberto con mucha humildad la rogó que le quisiese oir, prome-

167.0 508.0 1195.0 60.0 tiendo y dando palabra de no hacerle el menor daño, ni á ninguno del

171.0 553.0 1188.0 52.0 castillo; á lo cual la duquesa le abrió la puerta, y llorando muy amar-

175.0 599.0 1184.0 57.0 gamente se echó á los pies de su hijo; Roberto, movido de compasion

174.0 644.0 1184.0 56.0 por el llanto de su madre, suspirando de corazon y sus ojos hechos,

171.0 688.0 1184.0 53.0 fuentes, la levantó del suelo. Sentados en un estrado sin tener otra

168.0 731.0 1186.0 56.0 compañía, empezó la duquesa á reprenderle con suavidad de tantos

168.0 775.0 1186.0 60.0 males como habia hecho, y Roberto la dijo: señora, esta es preeisa-

167.0 820.0 1187.0 62.0 mente la causa de mi venida, porque no puede ser que vos ó el du-

167.0 866.0 1184.0 61.0 que mi padre, no tengais alguna culpa en este mi mal vivir, y quisie-

166.0 909.0 1185.0 64.0 ra saber si vosotros fuisteis causantes de ello, para que mas facilmente

163.0 961.0 537.0 53.0 pudiese yo enmendar mi vida.

231.0 994.0 1116.0 63.0 Cuando la duquesa oyó la voluntad y buena disposicion de su hijo

159.0 1049.0 1187.0 54.0 para entregarse á buen vivir, le saltaron nuevas lágrimas de sus ojos

159.0 1087.0 1185.0 59.0 del gran gozo que recibió, abrazándole y besándole á menudo, y ro-

159.0 1134.0 1185.0 61.0 gándole la quisiera perdonar; luego le contó por estenso cómo le ha-

156.0 1178.0 1187.0 60.0 bia ofrecido al diablo, de la manera que ya queda referido. Cuando Ro-

156.0 1224.0 1184.0 60.0 berto oyó tales razones del gran dolor y pesar que tuvo, cayó desma-

159.0 1271.0 1179.0 57.0 yado en el suelo, y despues que volvió en sí, con abundantes lágrimas

154.0 1311.0 1182.0 55.0 comenzó á decir: «Oh misericordioso y eterno Dios! cómo permitís que

154.0 1357.0 1180.0 60.0 pague el hijo la culpa de la madre! Oh!  pecador de mí, cuánto tiem-

154.0 1400.0 1177.0 61.0 po he servido al diablo sin tener conocimiento de mi perdicion! Oh

154.0 1449.0 1177.0 57.0 maligno espíritu, cuántas cautelas y modos buscas para privarnos de

150.0 1490.0 1177.0 57.0 la Gloria y cautivarnos en tus tristes cárceles, por cuyo camino desde

150.0 1534.0 1176.0 56.0 mi infancia hasta este dia me has llevado, cegándome los ojos de la

146.0 1579.0 1174.0 60.0 razon por el poder que mi madre te dió! Oh astuto y sagaz engañador,

146.0 1624.0 1176.0 57.0 cómo conocistes del sexo femenino la fragilidad é inconstancia! Cómo

144.0 1668.0 1176.0 57.0 lograstes de él lo que en ningun varon pudieras conseguir! Oh piado-

143.0 1713.0 1177.0 56.0 so y misericordioso Jesus! tú, que rogaste por los que te crucificaron

144.0 1760.0 1174.0 58.0 y digiste: Padre, perdónalos que no saben lo que se hacen; perdona á

142.0 1805.0 1173.0 55.0 esta mi triste madre su gran yerro cometido, y á mí, mezquino pe-

138.0 1846.0 1176.0 58.0 cador lo mucho que te he ofendido, y pon en mi corazon entera con-

136.0 1891.0 1174.0 56.0 tricion de mis pecados, ábreme la carrera de tus mandamientos, como

135.0 1935.0 1174.0 60.0 abriste el mar Rojo para los hijos de Israel.» Acabada esta súplica ar-

135.0 1979.0 1172.0 61.0 rodillose delante de su madre, la pidió perdon, besóla la mano, la ro-

134.0 2025.0 1172.0 64.0 gó que le encomendase al duque su padre y le dijese que le pedia per-

131.0 2072.0 1175.0 55.0 don de sus yerros. Decidle, añadió, que parto á Roma para ponerme

131.0 2116.0 964.0 62.0 á los pies del Padre Santo á confesar todos mis pecados.
