1508 2331
703.0 112.0 167.0 68.0 —— 20 ——

195.0 173.0 1183.0 69.0 desarmóse muy presto; puso las armas encima de la silla del caballo,

199.0 225.0 1185.0 59.0 se metió en el palacio y el caballo desapareció. La hija del emperador

195.0 273.0 1189.0 58.0 que le vió marchar estaba ansiosa deseando ver cuando volvia, y efec-

196.0 317.0 1190.0 59.0 tivamente, estuvo en acecho y le vió llegar, desarmarse, y tambien como

198.0 366.0 1186.0 54.0 el caballo y las armas desaparecieron, de lo que se admiró tanto, que

199.0 405.0 1188.0 63.0 al contado lo hubiera referido todo á su padre sino le hubiese faltado

200.0 453.0 362.0 67.0 el don de la palabra.

634.0 549.0 324.0 88.0 CAPITULO VIII.

204.0 638.0 1188.0 76.0 Sigue Roberto peleando contra los enemigos del Estado—Empeño del em-

248.0 703.0 1011.0 74.0 perador para descubrir al héroe.—Recibe Roberto una herida.

221.0 857.0 1172.0 55.0 LUEGO que el emperador vió á sus enemigos desbaratados y pues-

212.0 902.0 1188.0 58.0 tos en huída, tomó las disposiciones para volverse á Roma, donde

212.0 946.0 1189.0 61.0 fué muy bien recibido del pueblo; llegado que fué á su palacio entró

213.0 991.0 1190.0 60.0 Roberto en el salon donde estaba, y con ademanes chistosos fué á dar-

215.0 1038.0 1188.0 53.0 le la bien venida; y como traia un rasguño en la cara que le dieron en

215.0 1081.0 1189.0 54.0 la batalla, cuando el emperador se lo vió dijo con severidad: ¿quién ha-

216.0 1129.0 1189.0 52.0 brá sido el insolente que ha lastimado á este loco en la cara? y contes-

216.0 1171.0 1190.0 59.0 tó un caballero: señor, esto probablemente le fué hecho cuando esta-

217.0 1218.0 1189.0 58.0 ba V. M. ausente de aquí; y seria conveniente mandar que ninguno

216.0 1263.0 1196.0 57.0 se atreva á enojarle ni hostigarle en nada, pues que él á nadie hace

218.0 1310.0 1194.0 52.0 daño: y el emperador así lo mandó, sopena de su indignacion y de un

218.0 1353.0 1195.0 52.0 severo castigo; en todo lo cual estaba Roberto disimulando siempre

218.0 1399.0 567.0 59.0 como que ninguna cosa entendia.

282.0 1438.0 1127.0 64.0 Despues preguntó el emperador por el caballero que le habia ayu-

222.0 1487.0 1188.0 54.0 dado en tan grande apuro como se habia hallado, y que tanta parte

220.0 1533.0 1190.0 54.0 habia tomado en el combate, mas ninguno le pudo decir quién era ni

221.0 1576.0 1188.0 59.0 dónde se le podria hallar; y dijo el emperador: quien quiera que sea,

220.0 1630.0 1189.0 50.0 es el mas esforzado guerrero que yo haya visto en toda mi vida, y

222.0 1674.0 1192.0 50.0 ciertamente que merece ser bien recompensado por su heróico valor.

224.0 1711.0 1192.0 54.0 No es posible que otro caballero hiciera jamás lo que él hizo en mi

222.0 1756.0 1195.0 57.0 favor. ¡Oh cómo quisiera conocerle por galardonarle el beneficio que

225.0 1803.0 1191.0 55.0 de él recibimos, pues bien señalado era con su caballo blanco y sus

225.0 1847.0 924.0 57.0 armas lucidas y mas hermosas que las de otro alguno.

294.0 1890.0 1127.0 58.0 Cuando la princesa entendió que un caballero con caballo blanco

230.0 1936.0 1191.0 59.0 venció en la batalla, tuvo gran placer y quiso decir por señas lo que

231.0 1982.0 1183.0 57.0 vió á Roberto en el jardin, mas nunca la pudo el emperador compren

230.0 2029.0 1193.0 54.0 der, por lo que mandó llamar unas entendidas señoras que tenian el

229.0 2070.0 1192.0 69.0 cargo de enseñarla y servirla, y las dijo, que observasen bien atentas
