1523 2321
700.0 170.0 161.0 55.0 — 6 —

190.0 233.0 1179.0 48.0 tempestad. Fué llevado el niño á bautizar, y le pusieron por nom-

188.0 272.0 1180.0 55.0 bre Roberto; las jentes acudian á verlo por maravilla, porque de dos

189.0 315.0 1176.0 56.0 dias de nacido parecia que tenia  un año. Al llevarlo y traerlo de la

186.0 359.0 1179.0 56.0 iglesia, jamás su boca se cerró, dando tales gritos, que todos se ma-

184.0 402.0 1180.0 58.0 ravillaban de ello. Fué dado á dos amas para que lo criasen; mas á los

185.0 450.0 1179.0 54.0 tres meses tuvo todos sus dientes y muelas, con las cuales mordia á

176.0 492.0 1187.0 62.0 las amas y las quitaba los pezones de los pechos; por esto fué nece-

180.0 538.0 1181.0 57.0 sario darle de comer y beber cuanto antes. Apenas tuvo un año, an-

180.0 584.0 1181.0 58.0 daba y hablaba tan bien como otros niños de cinco años; pero cuanto

176.0 626.0 1183.0 61.0 mas crecia mas se deleitaba en hacer mal; y cuando encontraba al-

177.0 673.0 1180.0 61.0 gunos niños les heria y maltrataba con palos y con piedras, los gol-

179.0 719.0 1180.0 57.0 peaba y rasguñaba; y en fin, en cualquier parte que estuviese jamás

179.0 760.0 1046.0 54.0 cesaba de hacer mal, y destruir cuanto le venia á las manos.

239.0 808.0 1115.0 54.0 Creció en cuerpo, y maldades, en tanto grado, que los que tenian

172.0 849.0 1180.0 58.0 hijos no los dejaban salir de casa por temor de que Roberto les encon-

174.0 896.0 1178.0 59.0 trase. Algunas veces se juntaban muchos niños para pelear con él, mas

175.0 942.0 1177.0 49.0 no porque fuesen muchos, dejaba de acometerlos con piedras ó con

174.0 986.0 1178.0 55.0 palos, y algunas veces le descalabraban, pero siempre habia muchos

171.0 1027.0 1177.0 52.0 de ellos heridos y maltratados, así que cuando le veian decian todos:

171.0 1072.0 1179.0 57.0 ahí viene Roberto el Diablo! cuyo nombre le quedó por mucho tiempo.

235.0 1124.0 1112.0 54.0 Si veian que eran pocos para resistirle, poníanse todos á huir, y

168.0 1160.0 1180.0 55.0 algunas veces los seguia hasta entrar en sus casas, pero por ser de

170.0 1203.0 1176.0 61.0 quien era no osaban sus padres ni parientes castigarle ni enojarle,

166.0 1250.0 1179.0 54.0 antes le halagaban dándole frutas y otras cosas que los niños desean;

166.0 1297.0 1180.0 55.0 mas ni por eso pudieron jamás conseguir de él la menor correccion; pues

166.0 1339.0 1177.0 57.0 era de condicion tan perversa, que sus deseos se fundaban solo en la

168.0 1386.0 975.0 56.0 maldad y las obras eran en un todo conforme á ellos.

206.0 1428.0 1136.0 60.0 Tendría Roberto unos siete años, cuando el buen duque, su pa-

158.0 1477.0 1183.0 52.0 dre, informado de su mala condicion, pensó poner enmienda en él por

161.0 1518.0 1180.0 56.0 medio del estudio; un dia le mandó llamar y le dijo: hijo, ya es tiempo

161.0 1565.0 1177.0 58.0 que aprendas de educacion y ciencia, pues que Dios te dió habilidad para

157.0 1609.0 1180.0 54.0 ello, porque en todo tengas ventaja á tus vasallos. Con esto mandó venir

156.0 1654.0 1177.0 51.0 un honrado varon que en las ciencias era muy docto y en toda ense-

157.0 1698.0 1177.0 56.0 fianza muy práctico, y le dijo, que de allí en adelante tomase el car-

156.0 1744.0 1176.0 57.0 go de educar á su hijo Roberto; que le enseñase á leer y escribir, y

153.0 1789.0 1179.0 56.0 le instruyese en crianza y buenas costumbres. A todo esto no habló

154.0 1833.0 1172.0 57.0 palabra Roberto; y con la cabeza inclinada volvia la vista ya al duque,

154.0 1876.0 1174.0 60.0 ya al maestro, el cual se despidió del duque llevándose á Roberto

150.0 1925.0 1178.0 53.0 consigo. Este se escondió un agudo cuchillo en la manga, para dar

150.0 1970.0 1175.0 50.0 con él á su maestro si quisiese castigarlo; y habiendo Roberto un dia

149.0 2014.0 1175.0 56.0 herido y apedreado á otros muchachos, quejáronse sus padres al maes-

147.0 2056.0 1177.0 59.0 tro, y queriéndole este castigar, dió á su discipulo un bofeton, pero él

148.0 2101.0 1173.0 69.0 sacando su cuchillo, le dió tan fuerte estocada en el pecho  que cayó
