1523 2349
642.0 167.0 177.0 63.0 — 15 —

126.0 253.0 1196.0 31.0 noche en oracion rogando á Dios por alcanzar el perdon de su penitente.

197.0 272.0 1113.0 58.0 Ya iba á amanecer cuando el santo ermitaño vencido del sueño,

130.0 317.0 1184.0 60.0 y reclinado á un canto que le servia de cabecera, cerró los ojos para

125.0 362.0 1194.0 55.0 descansar, y estando en una especie de ensueño oyó una voz misterio-

126.0 405.0 1189.0 60.0 sa que le decia: Siervo de Dios, á este pecador que tienes en tu compa-

125.0 455.0 1193.0 50.0 ñía, por disposicion del Altísimo le impondrás por penitencia de sus enor-

125.0 494.0 1189.0 54.0 mes culpas, que tiene de permanecer en la ciudad de Roma, discurriendo

123.0 540.0 1188.0 61.0 por sus calles aparentando demencia y absteniéndose del uso de la pala-

123.0 585.0 1189.0 55.0 bra, sufriendo con paciencia y resignacion las burlas é insultos que pueda

125.0 632.0 1194.0 54.0 dirigirle el vulgo; tampoco podrá alimentarse de otra cosa mas que de

122.0 675.0 1196.0 59.0 aquello que echen á los perros y él les pueda quitar, debiendo continuar

125.0 722.0 1186.0 51.0 de este modo hasta que Dios sea servido disponer otra cosa, y asi alcanzará

123.0 767.0 1185.0 57.0 la entera remision de sus pecados. Cuando el ermitaño dispertó quedó

127.0 809.0 1187.0 56.0 maravillado de tal revelacion; entró en la capilla donde encontró á

123.0 857.0 1187.0 51.0 Roberto entregado á la oracion y llorando, le llamó y le hizo poner

122.0 901.0 1186.0 58.0 de rodillas delante de sí, y luego le dijo: hermano, por inspiracion

121.0 947.0 1194.0 52.0 divina me ha sido revelada esta noche la penitencia que te conviene

122.0 990.0 1189.0 52.0 hacer por redimir tus pecados, y esta consiste en tener que andar por la

123.0 1034.0 1184.0 53.0 ciudad de Roma sin hacer mal ni daño alguno á nadie; que te finjas

121.0 1081.0 1185.0 54.0 loco y mudo, y asimismo no comerás cosa ninguna, salvo lo que pu-

122.0 1123.0 1185.0 60.0 dieres quitar á los perros, y así andarás hasta que Dios disponga otra

121.0 1169.0 1193.0 59.0 cosa; y en seguida le absolvió, y dió su bendicion. Luego que hubo

120.0 1213.0 1190.0 58.0 recibido la absolucion, dió Roberto infinitas gracias á Dios de tantas

121.0 1260.0 1191.0 55.0 mercedes y beneficios como le concedia por tan pequeña penitencia;

118.0 1301.0 1193.0 61.0 despidióse del ermitaño, y se fué para la ciudad de Roma, con gran

121.0 1349.0 775.0 59.0 deseo de comenzar y cumplir su penitencia.

563.0 1475.0 306.0 59.0 CAPITULO VI.

120.0 1569.0 1182.0 83.0 Resignacion ejemplar de Roberto.—Se introduce en el palacio del empera-

161.0 1639.0 1142.0 75.0 dor.—Manifiesta su odio á los judíos, sirviéndole de tema para sus fin-

160.0 1687.0 238.0 63.0 jidas locuras.

113.0 1830.0 1196.0 62.0 ENTRÓ Roberto por la ciudad de Roma haciendo jestos con la boca

116.0 1879.0 1199.0 64.0 y con los ojos, bailando y saltando por las calles como hombre ajeno

113.0 1930.0 1201.0 49.0 de todo sentido, y en poco tiempo se reunió un gran número de mu-

113.0 1973.0 1202.0 56.0 chachos que le seguian y maltrataban continuamente, el uno le tiraba

113.0 2016.0 1194.0 58.0 lodo á la cara, otros zapatos viejos y otras suciedades que hallaban

113.0 2068.0 1195.0 53.0 por las calles, y otros le apedreaban sin dejarle descansar, en fin, era

109.0 2104.0 1188.0 68.0 objeto de burla para todo el mundo; mas Roberto nunca les decia nada,
