1480 2472
590.0 162.0 171.0 64.0 —23—

89.0 223.0 1171.0 51.0 caballo y las armas. Pensando que no le veia nadie, se arrimó á un

87.0 260.0 1171.0 61.0 árbol para curar su herida, sacó el hierro que tenia dentro, y lo es-

87.0 306.0 1170.0 60.0 condió debajo de una piedra cerca de la fuente, y despues se puso

86.0 351.0 1172.0 54.0 ciertas yerbas en la llaga para restañar la sangre, guardándose cuanto

87.0 396.0 1171.0 58.0 podia de cojear: se entró en palacio haciendo mas locuras de las que

87.0 440.0 1171.0 54.0 solia, por disimular que estaba herido, y en aquel instante entró el

86.0 483.0 1170.0 53.0 emperador que acababa de llegar y poco despues el caballero que hi-

89.0 528.0 1168.0 57.0 rió á Roberto, el cual refirió á S. M. como no le habia podido dar alcance

90.0 575.0 1164.0 59.0 por mas que le persiguió á todo correr, pero le habia herido y que el

87.0 616.0 1167.0 59.0 hierro quedó clavado en el muslo; el emperador quedó muy satisfecho

89.0 661.0 1167.0 58.0 de ello, y mandó que se buscase escrupulosamente por toda la ciudad, si

89.0 704.0 1167.0 58.0 se hallaba un caballero que tuviese una herida de aquella especie y hu-

87.0 749.0 1173.0 59.0 biese montado caballo blanco; mas no se halló tal caballero en todo

90.0 797.0 1166.0 57.0 Roma, por mas diligencias que se practicaron; y como el emperador

87.0 840.0 1167.0 58.0 estuviese muy deseoso y tuviese mucho empeño de saber quién era el

87.0 884.0 1167.0 59.0 generoso caballero á quien debia tan grandes beneficios para recompen-

89.0 928.0 1164.0 59.0 sar su mérito, mandó pregonar por toda la monarqaía, que el caballe-

87.0 972.0 1167.0 51.0 ro que en las batallas dadas contra el almirante se presentó con caba-

86.0 1014.0 1167.0 62.0 llo blanco arrollando y desbaratando las huestes enemigas, quien quie-

86.0 1062.0 1167.0 57.0 ra que fuese, que vinese á la córte y se manifestase, que en galardon

85.0 1105.0 1165.0 58.0 de sus nobles hazañas, el emperador le daria su hija por muger (si se con-

86.0 1156.0 1161.0 53.0 formaba con la falta física de la princesa) y además la mitad del imperio.

109.0 2083.0 1076.0 67.0 EL ALMIRANTE SE PRESENTA A LA CÓRTE FINGIENDO SER EL VENCEDOR.
