1485 2411
707.0 186.0 145.0 26.0 - 5 -

163.0 206.0 1196.0 63.0 samientos, siendo tanto lo que sentia y oprimia su corazon que casi

160.0 254.0 1197.0 54.0 cayó en una especie de abatimiento. Estuvo así, hasta que vino la gen-

174.0 298.0 1185.0 55.0 te con el ciervo muerto, y dando la cacería por concluida, subió el du-

178.0 345.0 1092.0 56.0 que en una hacanea marchándose con la comitiva para la ciudad.

171.0 388.0 1183.0 58.0 La esposa del duque poseida tambien de una profunda tristeza,

171.0 432.0 1189.0 55.0 acompañada de cierta especie de delirio, se puso en un estado com-

172.0 475.0 1189.0 62.0 pleto de postracion, lo cual la obligó á guardar cama, y aunque la de-

175.0 523.0 1192.0 52.0 cian que el duque venia y traia un ciervo muerto, no hacia el menor

172.0 571.0 1192.0 55.0 caso de ello. Entrado el duque en palacio, como no viese á la duque-

172.0 614.0 1193.0 58.0 sa, preguntó por ella; y luego que oyó que estaba en la cama muy de-

180.0 656.0 1185.0 59.0 sazonada, la fué á ver y la dijo: esposa mia, así el Señor fuere ser-

175.0 700.0 1189.0 58.0 vido de que tu indisposicion fuesen los síntomas de un embarazo y

180.0 744.0 1185.0 61.0 parieseis un hijo para que nuestros Estados disfrutasen despues de nos-

179.0 790.0 1189.0 60.0 otros paz y prosperidad; á cuyas razones respondió la duquesa con

180.0 835.0 1196.0 58.0 grande agitacion: así fuera cierto mi embarazo, aun cuando fuese á costa

178.0 885.0 1189.0 55.0 de ofrecer al diablo el fruto de mis entrañas: y por desgracia así lo hizo.

643.0 1004.0 285.0 70.0 CAPITULO II.

187.0 1103.0 1186.0 91.0 Nacimiento de Roberto y tempestad que hubo al darle á luz.—Sucesos no-

233.0 1172.0 1140.0 75.0 tables de su infancia.—Perversidad demostrada en sus inclinaciones.

197.0 1323.0 1175.0 60.0 Por voluntad de Dios concibió la duquesa un hijo, que fué muy

191.0 1370.0 1181.0 55.0 diestro y perverso en todas maldades; mas por la gracia Divina, hizo

194.0 1415.0 1181.0 58.0 despues digna penitencia de sus pecados como en adelante diremos.

197.0 1461.0 1179.0 56.0 Trajo la duquesa nueve meses el hijo en sus entrañas, y estuvo de

194.0 1505.0 1181.0 62.0 parto un mes entero.nPensaba el duque y todos los de palacio que fe-

195.0 1548.0 1178.0 64.0 neneceria, pero plugó á Dios que pariese, aunque no sin gran trabajo,

198.0 1597.0 800.0 60.0 porque se singularizase este maravilloso hecho.

197.0 1636.0 1179.0 59.0 En la hora que nació el niño, como se halla en las crónicas fran-

192.0 1683.0 1184.0 58.0 cesas, sobrevino una niebla muy espesa, que cubria toda la ciudad y

194.0 1727.0 1183.0 59.0 parecia media noche; tronaba y centelleaba de tal suerte, que todos

195.0 1772.0 1182.0 61.0 pedian misericordia á Dios, pensando que la ciudad se hundia. Duró

197.0 1817.0 1179.0 56.0 esto cuatro horas; despues abrió el tiempo, y parecia que el cielo es-

198.0 1861.0 1181.0 59.0 taba encendido en llamas de fuego; los relámpagos continuaban con

201.0 1908.0 1178.0 52.0 tanta rapidez, que cegaban á la gente; los vientos chocaban unos con

199.0 1951.0 1181.0 55.0 otros, que temblaban las casas hasta los cimientos; el palacio en donde

198.0 1995.0 1182.0 63.0 parió la duquesa fué tan maltratado de la tempestad, que gran parte

198.0 2041.0 1181.0 53.0 de él se arruinó, y pensaron los que en él estaban perder las vidas;

198.0 2084.0 1183.0 71.0 mas por la gracia de Dios y la intercesion de nuestra Señora, cesó la
