1536 2323
642 156 159 55 — 19 —

116 223 1188 42 corro de sus parciales; mas conociendo el almirante la crítica situacion

112 251 1187 58 en que se hallaba su contrario, mandó luego atacar el lugar, por lo

111 294 1191 62 cual se vió obligado el emperador á salir de su posicion y presentar la

109 340 842 58 batalla con la poca y desalentada gente que tenia.

174 383 1127 58 Roberto continuaba habitando en el palacio del emperador, y al

111 433 1187 49 saber las fatales nuevas que habian venido á la córte, de la derrota del

107 474 1191 55 ejército se puso muy triste. Una mañana que salió al jardin para beber

109 520 1185 51 en la fuente como tenia de costumbre, despues de haber saciado su

105 562 1188 53 sed, se arrimó á un árbol poniéndose á discurrir en la desgracia del

103 606 1191 58 emperador y la pérdida de su jente deseando vivamente, si posible le

104 654 1185 53 fuera favorecerle, tanto por contribuir al esterminio de los revoltosos y

104 696 1186 58 enemigos del órden público, cuanto por rendir un tributo de gratitud y

103 740 1189 62 satisfacer en parte los beneficios que en el palacio del emperador reci-

100 787 1190 58 bia; y embebido en estos pensamientos oyó una voy que le dijo: «Ro-

100 834 1189 56 berto, es preciso que tomes estas armas, cabalgues en este caballo y vayas á

98 877 1188 58 ayudar al emperador que está en muy grande peligro;» y volviendo Ro-

96 921 1192 58 berto la cara vió junto á sí un caballo blanco muy hermoso con luci-

96 967 1190 52 do arnés y una gruesa lanza con una espada; entonces hincó las rodi-

96 1013 1189 58 llas, dió gracias á Dios, y con gran gozo se armó y montó ligeramen-

95 1063 1191 52 te, dando algunas carreras por el jardin jugando la lanza y esgrimien-

96 1102 1188 59 do como si estuviere entre los enemigos, creyendo que ninguno le

94 1148 1189 56 veia: mas la hija del emperador que estaba asomada á una ventana

91 1192 1192 57 de su aposento por distraerse mirando el jardin y la fuente, estuvo ob-

91 1237 1189 57 servándolo y le gustó mucho ver á Roberto armado y manejar la lanza.

156 1280 1123 60 Salió Roberto por una puerta escusada del jardin á gran prisa para

86 1326 1193 57 el campo donde estaba el emperador con su gente, encontrándole en lo

89 1378 1190 48 mas fuerte del combate, y que iba ya en completa dispersion. Cuando

86 1414 1191 57 Roberto vió la gente desbaratada echó á correr hácia ellos animándolos

87 1458 1189 59 y haciéndoles entrar en órden, logró hacerles volver á la batalla. Des-

83 1502 1190 60 pues que los hubo juntado á todos, hizo apartar los heridos en para-

85 1549 1190 57 ge seguro, y á los demas los puso en perfecto órden dando frente al

81 1592 1194 53 enemigo. Todos le miraban maravillados al verle tan apuesto en el ca-

80 1637 1195 61 ballo y con el brio con que manejaba la lanza, y le obedecian sin ser

80 1684 1193 55 conocido de ninguno de ellos. Luego con la lanza hizo señal á los su-

81 1730 1190 57 yos que le siguiesen, y como un leon bravo acometió á los enemigos,

82 1778 1191 53 y en breve tiempo derribó mas de sesenta caballeros; y habiéndosele

74 1817 1198 59 quebrado la lanza echó mano á la espada y comenzó á dar tajos, der-

74 1862 1201 54 ribando caballos y hombres, de modo que muy pronto se hizo temer de

76 1907 1197 61 sus contrarios por el empuje de su espada. Roberto les siguió con su jen-

73 1951 1200 60 te hasta que los pusieron en huida, quedando por fin el campo por el em-

70 1996 1201 59 perador no sin haber recibido Roberto algunas contusiones. En seguida

72 2042 1190 59 él se escabulló de entre la gente, y secretamente se volvió á Roma,

72 2088 1190 68 se metió por la puerta del jardin que halló aun abierta, entró en él y
