1466 2476
652 144 168 54 — 16 —

143 224 1179 35 ni jamás les mostraba mal semblante; y estando un dia delante del

143 243 1178 60 palacio del emperador muy acosado del hambre; tuvo por un acaso

143 287 1181 56 oportunidad de introducirse en palacio y penetrar hasta la sala donde

144 337 1178 57 estaba el mismo emperador comiendo; y haciendo su debida reveren-

143 376 1179 61 cia como hombre de cordura y de buena crianza; se quedó luego para-

143 423 1178 59 do mirando al suelo; de repente dió un salto encima de un aparador,

145 467 1179 59 lo cual dejó á todos muy maravillados, y del aparador saltó en el suelo

144 514 1178 58 con una ligereza estremada, de modo que ningun estrépito se sintió en

144 557 1177 59 la sala; comenzó en seguida á andar, bailar, y hacer otros jestos y lo-

144 605 1178 58 curas, con lo cual se divertia el emperador y todos los que estaban en

147 647 1177 61 la sala. Tenia el emperador un mastin que jamás se apartaba de su

147 694 1178 58 lado, el mas feroz que pudiera hallarse, que ninguna persona osaba

148 740 1174 56 Legarse á él salvo el mismo emperador, y dándole este un hueso,

148 781 1173 58 saltó Roberto con presteza y se lo sacó de la boca sin encontrar resis-

147 829 1175 54 tencia; en vista de lo cual se quedaron sumamente pasmados todos los

150 870 1175 61 que allí estaban, y conociendo el emperador que Roberto tendría mu-

148 921 1181 57 cha hambre segun la prisa que se daba en roer el hueso, movido de

148 964 1177 53 compasion, mandó que inmediatamente le diesen de comer, y en se-

150 1008 1175 56 guida le fué puesta una mesa á un lado de la sala con muchas y bue-

147 1052 1178 53 nas viandas de todas clases; mas no quiso Roberto llegar á ellas, ni

147 1096 1179 60 probar cosa alguna por mas que le invitaron; solo sí estaba observando

147 1141 1179 61 si darian alguna cosa al perro para quitársela; y conociendo esto mismo

148 1189 1180 53 el emperador, le echó un pan entero, y el mastin lo cogió y comenzó á

148 1232 1180 55 comer, mas Roberto se lanzó presto debajo de la mesa, se apoderó

147 1273 1179 62 del pan, le partió por medio dándole la mitad al mastin, y la otra mi-

147 1324 1181 59 tad se lo guardó para sí, y sentado cara á cara con el perro comió su

147 1363 1179 60 parte. El emperador se quedó aturdido de la gran mansedumbre que

147 1409 1181 60 el animal usaba con Roberto, sin jamás haberle visto hacer cosa

148 1456 197 57 semejante.

210 1495 1121 63 Cuando hubo concluido de comer el pan, se levantó y fué por la

148 1546 1184 52 sala paseándose y mirando á todas partes, unas veces andaba hácia

145 1586 1186 55 atras, otras se dejaba caer, otras miraba al techo, y así haciendo mil es-

148 1632 1181 64 travagancias, vió abrir una puerta por donde se salia á un jardin muy

147 1679 1182 55 delicioso en el que habia una hermosa fuente; él se fué corriendo

147 1726 1184 51 cuanto pudo para el jardin, se acercó á beber á la fuente, y así estuvo

147 1768 1185 54 entretenido todo aquel dia sin salir del palacio: venida la noche andu-

150 1815 1183 59 vo buscando lugar conveniente donde descansar, y vió detrás de unas

148 1859 1192 61 escaleras un poquito de paja donde tenia el podenco su cama; con mu-

147 1906 1188 59 cho placer se fué á acostarse allí con él, y como le viesen algunos y

147 1954 1189 48 se lo dijesen al emperador, mandó este que le diesen una cama en que

148 1997 1192 59 durmiese, mas Roberto nunca quiso dejar aquel lugar por mas que le

150 2046 163 57 rogasen.

206 2082 1151 66 Es ciertamente cosa admirable este hombre que desde su niñez se
