1487 2421
667.0 74.0 156.0 81.0 —28 —

592.0 227.0 288.0 70.0 CAPITULO X.

145.0 344.0 1181.0 63.0 Roberto sofoca una rebelion en Normandía.—Embajada del emperador re-

188.0 396.0 1140.0 58.0 clamando el auxilio de su yerno.—Muerte alevosa del emperador y el

188.0 441.0 1137.0 62.0 asesino recibe el castigo de su crimen.—Roberto es proclamado empe-

187.0 484.0 283.0 60.0 rador de Roma.

160.0 632.0 1165.0 60.0 HABIENDO llegado Roberto y su esposa con toda felicidad á la capi-

148.0 680.0 1176.0 55.0 tal de Normandía fueron recibidos de todos los caballeros y del pueblo

149.0 726.0 1176.0 58.0 en general con todos los honores correspondientes á su clase, y con

148.0 772.0 1176.0 57.0 grandes muestras de júbilo, pues en cuanto tuvieron noticia de su ve-

148.0 813.0 1177.0 58.0 nida, se apresuraron en disponer todas las diversiones y festejos públi-

148.0 860.0 1178.0 53.0 cos que estaban en uso en aquella época, de modo que su entrada en

149.0 903.0 1179.0 53.0 el palacio fué verdaderamente triunfal. La duquesa su madre, que des-

152.0 949.0 1177.0 57.0 de la pérdida de su esposo vivia muy retirada y llena de tristeza, se la

152.0 991.0 1177.0 60.0 desvaneció en gran parte con la inesperada venida de su hijo á quien

150.0 1036.0 1182.0 54.0 tuvo el placer de estrechar entre sus brazos: este le hizo una relacion

152.0 1082.0 1178.0 58.0 muy estensa de todo cuanto le habia pasado en Roma, de lo que que-

152.0 1129.0 429.0 53.0 dó asombrada la duquesa.

216.0 1167.0 1116.0 56.0 A los pocos dias de su llegada, informaron á Roberto de que des-

152.0 1215.0 1177.0 60.0 pues del fallecimiento del duque su padre, un aventurero súbdito suyo

153.0 1261.0 1179.0 51.0 se habia levantado con una partida de gente, fortificando un castillo

152.0 1304.0 1178.0 54.0 desde el cual hacian sus correrías, causando infinitos daños y perjuicios

153.0 1346.0 1181.0 52.0 á los Estados de la duquesa viuda, en vista de lo cual, mandó Rober-

154.0 1390.0 1180.0 54.0 to un parte al gefe de los rebeldes intimándole, que inmediatamente

153.0 1441.0 1180.0 49.0 depusiese las armas y se presentase sin dilacion á la córte á prestar su-

156.0 1482.0 1176.0 56.0 mision y obediencia á su señor, y como la contestacion fuese por la

156.0 1525.0 1178.0 54.0 negativa, fué preciso que Roberto, reuniendo un número suficiente de

156.0 1569.0 1180.0 58.0 gente armada, saliese á batir aquella fortaleza; verificado el ataque pe-

156.0 1615.0 1180.0 52.0 netraron á viva fuerza dentro del fuerte matando á cuantos allí encon-

157.0 1658.0 1179.0 54.0 traron, escepto el cabecilla que fué llevado á la ciudad de Ruan, donde

154.0 1701.0 921.0 54.0 le quitaron la vida, siendo descuartizado como traidor.

218.0 1743.0 1118.0 63.0 Dos años hacia que el duque Roberto vivia pacíficamente en su

154.0 1791.0 1182.0 61.0 pais en compañía de su esposa y su madre, disfrutando de una paz y

149.0 1835.0 1189.0 58.0 tranquilidad envidiables, cuando recibió la noticia de que el almirante

154.0 1880.0 1183.0 60.0 aprovechando su ausencia, y deseoso de vengar la afrenta que recibió

156.0 1932.0 1184.0 46.0 al irse á desposar con la princesa, habia penetrado en los Estados ro-

157.0 1970.0 1187.0 55.0 manos con un numeroso ejército, abrasando villas y lugares, matando

156.0 2014.0 1184.0 74.0 las gentes indefensas, talando campos y cometiendo toda especie de
