1522 2391
711.0 167.0 168.0 54.0 — 10 —

207.0 243.0 1180.0 35.0 des voces los diablos, ofreciéndoles su cuerpo y alma; y á ellos sola-

207.0 266.0 1178.0 62.0 mente pedia ayuda y favor, y con tales despropósitos salia muchas

210.0 310.0 1169.0 63.0 veces á un camino, y si por desgracia hallaba á algun infeliz viajero,

207.0 361.0 1179.0 57.0 lo mataba por valiente que fuese, porque era hombre de grandes fuer-

210.0 403.0 1176.0 53.0 zas y diestro en todo; y no contento con aquello, á unos sacaba el cora-

207.0 446.0 1176.0 56.0 zon, á otros descuartizaba y echaba por el monte, á otros desnudaba y

207.0 491.0 1180.0 62.0 colgaba por los pies en un árbol; en fin, otras muchas crueldades que

208.0 533.0 469.0 62.0 estremecerian el referirlas.

265.0 583.0 1124.0 58.0 Sabiendo que se llevaba á cabo la reunion y apresto de la gente

211.0 625.0 1175.0 65.0 que mandaba su padre para prenderle, se internó con sus compañeros

214.0 672.0 1172.0 59.0 por el monte adelante, y en un sitio escabroso mandó construir una

212.0 719.0 1171.0 54.0 especie de fuerte para reunirse y defenderse cuando llegase el caso;

212.0 766.0 1174.0 54.0 hecha la casa fuerte juntaron mas jente, acojiendo hasta ladrones y jentes

214.0 806.0 1167.0 60.0 de mal vivir. Continuó Roberto por algun tiempo en hacer maldades;

214.0 854.0 1173.0 54.0 salia con sus compañeros por todos los caminos, matando y robando

215.0 897.0 1171.0 60.0 á cuantos encontraban; entraban en los lugares y aldeas, asolaban y

215.0 940.0 1171.0 60.0 quemaban casas, maltrataban horriblemente á sus pacíficos habitantes,

217.0 985.0 1176.0 61.0 y tanto se escedieron en sus crueldades, que toda la comarca estaba ate-

216.0 1029.0 1181.0 57.0 morizada, no atreviéndose la gente á andar por los caminos á veinte

219.0 1073.0 493.0 61.0 leguas al rededor del monte.

275.0 1121.0 1118.0 58.0 Un dia se separó Roberto de sus compañeros, y andando por el

221.0 1164.0 1169.0 60.0 monte mirando á todas partes, escuchando si descubria á alguno para

220.0 1208.0 1174.0 61.0 ejecutar en él su malignidad; tanto anduvo, que se encontró con tres

220.0 1256.0 1177.0 59.0 ermitaños muy viejos, y se alegró tanto de verlos, así como el cazador

220.0 1297.0 1171.0 63.0 cuando se le presenta el venado, el galgo, la liebre, y el lobo con el

220.0 1344.0 1175.0 64.0 ganado; y tan luego como les acechó fué corriendo para ellos, y sin re-

223.0 1389.0 1166.0 58.0 cibir de su parte resistencia alguna de palabra, ni menos de hecho,

221.0 1431.0 1174.0 64.0 les cortó las cabezas y se salió del monte; luego andando por el ca-

221.0 1477.0 1174.0 55.0 mino se encontró con un pastor, el cual temiendo le matase, fué á

221.0 1522.0 1170.0 61.0 echarse á sus pies, pidiéndole por merced que no le quitase la vida,

224.0 1572.0 1171.0 53.0 pues tenia que darle un comunicacion importante. Roberto entonces

227.0 1612.0 1171.0 63.0 le preguntó por el duque su padre, y el pastor le dijo: que se habia

225.0 1664.0 1173.0 53.0 marchado á la córte del rey de Francia, y que la duquesa estaba en

229.0 1709.0 1168.0 57.0 un castillo una legua de allí; Roberto le perdonó por las noticias que

227.0 1750.0 1168.0 63.0 le dió. Se fue corriendo para el castillo, y como la gente del lugar y

228.0 1797.0 1171.0 58.0 del castillo le viesen venir, todos se escondian y se encerraban en sus

228.0 1843.0 1170.0 59.0 casas porque llevaba Roberto la espada enela mano, y las manos, pe-

228.0 1890.0 1170.0 48.0 cho y vestidos teñidos de sangre de los ermitaños que habia degolla-

231.0 1930.0 1167.0 61.0 do; llegó á la puerta del castillo, y no hallando portero alguno, ni otra

232.0 1977.0 1170.0 55.0 persona que le diese ninguna noticia, se quedó muy maravillado.

232.0 2015.0 1167.0 61.0 Apeóse del caballo y entró en el castillo; los que estaban en las pri-

229.0 2058.0 1169.0 58.0 meras habitaciones comenzaron á decir á grandes voces: ¡que viene

231.0 2102.0 1167.0 80.0 Roberto el Diablo! y huyendo de él se encerraban en las cámaras,
