1480 2451
663.0 163.0 139.0 49.0 — 9 —

133.0 204.0 1179.0 71.0 que en adelante cometiese; y tal vez el temor le desviará de lo que

134.0 261.0 1177.0 56.0 vuestra lenidad ni ruegos de los vasallos pudiera conseguir. Aprobaron

132.0 299.0 1177.0 61.0 los duques las razones del caballero, y acordaron hacerlo así; al ins¬

132.0 344.0 1179.0 63.0 tante se mandó disponer ciento sesenta soldados de á caballo, los hizo

128.0 393.0 1178.0 59.0 dividir en dicz y seis partidas, y mandóles que cada una con su gefe

126.0 435.0 1179.0 62.0 buscasen á su hijo por todo el territorio hasta encontrarle, y hallado

125.0 479.0 1176.0 61.0 que fuese, le dijesen como el duque su padre le rogaba que por su bien

126.0 522.0 1176.0 56.0 se viniese á la córte á cumplir con su deber; pero si le hallaren obs¬

122.0 566.0 1182.0 64.0 tinado en su empeño, que le intimasen de que hacia juramento á la ór¬

121.0 611.0 1181.0 61.0 den de caballería de hacerle prender á viva fuerza y castigar cruelmente con

121.0 657.0 1179.0 61.0 todos sus cómplices. Partieron prontamente, y de allí á pocos dias su¬

119.0 697.0 1183.0 64.0 pieron estaba en un monte con una cuadrilla robando y matando á

121.0 747.0 1179.0 60.0 cuantos hallaban por caminos y caseríos. Se fueron para el monte dies

119.0 791.0 1181.0 60.0 de á caballo; y entrados en él, se hallaron cercados muy presto de

115.0 833.0 1182.0 64.0 treinta bandoleros armados, los cuales cargaron hostílmente sobre los

113.0 878.0 1184.0 61.0 soldados; estos, sin ponerse en defensa alguna, les dijeron eran envia¬

110.0 920.0 1184.0 64.0 dos por el duque de Normadía en busca de su hijo Roberto: al oir

114.0 973.0 1180.0 57.0 esto, se contuvieron y los llevaron á donde estaba Roberto; los soldados

117.0 1010.0 1174.0 64.0 y el gefe se apearon, y este dijo á lo que el duque les mandaba: luego

110.0 1056.0 1181.0 59.0 que Roberto oyó las amenazas de su padre, comenzó á maldecir la hora

107.0 1101.0 1183.0 60.0 de su nacimiento, los padres que lo enjendraron, y renegando de cuanto

107.0 1145.0 1183.0 60.0 hay sagrado; luego en su desesperacion mandó atar á los infelices soldados

107.0 1190.0 1180.0 62.0 de pies y manos, y con un cuchillo les sacó los ojos; despues les dijo

106.0 1235.0 1179.0 62.0 se volviesen para el duque su padre (acompañados de un paisanol, y

107.0 1279.0 1178.0 58.0 le dijesen que por causa suya y por la amenazante embajada que trajeron,

104.0 1322.0 1181.0 64.0 habian recibido aquel galardon de su hijo Roberto. Llegados los sol¬

103.0 1365.0 1183.0 62.0 dados á la córte así mutilados, fueron presentados al duque, el cual

100.0 1413.0 1183.0 61.0 en vista de tal atrocidad y despues de reunir su consejo para resolver

103.0 1456.0 1178.0 54.0 lo que en tal caso se habia de hacer, para evitar ulteriores desastres,

103.0 1507.0 1179.0 57.0 mandó pregonar en todos sus Estados, que todo hombre que fuese apto

103.0 1549.0 1178.0 60.0 para llevar armas, estuvicse pronto para ir en persecucion de su hijo

100.0 1590.0 1179.0 75.0 Roberto y sus compañeros, para que vivos ó muertos fuesen llevados

99.0 1635.0 215.0 73.0 á la ciudad.

534.0 1692.0 305.0 63.0 CAPTTULO IV.

95.0 1783.0 1183.0 63.0 La guarida de asesinos en el monte.—Entrevista de la duquesa y su hijo.

140.0 1830.0 1036.0 61.0 —Arrepentimiento de Roberto.—Destruccion de los malhechores.

121.0 1973.0 1143.0 79.0 CUANDO Roberto supo el bando que su padre habia dado por to-

87.0 2032.0 1184.0 60.0 dos sus domimios, se entregó á la mas grande desesperacion. lba por

87.0 2077.0 1180.0 81.0 el monte como leon rabioso dando gritos y bramidos, llamando á gran-

1024.0 2128.0 40.0 67.0 2
