1537 2457
436.0 296.0 635.0 117.0 HISTORIA MARAVILLOSA

180.0 664.0 1163.0 115.0 DE

726.0 498.0 62.0 52.0 ROBERTO EL DIABLO.

541.0 967.0 449.0 66.0 CAPITULO PRIMERO.

171.0 1150.0 1181.0 59.0 Casamiento del duque Normandía con la duquesa de Borgoña.—Disensio-

174.0 1195.0 1178.0 60.0 nes domésticas por falta de sucesion.—Ofrecimiento diabólico de la du-

214.0 1246.0 595.0 63.0 quesa en un acceso de desesperacion.

188.0 1426.0 1164.0 74.0 EN el reino de Francia, provincia de Normandía, hubo un duque

169.0 1483.0 1185.0 58.0 muy noble, discreto y esforzado, el cual se llamaba Auberto, cuyos he-

170.0 1530.0 1179.0 57.0 chos y hazañas en las crónicas francesas se hallan patentemente declaradas,

169.0 1573.0 1183.0 69.0 de las cuales dejo de hablar por no ser prólijo, y solamente diré lo

167.0 1616.0 485.0 61.0 que á esta historia concierne.

232.0 1650.0 1120.0 67.0 Determinó este duque reunir córtes en una villa llamada Vernon, á

169.0 1708.0 1183.0 56.0 las cuales fueron llamados los señores, varones y caballeros de todo el

169.0 1751.0 1185.0 58.0 ducado de Normandía; y como el duque Auberto se hallase en eatsdo

167.0 1796.0 1187.0 54.0 de soltero, despues de unidos en córtes, y ventilados los asuntos que

170.0 1840.0 1182.0 55.0 debian de tratar, fué requerido el duque por los caballeros á que se dig-

170.0 1883.0 1179.0 63.0 nase tomar estado; el cual deseando el bien comun de sus pueblos, y co-

167.0 1928.0 1188.0 63.0 nociendo que la demanda de los caballeros era muy puesta en razon, les dijo

167.0 1975.0 1187.0 60.0 que propusiesen con quién se podria casar que le fuese mas honroso y

166.0 2018.0 1185.0 67.0 de provecho para sus Estados, y que pues su contento era el de satisfacer

166.0 2063.0 956.0 93.0 sus ruegos, les fijaba un término para reflexionar en ello.
