1509 2331
600.0 110.0 166.0 74.0 —21—

88.0 194.0 1180.0 53.0 todas las señas de su hija, y que viesen si entendian lo que queria

89.0 226.0 1180.0 64.0 decir; á lo que las damas contestaron: señor, V. M. sabrá que la se-

88.0 273.0 1185.0 62.0 ñorita princesa, vuestra hija, dice por señas que el loco que habita en

91.0 317.0 1180.0 61.0 vuestro palacio seria el que venció la batalla, pues que le vió armadoà

93.0 363.0 1178.0 60.0 dirigirse al campo, que despues de la batalla le vió regresar, y desar¬

93.0 407.0 1178.0 60.0 mado que fué, desapareció maravillosamente el caballo y las armas.

97.0 450.0 1178.0 56.0 El emperador las dijo: señoras, ¿es posible que seais tan imbéciles? si

97.0 497.0 1178.0 54.0 no poseeis mas inteligencia y no mostrais mejor capacidad para enseñar

99.0 543.0 1179.0 51.0 á mi hija, yo os mandaré castigar, pues que en lugar de instruirla ofus¬

99.0 589.0 1179.0 50.0 cais mas sus sentidos: ¿cómo es posible suponer que un hombre falto

99.0 631.0 1179.0 56.0 de sentido y de razon hiciese tan grandes hazañas y diese tan atina-

102.0 678.0 1179.0 49.0 das disposiciones para alcanzar una victoria? Porque no solamente

102.0 722.0 1179.0 51.0 fué valiente en su persona, si que tambien mostró sagacidad y mucha

101.0 765.0 1178.0 53.0 astucia en el arte de la guerra: su saber é industria bastan en mi con-

103.0 809.0 1180.0 59.0 cepto para dirijir cien mil combatientes. Despues de estas razones, se

103.0 854.0 1184.0 58.0 despidieron muy avergonzadas las damas con la princesa, volviéndose á

102.0 897.0 1184.0 60.0 su habitacion, y el emperador quedó hablando con sus cortesanos del

107.0 949.0 1179.0 53.0 caballero que le ayudara, no encontrando términos suficientes para

103.0 991.0 513.0 50.0 ensalzar debidamente su valor

172.0 1030.0 1111.0 62.0 De allí á algunos dias, el almirante, que á pesar de su derrota no

107.0 1077.0 1179.0 60.0 habia desistido de su empeño y que no perdonó medio alguno para re-

108.0 1122.0 1179.0 60.0 poner su ejército, juntó hasta sesenta mil hombres entre descontentos

110.0 1166.0 1176.0 59.0 del pais y estranjeros. vino otra vez sobre Roma, mas el emperador;

111.0 1212.0 1179.0 55.0 salió de la ciudad con todos los romanos que en ella se hallaron para

110.0 1254.0 1180.0 55.0 llevar armas, á hacer frente al enemigo, pero hubieran librado mal con

110.0 1302.0 1178.0 59.0 el almirante y su gente, si Roberto no les socorriera por segunda vez,

111.0 1346.0 1179.0 53.0 el que halló las armas y el caballo en el jardin como anteriormente,

116.0 1392.0 1175.0 62.0 y entró en la batalla con tanto denuedo, que en poco tiempo fué cono-

113.0 1433.0 1179.0 58.0 cido de una y otra parte, peleando con tanta ferocidad contra los infie-

113.0 1478.0 1182.0 64.0 les, que ninguno se le ponia delante ni le esperaban un solo golpe.

112.0 1522.0 1185.0 55.0 Si mucho hizo en la primera batalla, mucho mas trabajó en la segun-

115.0 1568.0 1178.0 62.0 da: los capitanes del emperador no dejaban de observarle por verle

115.0 1614.0 1180.0 57.0 manejar la lanza y herir con ella; y cuando vió que la victoria no era

116.0 1657.0 1183.0 62.0 dudosa y que los del emperador tomaban sucesivamente el campamen-

116.0 1705.0 1184.0 58.0 to y riquezas de los enemigos, muy discretamente se desvió de la

116.0 1750.0 1180.0 60.0 gente y se entró en Roma sin ser conocido, ni observado de ninguno,

119.0 1794.0 1182.0 59.0 solo si de la princesa, que le habia visto tambien armar y salir del

117.0 1837.0 1183.0 61.0 jardin como la vez anterior, pues estaba cuidadosa esperando á que

120.0 1889.0 1181.0 53.0 volviera, y le vió venir, desarmarse, y como desaparecieron el caba-

119.0 1929.0 1182.0 57.0 llo y las armas lo mismo que antes; mas no lo dijo á ninguna perso-

119.0 1980.0 1181.0 53.0 na, porque entendia que la darian el mismo crédito que anteriormen-

121.0 2020.0 1183.0 61.0 te; y Roberto se entró en el palacio haciendo estravagancias como

120.0 2064.0 733.0 70.0 siempre lo tenia que hacer, por precision.
