1479 2437
704.0 132.0 171.0 73.0 — 24 —

643.0 254.0 299.0 95.0 CAPITULO IX.

201.0 379.0 1180.0 82.0 Perfidia del almirante para satisfacer su ambicion.—La princesa es dotada

243.0 437.0 1138.0 65.0 del uso de la palabra y descubre el engaño.—El ermitaño anuncia á

241.0 483.0 1139.0 76.0 Roberto que ha cumplido su penitencia.—Celébrase la boda de Rober-

243.0 529.0 302.0 58.0 to con la princesa.

330.0 682.0 1044.0 70.0 HABIENDO llegado á noticia del almirante el pregon del emperador,

199.0 735.0 1178.0 58.0 se alegró mucho de ello, pues pensando por este medio venir á conse-

200.0 781.0 1180.0 57.0 guir lo que su ambicion tanto deseaba, movido por la codicia y ambi-

199.0 827.0 1178.0 57.0 cion de mando no menos que por su pasion amorosa hácia la prince-

199.0 870.0 1178.0 58.0 sa, que aparte de la falta del habla era de una hermosura admirable,

201.0 913.0 1175.0 59.0 por casarse con ella y suceder mañosamente en el mando del imperio,

200.0 959.0 1177.0 57.0 se hizo traer un caballo blanco, despues tomó un hierro de una lanza y

199.0 1003.0 1178.0 61.0 se lo introdujo en el muslo; y en compañía de dos ó tres personas

203.0 1045.0 1177.0 62.0 de su confianza se fué para Roma, en donde solicitó del emperador

200.0 1093.0 1180.0 61.0 que se dignase de oirle en audiencia especial; y obtenido el permiso

199.0 1137.0 1179.0 58.0 de S. M. se presentó á palacio, maravillándose mucho el emperador

199.0 1181.0 1178.0 53.0 de su venida: el almirante le dijo que él era el guerrero del caballo

200.0 1223.0 1178.0 57.0 blanco, que en las tres batallas peleó á su favor; y el emperador des-

199.0 1275.0 1179.0 58.0 pues de haber pensado un poco, le dijo: ¡cómo es posible eso! ¿No

199.0 1317.0 1179.0 61.0 sois vos el almirante que se declaró mi enemigo? ¿Cómo es probable

197.0 1362.0 1184.0 60.0 que nadie pueda ir contra sí mismo? El almirante, como hombre osa-

196.0 1406.0 1184.0 56.0 do y muy cauteloso, respondió: señor, no se maraville V. M. de las

196.0 1452.0 1185.0 54.0 cosas que haga un hombre preso de amorosos lazos: el amor encendio

199.0 1498.0 1181.0 58.0 su poderoso fuego en mi pecho, cuyas ardientes llamas abrasan mis

196.0 1543.0 1185.0 60.0 entrañas por vuestra única hija la princesa, siendo ella ignorante de

199.0 1590.0 1185.0 54.0 todo, y solo amor me movió á haceros aparentemente guerra pero con

199.0 1632.0 1186.0 57.0 la idea de serviros en ella, como os serví contra mi gente hurtándome

196.0 1676.0 1189.0 62.0 de ella al tiempo de la pelea y de vuestro mayor apuro; y veis aquí el

197.0 1720.0 1187.0 60.0 hierro de la lanza, y tambien la llaga que vuestro caballero me hizo

197.0 1764.0 1188.0 67.0 por conocerme. Cuando el emperador vió la llaga y el hierro de la lan-

195.0 1815.0 924.0 51.0 za, tuvo por muy verdadero lo que el almirante decia.

269.0 1854.0 1119.0 65.0 Vamos á que en tanto Roberto cumplia su penitencia sin cesar de

196.0 1900.0 1188.0 67.0 rogar á Dios le quisiese perdonar sus pecados, se hizo capaz de la mi-

196.0 1945.0 1189.0 66.0 sericordia de Dios, y quiso su divina Magestad dar fin á sus padecimien-

199.0 1988.0 1189.0 67.0 tos sacándole del estiercol donde yacia entre los perros, y sentarlo al-

197.0 2038.0 1189.0 61.0 gun dia en la imperial silla, quiso que el que era menospreciado y es-

196.0 2080.0 1189.0 72.0 carnecido de todos, fuese por su gran humildad ensalzado, acatado y
