1479 2437
623.0 211.0 170.0 69.0 — 25 —

116.0 299.0 1184.0 39.0 honrado de todos. Estando pues, el almirante continuando sus preten-

117.0 323.0 1184.0 57.0 siones en la ciudad de Roma, como dijimos, el santo ermitaño confe-

119.0 365.0 1177.0 56.0 sor de Roberto. tuvo una revelacion en que se le ordenaba se fuese á

119.0 410.0 1177.0 58.0 Roma, y advirtiese, á su penitente que era cumplida, la voluntad de

120.0 456.0 1173.0 58.0 Dios y que habia quedado muy contento y satisfecho de su penitencia,

120.0 499.0 786.0 60.0 y por lo tanto que hablase ya de allí adelante.

186.0 542.0 1111.0 60.0 El santo ermitaño dió gracias á Dios, y muy gozoso salió del

119.0 587.0 1175.0 60.0 monte encaminándose para la ciudad de Roma, en busca de Roberto,

119.0 634.0 1178.0 57.0 pues ignoraba que residia en el palacio del emperador, y como hubiese

119.0 676.0 1177.0 59.0 andado toda la ciudad sin tener noticia suya, muy congojoso y apesa-

120.0 722.0 1177.0 59.0 dumbrado pensó en ír al palacio de su Santidad por ver si le darian

121.0 767.0 1175.0 52.0 alguna razon de él, pero antes quiso entrar en la iglesia de San Pedro

119.0 809.0 1177.0 60.0 á hacer oracion. En el mismo instante llegaron al templo el Padre San-

120.0 855.0 1177.0 58.0 to y el emperador, que habiéndose dispuesto ya el enlace de la here-

120.0 900.0 1177.0 54.0 dera del trono, iban con gran número de ciudadanos romanos y un

120.0 945.0 1176.0 52.0 lucido acompañamiento á celebrar los desposorios del almirante con la

120.0 988.0 1177.0 53.0 princesa, la cual, contra su voluntad, despues de haberse cruelmente

121.0 1033.0 1175.0 58.0 herido y desfigurado su delicado rostro, pues que solo ella sabia la

120.0 1079.0 1176.0 51.0 traicion del almirante, por cuya falsedad le odiaba en estremo, y solo

121.0 1122.0 1176.0 59.0 por no faltar á la obediencia de su padre hubo de consentir en el ca-

121.0 1165.0 1175.0 53.0 samiento. Llegados á la iglesia, y en el acto que el preste los iba á

121.0 1211.0 1173.0 54.0 desposar, recobró milagrosamente la princesa el don de la palabra y

123.0 1255.0 1174.0 58.0 le dijo al emperador su padre: señor, dad gracias á Dios, que por su

121.0 1302.0 1176.0 53.0 infinita misericordia me ha restituido el habla, para que la gran traicion

123.0 1345.0 1173.0 50.0 del almirante sea conocida públicamente, y su venenoso é infame de-

124.0 1389.0 1172.0 56.0 seo no llegue á consumarse. Así declaro, que con la mayor falsedad ha

124.0 1432.0 1174.0 59.0 afirmado que él venció las batallas, pero el que en realidad ha sido el

127.0 1477.0 1170.0 56.0 verdadero y legítimo vencedor, y os ayudó con él y la gente, está en

130.0 1523.0 1167.0 58.0 vuestro palacio: yo le ví armar tres veces, montar en un caballo blan-

124.0 1566.0 1174.0 58.0 co, y salir por la puerta escusada del jardin en favor vuestro, y venci-

128.0 1611.0 1172.0 55.0 da la batalla, volvia por la misma puerta, se desarmaba muy pronta-

130.0 1655.0 1168.0 57.0 mente, y luego desaparecian milagrosamente el caballo y las armas; y

130.0 1699.0 1172.0 51.0 la tercera vez le ví venir malamente herido en un muslo, del cual sa-

130.0 1741.0 1172.0 54.0 có un hierro de la lanza y le enterró debajo de una piedra junto á la

131.0 1785.0 1173.0 57.0 fuente que está en el jardin de vuestro palacio, todo esto lo vi desde

132.0 1830.0 1133.0 58.0 la ventana de mi habitacion, y lo afirmo bajo palabra de juramento.

200.0 1875.0 1105.0 58.0 Cuando su Santidad con el emperador y todos los allí presentes

136.0 1919.0 1158.0 52.0 vieron el gran milagro, y asimismo notaron la gran turbacion del almi

134.0 1960.0 1171.0 55.0 rante, quedaron muy pasmados, y su Santidad dijo: noble doncella,

134.0 2005.0 1175.0 59.0 declarad quién es el esforzado y benemérito caballero que con tanto

139.0 2051.0 1173.0 58.0 valor defendió la causa de vuestro padre, porque no sea defraudado

135.0 2094.0 1177.0 57.0 de lo que con tanta justicia merece; y la princesa le contestó: Su San-

138.0 2137.0 1173.0 77.0 tidad verá en el palacio de mi padre atestiguada la verdad de todo lo

1098.0 2191.0 35.0 45.0 4
