1479 2451
668.0 187.0 134.0 47.0 — 8 —

138.0 269.0 1174.0 29.0 gado el dia señalado, Roberto fue armado de muy lucidas armas, y

141.0 280.0 1175.0 57.0 montando en un brioso caballo entró en las justas, y del primer en-

141.0 328.0 1178.0 60.0 cuentro mató á un caballero principal, y en poco tiempo no quedó en

142.0 371.0 1176.0 59.0 todo el palenque quien se atreviese á encontrarse con él; pues en

144.0 415.0 1175.0 53.0 breve rato derribó hasta diez caballeros con sus caballos; en vista de

142.0 458.0 1179.0 56.0 lo cual se mandó cesar las justas, mas ni por eso dejaba Roberto de

142.0 503.0 1179.0 62.0 herir á una parte y á otra, sin miramiento alguno, hasta que el pue-

144.0 546.0 1177.0 64.0 blo se movió contra él para contenerle. Fueron las nuevas al duque

145.0 592.0 1177.0 61.0 su padre, que á la sazon se habia ausentado; volvió luego á gran

148.0 638.0 1174.0 60.0 prisa al lugar de las justas, y mandó á Roberto que dejase las armas

152.0 687.0 1173.0 55.0 y se saliese de la plaza; mas ningun caso hacía, ni que lo mandase el

148.0 725.0 1178.0 63.0 padre, ni se lo rogase el pueblo; pues no dejó de herir y atropellar á

151.0 773.0 1174.0 56.0 cuantos le venian á las manos, viéndose precisados á abandonar la pla-

151.0 817.0 1175.0 58.0 za, saliéndose todos en tropel llenos de vergüenza y coraje por tener

151.0 864.0 1174.0 56.0 que huir como vencidos por un jóven atolondrado, superior á ellos

152.0 900.0 625.0 61.0 solo en categoría, pero no en valor.

220.0 943.0 1109.0 64.0 Grande fué el enojo de los caballeros en vista de los desórdenes

153.0 992.0 1176.0 55.0 cometidos por el imprudente Roberto, y en sus ademanes al retirarse da-

153.0 1038.0 1178.0 58.0 ban bien á entender que el resentimiento que con harto pesar suyo ha-

153.0 1082.0 1180.0 53.0 bian disimulado hasta entonces, solo pudo ser contenido por los res-

156.0 1130.0 1177.0 64.0 petos debidos al duque, quien por su parte trató de apaciguarlos, dán-

157.0 1176.0 786.0 59.0 doles las mas cumplidas satisfacciones.

216.0 1222.0 1121.0 53.0 Cuando Roberto vió que no hallaba con quien pelear, se salió de

156.0 1263.0 1177.0 55.0 la plaza; mas no quiso ir á palacio por el enojo que su padre tenia,

159.0 1307.0 1175.0 64.0 y juntándose con algunos de su condicion, salió de la ciudad con ellos

157.0 1354.0 1177.0 53.0 cometiendo toda clase de escesos: entraba en las aldeas, atropellaba á

157.0 1399.0 1181.0 53.0 las mugeres, maltrataba á los hombres y perseguia las doncellas. Tantas

159.0 1448.0 1179.0 55.0 maldades hacia, que llegaban de muchas partes quejas á su padres:

157.0 1492.0 1184.0 54.0 todo eran llantos y lamentos, y era tanto el sentimiento que tuvieron

157.0 1534.0 1184.0 61.0 el duque y la duquesa por las infaustras nuevas de su hijo, que poco

157.0 1575.0 1183.0 63.0 les faltó para perder la vida; el único remedio que para ello tenian era

157.0 1621.0 1183.0 57.0 encomendarse á Dios, rogándole humildemente los consolase y trajese

159.0 1666.0 1182.0 59.0 á su hijo á la verdadera carrera de salvacion, haciendo muchas limos-

157.0 1711.0 1189.0 57.0 nas y otras obras de piedad, y socorriendo con sus haciendas á los me-

163.0 1758.0 746.0 57.0 nesterosos,con el fin de lograr su peticion.

227.0 1801.0 1119.0 61.0 Un caballero de los mas principales de la ciudad y que gozaba de

160.0 1843.0 1193.0 66.0 mas confianza con el duque, pesaroso de la multitud de desgracias que

160.0 1894.0 1185.0 58.0 ocasionaba aquel desgraciado jóven por todo el pais, trató de ver si

159.0 1944.0 1185.0 53.0 podria poner remedio á tantas demasias; presentóse al duque y le dijo:

162.0 1992.0 1186.0 50.0 señor, á mí me parece seria conveniente que vuestra señoría mandase

157.0 2024.0 1192.0 60.0 llamar á Roberto amonestándole, que deje el mal camino que hasta

159.0 2073.0 1196.0 60.0 ahora ha llevado, y amenazándole que le castigareis posponiendo al

159.0 2116.0 1190.0 70.0 amor patemal todo el rigor de un padre irritado, por el primer yerro
