1481 2441
630.0 111.0 160.0 49.0 — 27 —

109.0 179.0 1171.0 36.0 ya introducido algunas centellas de amoroso fuego en sus castas entra-

109.0 210.0 1173.0 55.0 ñas, y su graciosa habla fué mayor motivo para que de las mas pe-

109.0 256.0 1176.0 54.0 queñas chispas procediese un poderoso fuego, cuyas llamas por todas

108.0 296.0 1176.0 55.0 las partes de su cuerpo prendieron el corazon y cautivaron su libertad,

108.0 344.0 1176.0 56.0 sojuzgando los sentidos para que Roberto jamás no se apartase un ins-

111.0 385.0 1174.0 54.0 tante de su memoria. El emperador ofreció á este que se dignase acep-

111.0 431.0 1174.0 59.0 tar por esposa á su hija, pues que de voluntad se la daba, supuesto

109.0 474.0 1176.0 56.0 que tan merecida la tenia, y con la condicion que despues de sus dias

112.0 522.0 1175.0 48.0 le sucederia en el imperio. Mas Roberto no quiso aceptar por enton-

109.0 565.0 1178.0 56.0 ces tan brillantes ofertas, escusándose que le convenia ir á una rome-

111.0 610.0 1177.0 57.0 ria y cumplir ciertos votos; y tan solamente estuvo aquel dia y noche

111.0 653.0 1177.0 61.0 con el emperador, y al otro dia se despidió de él y de todos los corte-

109.0 699.0 1178.0 61.0 sanos marchándose de Roma. Su objeto era ir al monte y consultar

112.0 755.0 1176.0 49.0 con el santo ermitaño si debería ó no contraer el matrimonio que se

111.0 790.0 335.0 62.0 le habia propuesto.

176.0 834.0 1113.0 59.0 Quedó pues el emperador muy desconsolado como asimismo los

111.0 878.0 1176.0 63.0 caballeros, y muy particularmente la princesa, y así estuvieron bastan-

113.0 926.0 1176.0 59.0 tes dias que no supieron de su paradero. A poco tiempo de estar Ro-

112.0 968.0 1177.0 61.0 berto con el santo ermitaño, este por mandato del Cielo, le dijo, que

113.0 1011.0 1175.0 61.0 Dios le ordenaba fuese á Roma, que se casase con la hija del emperador,

116.0 1057.0 1173.0 61.0 y que de ellos descenderia una generacion agradable á nuestro Dios y

113.0 1103.0 1179.0 61.0 Señor: Entonces salió Roberto del monte y se partió para Roma, don-

112.0 1145.0 1179.0 61.0 de fué muy bien recibido del emperador y su córte, los cuales creye-

115.0 1192.0 1135.0 58.0 ron que venia de la romeria segun él les habia dicho al marcharse.

179.0 1238.0 1112.0 58.0 De allí á pocos dias se verificó el casamiento con la princesa, y

113.0 1282.0 1180.0 59.0 fueron celebradas las bodas con tanta solemnidad como correspondia

113.0 1324.0 1180.0 64.0 para la hija de tan gran señor y tan distinguido caballero, pues recono-

115.0 1369.0 1177.0 60.0 ciendo el emperador los señalados servicios que habia recibido del des-

115.0 1415.0 1177.0 61.0 posado, quiso darle una prueba ostensible de la gran satisfaccion que

117.0 1467.0 1178.0 51.0 le cabia en adoptarlo por sucesor de su trono. Grandes preparativos se

117.0 1509.0 1178.0 55.0 hicieron de órden de S. M. para celebrar con toda pompa tan fausto

117.0 1550.0 1179.0 58.0 acontecimiento; iluminóse profusamente la ciudad, vistiéronse las fa-

116.0 1600.0 1183.0 57.0 chadas con ricas colgaduras, comparsas de músicas recorrian constan-

117.0 1644.0 1179.0 55.0 temente las calles y plazas; en fin, así los torneos como toda suerte de

120.0 1685.0 1180.0 57.0 diversiones tuvieron lugar por espacio de muchos dias. Estuvo Ro-

120.0 1727.0 1181.0 61.0 berto tres años en la ciudad de Roma disfrutando con gran placer la

119.0 1773.0 1182.0 59.0 dulce compañía de su esposa. Despues de este tiempo recibieron la

122.0 1818.0 1181.0 57.0 noticia de que su padre el duque Auberto de Normandía habia muer-

122.0 1863.0 1181.0 57.0 to, por lo cual pidió licencia al emperador para ir á su patria, en com-

124.0 1909.0 1180.0 58.0 pañía de su mujer, y el emperador viendo la justa razon que Roberto

126.0 1951.0 1180.0 60.0 tenia, aunque con grande pesadumbre de su partida le hubo de dar licen-

124.0 1996.0 1180.0 62.0 cia, y se partieron los dos esposos de Roma, con muy grandes preces

127.0 2040.0 998.0 72.0 y dádivas, acompañados de una numerosa y lucida comitiva.
