1523 2321
634.0 167.0 132.0 47.0 — 7 —

103.0 215.0 1184.0 58.0 tendido en el suelo; despues se marchó maldiciendo la ciencia y quien

104.0 261.0 1181.0 58.0 se la enseñaba, diciendo que de allí en adelante no consentiría que

101.0 305.0 1183.0 61.0 ningun superior le castigase. No osó despues ninguno tomar á su

103.0 349.0 1180.0 59.0 cargo el enseñarle, ni se atrevia nadie á reprenderle del mal que ha-

103.0 398.0 1180.0 55.0 cia. Así seguia libremente su voluntad, apartándose de toda razon: sus

100.0 438.0 1183.0 61.0 obras eran de diablo mas que de hombre; nunca iba á la iglesia sino

100.0 484.0 1181.0 57.0 fuese por meter ruido, injuriar á alguno, por hacer burla de los sa-

100.0 531.0 1181.0 58.0 cerdotes ó de los que rezaban; su lenguage era maldecir, jurar y re-

96.0 572.0 1184.0 62.0 negar. Viendo el duque y la duquesa la perversidad de su hijo, no

99.0 627.0 1181.0 48.0 estaban menos tristes por eso que antes de su tan deseado nacimiento.

532.0 745.0 321.0 64.0 CAPITULO III.

96.0 839.0 1180.0 88.0 Roberto es armado de caballero.—Comete grandes desórdenes y atropellos en

136.0 911.0 1140.0 68.0 un torneo.—Parte de la ciudad de Ruan.—Se entrega á toda suerte

135.0 968.0 191.0 51.0 de escesos.

100.0 1103.0 1172.0 67.0 SIENDO ya Roberto de diez y siete años, dijo la duquesa á su espo-

88.0 1157.0 1183.0 49.0 so que le parecia ser muy conveniente que á su hijo Roberto se le

85.0 1199.0 1185.0 58.0 armase de caballero, y de este modo conseguirian tal vez hacerle variar

85.0 1243.0 1183.0 60.0 de condicion, y aprenderia las reglas y buenas costumbres de sus nue-

87.0 1292.0 1147.0 56.0 vos compañeros, á cuyas razones dijo el duque que le parecia bien.

163.0 1334.0 1107.0 56.0 Para llevar á efecto con toda formalidad dicha ceremonia, mandó el

81.0 1378.0 1182.0 57.0 duque reunir á su córte todos los principales señores de sus Estados, y

81.0 1426.0 1186.0 55.0 delante de ellos hizo comparecer á su hijo Roberto, y le dijo: hijo, con-

79.0 1469.0 1187.0 51.0 formándome con el parecer de estos nobles señores, he ordenado de ar-

79.0 1512.0 1187.0 52.0 maros caballero, porque de aquí adelante os acostumbreis á tratar con

78.0 1556.0 1187.0 58.0 los caballeros, aprendais su cortesania, y troqueis vuestras condicio-

79.0 1602.0 1187.0 53.0 nes malas y viciosas por ser juicioso y honrado como la órden de caba-

76.0 1646.0 1186.0 58.0 llería manda. Y Roberto dijo á eso: señor, yo haré lo que me mandeis,

76.0 1689.0 1187.0 60.0 respecto á ser armado caballero, pero tocante á mis condiciones no

74.0 1735.0 1191.0 61.0 me hable nadie de ello, porque tengo hecho propósito de seguir mi

74.0 1779.0 587.0 57.0 voluntad y capricho toda mi vida.

136.0 1820.0 1123.0 60.0 Aquella misma noche veló Roberto en la iglesia, como es cos-

72.0 1868.0 1190.0 58.0 tumbre á los que han de ser armados caballeros, y en toda ella no

69.0 1914.0 1189.0 58.0 cesó de molestar á los que estaban en el templo para su compañía,

69.0 1962.0 1193.0 55.0 sin hacer ningun aprecio de la honra que habia de recibir. Venido

68.0 2008.0 1191.0 52.0 el dia, fué armado caballero con la celebridad y ceremonia que en este

67.0 2046.0 1199.0 63.0 acto se requeria. De allí á algunos dias, el duque hizo publicar unas jus-

67.0 2092.0 1187.0 69.0 tas, á las que vinieron damas y caballeros de diversas partes; lle-
