1485 2411
694.0 147.0 139.0 53.0 — 4 —

238.0 223.0 1114.0 43.0 De allí á pocos dias se le presentaron unos comisionados, y le di-

178.0 253.0 1172.0 61.0 jeron que el duque de Borgoña tenia una hija, muy dotada de virtudes

182.0 297.0 1168.0 61.0 y de estremada hermosura, la que si tenia por bien podría ser deman-

178.0 345.0 1172.0 56.0 dada; el duque despues de un rato de reflexion, les dijo que viniesen

178.0 389.0 1172.0 55.0 á otro dia por la contestacion; luego mandó llamar algunos sábios de

175.0 435.0 1174.0 49.0 su córte para consultar con ellos y tomar su consejo. Despues que los

176.0 479.0 1172.0 56.0 sábios hubieren muy bien discutido sobre ello, dijéronle que no des-

174.0 523.0 1175.0 54.0 echase la propuesta de los caballeros, porque de verificarse tal enlace le

175.0 567.0 1173.0 61.0 procedia honra y provecho á sí mismo y á la república.  Al otro dia

174.0 613.0 1172.0 58.0 reuniendo sus caballeros, ordenó enviar una embajada al duque de

176.0 659.0 1042.0 52.0 Borgoña, del cual fué bien recibida; y aceptada su pretension.

241.0 704.0 1104.0 64.0 El duque Auberto hizo traer su prometida á Normandía, acompañada

176.0 751.0 1168.0 56.0 de muchos varones nobles, de dueñas y doncellas, y llegados que fue-

172.0 792.0 1172.0 59.0 ron á la ciudad de Ruan, se verificaron los desposorios y se celebra-

174.0 837.0 1168.0 57.0 ron las fiestas y las diversiones con asombrosa solemnidad, las cuales

172.0 882.0 1169.0 62.0 dejaré de referir por huir de prolijidades, y seguiré lo que sea mas in-

172.0 929.0 530.0 48.0 teresante á la presente historia.

239.0 968.0 1105.0 63.0 El duque Auberto y la duquesa, su esposa, vivieron en conyugal

171.0 1019.0 1169.0 57.0 compañía sin tener fruto de bendicion por espacio de diez y siete años,

171.0 1064.0 1171.0 55.0 por lo cual se hallaban poseidos de una gran tristeza, y no cesaban de

171.0 1111.0 1170.0 50.0 hacer muchas limosnas y otras obras pias, rogando con mucha humil-

168.0 1147.0 1173.0 59.0 dad á Dios les diese fruto de bendicion; especialmente, el duque hacia

170.0 1196.0 1171.0 60.0 celebrar misas, casar huérfanas y otras obras de piedad. Estando un

170.0 1241.0 1170.0 60.0 dia el duque y la duquesa holgando en un jardin, como el duque ja-

171.0 1285.0 1169.0 54.0 más estuviese sin algo de incomodidad, hubo de decirle algunas razo-

168.0 1332.0 1173.0 58.0 nes indecorosas á la duquesa, cuya señora con muchas lágrimas, le repu-

168.0 1379.0 1172.0 59.0 so: señor, en nada de esto me parece que tengo culpa; que ni yo fuí causa

167.0 1423.0 1171.0 61.0 de nuestra union, aunque consentí en ella, ni tampoco está en mi mano

166.0 1466.0 1171.0 67.0 el concebir, sino en la voluntad de Dios; y pues á él no complace dar-

164.0 1513.0 1168.0 62.0 nos heredero, no me parece cordura vivir con tanta tristeza y pesa-

163.0 1560.0 1173.0 58.0 dumbre, sino darle contínuas gracias, y conformarnos en todo lo que

163.0 1599.0 1173.0 67.0 él fuére servido. Viéndola el duque tan enojada, no habló mas de aquel

162.0 1647.0 1170.0 72.0 caso, antes la consoló cuanto pudo; pero no por eso entró la alegría en

160.0 1694.0 199.0 52.0 su corazon.

223.0 1734.0 1110.0 68.0 Con el disgusto que se notaba en el duque, estaban asimismo los

162.0 1781.0 1171.0 66.0 caballeros muy apesadumbrados, los cuales, como siempre pensasen

159.0 1831.0 1174.0 61.0 en darle placer por apartarle de tan tristes pensamientos, le rogaron

162.0 1875.0 1168.0 61.0 un dia que fuese á caza, y él, conociendo los buenos deseos, salió con

162.0 1918.0 1170.0 64.0 ellos al monte. Entrados en él con multitud de perros, les salió un

159.0 1964.0 1170.0 65.0 ciervo grande y muy ligero, y como sintiese los cazadores, tomó el ca-

159.0 2010.0 1166.0 60.0 mino de la sierra; siguiéronle los caballeros y toda la demas gente,

159.0 2054.0 1167.0 66.0 quedando el duque solo, que muy poco se le daba por el ciervo, por-

162.0 2102.0 1167.0 62.0 que tenia el corazon muy turbado y envuelto en otros diversos pen-
