1488 2421
626.0 106.0 178.0 59.0 — 29—

126.0 178.0 1179.0 34.0 atrocidades; y como el emperador tuviese mayor confianza en el valor

129.0 209.0 1176.0 51.0 y disposicion de su yerno el duque Roberto, que en ninguno de los

125.0 246.0 1178.0 56.0 caballeros de su imperio, se apresuró á enviarle mensajeros, encargán-

125.0 291.0 1180.0 57.0 dole que sin demora alguna se pusiese en camino para ir á socorrerle

125.0 334.0 1178.0 52.0 contra el almirante, que se habia presentado hasta las puertas de la ca-

126.0 379.0 1179.0 56.0 pital. Llegados los mensageros romanos á la ciudad de Ruan, donde á

125.0 422.0 1180.0 60.0 la sazon se hallaba el duque Roberto segun se ha dicho, este los recibió

123.0 469.0 1177.0 55.0 con las ceremonias debidas, y enterado que estuvo de su embajada,

125.0 517.0 1178.0 51.0 mandó que con la mayor brevedad posible se equipasen hasta treinta

125.0 556.0 1177.0 58.0 mil hombres normandos, dejando encargado el gobierno del ducado á

123.0 602.0 1180.0 58.0 un inteligente caballero de toda su confianza, y á su esposa en compa-

126.0 648.0 1177.0 58.0 ñía de su madre, y él se puso á la cabeza de aquella fuerza empren-

125.0 692.0 606.0 55.0 diendo la marcha á largas jornadas.

187.0 734.0 1118.0 60.0 A su llegada á Roma se encontró con la inesperada novedad de

123.0 780.0 1183.0 59.0 que el emperador acababa de ser muerto en una batalla á manos del al-

125.0 825.0 1177.0 61.0 mirante: al oir Roberto tan infausto acontecimiento, lleno de furor y

125.0 870.0 1178.0 58.0 coraje, hizo en seguida disponer á toda cuanta gente armada habia en

123.0 917.0 1180.0 58.0 Roma, y unidos con el refuerzo que trajo consigo, salió de la ciudad

125.0 960.0 1177.0 59.0 con grandes deseos de encontrar al almirante para retarle á un comba-

126.0 1006.0 1180.0 59.0 te parcial y vengar la alevosa muerte cometida en la persona del em-

127.0 1051.0 1178.0 59.0 perador, su suegro. Salió al frente de su numerosa y entusiasmada

125.0 1092.0 1178.0 60.0 hueste, y apenas habrian andado poco mas de media legua divisaron el

126.0 1140.0 1177.0 57.0 campo de los enemigos, los cuales estaban formados en un llano en

125.0 1182.0 1178.0 62.0 órden de batalla; el duque Roberto dividió su ejército en tres colum-

126.0 1236.0 1179.0 52.0 nas y él se puso al frente de la del centro. Dada la señal se pusieron

126.0 1275.0 1177.0 63.0 todos en movimiento, y á poco tiempo el combate se hizo general; la

127.0 1324.0 1178.0 55.0 sangre corre en arroyos, los guerreros caen y el campo se cubre de

126.0 1362.0 1173.0 62.0 cadáveres. El duque, montado en un famoso caballo y espada en mano,

126.0 1408.0 1176.0 63.0 se arroja entre el tropel desesperado y fuera de sí; lleno de ardor y

125.0 1455.0 1180.0 56.0 cólera busca el peligro con ojos codiciosos, y acomete, desune, derro-

129.0 1505.0 1176.0 47.0 ta los espesos escuadrones, vuela en medio de las lanzas, inunda de

129.0 1545.0 1174.0 59.0 sangre la tierra, busca el peligro, le provoca y desprecia á un tiempo.

127.0 1592.0 1176.0 56.0 Ligero y temido como el rayo, discurre por entre los enemigos sem-

130.0 1634.0 1175.0 62.0 brando la muerte y terror; ábrese paso entre sus víctimas que caen

127.0 1679.0 1176.0 66.0 amontonadas, y aguija el fatigado caballo que apenas puede pasar so-

127.0 1722.0 503.0 60.0 bre las armas y los cadáveres.

193.0 1765.0 1109.0 65.0 En medio de la horrenda carnicería, del tumulto y de los gritos

127.0 1813.0 1179.0 61.0 de los fugitivos, el héroe cree descubrir al almirante al divisar un ca-

127.0 1857.0 1180.0 59.0 ballero montado en un brioso caballo, que traia un yelmo dorado con

129.0 1903.0 1177.0 64.0 una lucida armadura y muy pertrechado de armas; se dirige á él, le

129.0 1952.0 1177.0 56.0 hace seña que se ponga en defensa y ambos se acometen á un tiempo:

127.0 1994.0 1182.0 54.0 el caballero dirige la lanza sobre su contrario; el duque evita el golpe

130.0 2037.0 1176.0 75.0 y de un revés desguarreta al impetuoso animal. El guerrero cae. Ro-
