1478 2465
624.0 215.0 179.0 70.0 — 31 —

197.0 293.0 1112.0 52.0 Sus nobles escuadrones le victorearon, y en perfecta formacion to-

131.0 332.0 1178.0 58.0 maron el camino de Roma, donde recibidos con entusiasmo y alegria

131.0 375.0 601.0 63.0 general hicieron su triunfal entrada.

195.0 412.0 1114.0 72.0 El cadáver del almirante fué llevado á la ciudad y al dia siguiente

131.0 465.0 1178.0 54.0 se mandó fuese arrastrado por las calles y plazas mas públicas, siendo

130.0 512.0 809.0 57.0 en seguida descuartizado por mano del verdugo.

189.0 551.0 1120.0 61.0 Despues mandó Roberto que se celebrasen en todas las iglesias de

130.0 597.0 1178.0 67.0 Roma y particularmente en la Basílica de San Pedro, las mas suntuosas

136.0 649.0 1172.0 54.0 y solemnes exequias por el alma del emperador su suegro. Conforme

132.0 690.0 1177.0 56.0 á lo que dejó el difunto emperador, se procedió á la proclamacion de

128.0 734.0 1178.0 58.0 su sucesor, por lo que Roberto llegó á ocupar el trono, siendo reco-

127.0 779.0 1179.0 65.0 nocido por soberano de todos los Estados romanos, cuyo advenimiento

130.0 825.0 775.0 66.0 fué celebrado con grande júbilo y ostentacion.

510.0 910.0 406.0 80.0 CONCLUSION.

152.0 1061.0 1152.0 38.0 COLOCADO el prudente Roberto en el trono, estuvo sériamente dis-

131.0 1094.0 1173.0 52.0 curriendo sobre la nueva posicion en que las circunstancias le habian

130.0 1136.0 1172.0 52.0 elevado, resolvió pues permanecer en Roma, empleando cerca de un año

127.0 1179.0 1174.0 60.0 en arreglar con el mayor acierto todos los negocios del Estado, ponien-

130.0 1224.0 1168.0 63.0 do en todas las fortalezas y ciudades gobernadores adictos á su persona;

131.0 1272.0 1167.0 57.0 y despues de haber dejado interinamente un lugarteniente de toda su

127.0 1314.0 1171.0 55.0 confianza para regir el gobierno superior del imperio, se volvió para

126.0 1355.0 1171.0 61.0 Normandía. Todas las autoridades y nobleza de la ciudad de Ruan, le

127.0 1399.0 1171.0 64.0 salieron á recibir y darle el parabien. Su madre y su amada esposa

126.0 1446.0 1172.0 65.0 recibieron un gozo indecible por su venida, abrazándole con la mayor

127.0 1495.0 782.0 49.0 ternura y llenándose mútuamente de caricias.

191.0 1537.0 1107.0 54.0 Durante la ausencia de Roberto, su esposa habia dado á luz un

126.0 1577.0 1172.0 60.0 hijo que le llamaron Ricarte, y le dieron el título de duque de Nor-

124.0 1625.0 1173.0 63.0 mandía, el cual fué con el tiempo muy esforzado y valeroso caballe-

124.0 1670.0 1173.0 63.0 ro, distinguiéndose en muchas batallas, haciendo señaladas hazañas

126.0 1718.0 642.0 49.0 como se lee en las crónicas francesas.

190.0 1758.0 1104.0 61.0 Finalmente, nuestro héroe Roberto con su esposa, regresaron á

124.0 1802.0 1170.0 60.0 Roma, donde tomando posesion del trono imperial, hallaron el conten-

123.0 1850.0 1172.0 63.0 to y la tranquilidad, gobernando mucho tiempo con la dulzura y justi-

121.0 1898.0 1173.0 56.0 cia que era la base de su conducta. Tuvieron además otros hijos, los

121.0 1940.0 1172.0 58.0 que instruyeron en los mas puros principios de la religion católica y

121.0 1981.0 1174.0 63.0 sana moral; llegaron á una edad avanzada disfrutando hasta el resto de

124.0 2029.0 1169.0 64.0 sus dias la felicidad y quietud del alma, que es el mejor fruto que la

120.0 2073.0 805.0 70.0 práctica de las virtudes proporciona en la tierra.

658.0 2158.0 104.0 68.0 FIN.
