1528 2326
725.0 147.0 161.0 79.0 —12—

293.0 249.0 1105.0 37.0 Así llorando y sollozando se salió del castillo y montó en su ca-

223.0 271.0 1175.0 53.0 ballo, quedando la duquesa muy asombrada de lo que acababa de suce-

226.0 316.0 1170.0 57.0 der; llegó á poco despues el duque al castillo, y como hallase la gen-

223.0 357.0 1171.0 60.0 te alborotada y la duquesa llorando, preguntó luego si Roberto habia

226.0 404.0 1170.0 59.0 estado por allá, y si le habia hecho algun daño; la duquesa le contó lo

226.0 448.0 1166.0 62.0 que con él habia pasado, y el duque esclamó suspirando: Dios por su

227.0 493.0 1165.0 60.0 piedad quiera tener misericordia de él y le conduzca al camino de

228.0 538.0 1164.0 60.0 salvacion! Y despues se ocupó en consolar á la duquesa de la gran con-

227.0 581.0 866.0 63.0 mocion que le habia causado la novedad de su hijo.

292.0 622.0 1098.0 70.0 Luego que Roberto partió del castillo, se fué á toda prisa para el

227.0 673.0 1165.0 64.0 monte, temiendo ser cojido por la gente de su padre; llegando á la

228.0 721.0 1162.0 59.0 casa que allí tenia, encontró á sus compañeros comiendo y divirtién-

226.0 770.0 1166.0 54.0 dose; luego que le vieron, todos se levantaron á recibirle, y se ale-

227.0 808.0 1165.0 60.0 graron de su venida: él les habló muy cortesmente, los hizo sentar á

230.0 855.0 1163.0 58.0 todos, y despues que hubieron concluido de comer, les mandó estar

226.0 898.0 1168.0 59.0 en silencio y atentos á lo que les queria decir. Principió á traerles

228.0 944.0 1166.0 57.0 á la memoria los enormes atentados por ellos cometidos, que por

227.0 987.0 1169.0 59.0 el menor de ellos eran dignos de eterna condenacion, y les rogó que

228.0 1032.0 1170.0 61.0 se confesasen é hiciesen penitencia de ellos, y de allí adelante vivie-

227.0 1079.0 1171.0 58.0 sen como cristianos, que sirviesen á Dios, y no estuviesen en el mon-

230.0 1122.0 1171.0 59.0 te sirviendo al demonio; y otras muchas reflexiones que les hizo para

228.0 1166.0 1172.0 57.0 moverlos á obrar bien. Entonces uno de los principales tomando la

232.0 1212.0 1170.0 59.0 palabra por todos, le respondió con gran descaro: señor, me parece

231.0 1258.0 1172.0 58.0 que haceis burla de nosotros; tú que nos condujiste aquí y nos en-

231.0 1302.0 1174.0 49.0 señaste á ser crueles y á ejecutar mas maldades de las que por nuestra

231.0 1345.0 1172.0 59.0 natural condicion hiciéramos, y que en todo has sido el principal mo-

231.0 1390.0 1171.0 61.0 tor y guia, ¿ahora nos vienes predicando como el raposo á los pollos?

230.0 1435.0 1173.0 56.0 En valde trabajas, porque nuestra voluntad es de seguir el camino

232.0 1480.0 1171.0 62.0 que nos enseñaste, y pues que en este ejercicio habemos empleado

232.0 1526.0 1173.0 58.0 parte de nuestros dias, en él proponemos continuar los que nos que-

231.0 1570.0 1175.0 58.0 dan, sea cual fuere nuestra suerte. Y los demas respondieron uná-

231.0 1615.0 1175.0 61.0 nimes todos á una voz, que esta era su deliberacion. Roberto les

231.0 1660.0 1176.0 59.0 requirió varias veces para atraerles al servicio de Dios y no perseve-

232.0 1704.0 1175.0 59.0 rasen en el mal vivir, diciéndoles: que pues ya que él habia sido el

232.0 1750.0 1175.0 60.0 primero y principal motor en el mal, que tambien queria serlo en la

235.0 1797.0 1172.0 56.0 penitencia; y pues que le siguieron en lo uno, le siguiesen tambien

235.0 1841.0 1170.0 57.0 en lo otro. Cuando vió Roberto que no les convencian sus razones,

236.0 1884.0 1174.0 62.0 y considerando los grandes males que causarian segun el mal propó-

233.0 1929.0 1177.0 59.0 sito que tenian, siendo él la principal causa de haberlos puesto en

232.0 1973.0 1179.0 59.0 aquel estado de vivir, pesándole mucho de ello, resolvió dar fin de

235.0 2021.0 1176.0 58.0 ellos porque de allí adelante no cometiesen mas maldades. Y esperan-

230.0 2062.0 1184.0 63.0 de ocasion oportuna, así que los vió entregados al sueño, fué y tomó

231.0 2107.0 1183.0 79.0 presto una hacha de armas, y empezó á dar hachazos y herir á dis-
