1753 2480
531.0 1023.0 748.0 124.0 LA BUÑOLERA.

248.0 1279.0 456.0 93.0 Con mi lebriyo de masa,

204.0 1349.0 401.0 54.0 mi jorniyita ensendia,

204.0 1388.0 449.0 69.0 y la sarten hecha brasa,

208.0 1448.0 422.0 71.0 paso alegre toa mi via.

250.0 1502.0 442.0 85.0 Pa tomar el aguardiente

202.0 1570.0 438.0 50.0 estos sí que son canela;

204.0 1597.0 604.0 72.0 quién los quiere, quién los yeva,

204.0 1653.0 445.0 56.0 que han salio calentitos,

206.0 1692.0 436.0 60.0 estos si que son canela;

206.0 1742.0 589.0 62.0 quién los quiere, quién los yeva,

206.0 1787.0 542.0 97.0 quién, quién, quién los yeva!

250.0 1862.0 442.0 62.0 Aunque con aceite ando

204.0 1913.0 511.0 64.0 soy mas relimpia que el sol,

206.0 1955.0 507.0 68.0 ahi siempre estoy meneando

206.0 1998.0 515.0 79.0 la sarten, que es un primor.

287.0 2041.0 300.0 79.0 Pa tomar, etc.

241.0 2112.0 559.0 91.0 Cuando me pongo en mi choza

204.0 2174.0 449.0 91.0 y se me acerca un señó,

893.0 1277.0 512.0 84.0 me compra toa la bacienda

901.0 1357.0 502.0 62.0 por lo bien que espacho yo.

990.0 1397.0 281.0 76.0 Pa tomar, etc.

948.0 1452.0 461.0 83.0 Todos vienen á mi puesto

899.0 1521.0 424.0 57.0 porque les gusta probá

897.0 1566.0 483.0 70.0 los guñuelos que yo hago,

893.0 1609.0 396.0 69.0 porque son de caliá.

986.0 1649.0 281.0 72.0 Pa tomar, etc.

938.0 1731.0 428.0 73.0 Vienen gente de copete

895.0 1773.0 353.0 70.0 y curros de caliá,

895.0 1826.0 442.0 58.0 á mí nenguno se atreve,

893.0 1874.0 419.0 58.0 porque me conocan ya.

979.0 1911.0 290.0 58.0 Pa tomar, etc.

936.0 1988.0 463.0 72.0 No sirve el mejor recreo,

893.0 2052.0 423.0 58.0 ni nenguna maraviya,

895.0 2095.0 438.0 60.0 pa la tienda de guñuelos

893.0 2147.0 560.0 70.0 que tiene esta curra en Seviya.

981.0 2188.0 282.0 77.0 Pa tomar, etc.
