1949 2569
224 239 596 90 por hazer burla, y donayre

216 295 567 77 fuesse à enamorar de otra.

263 346 587 103 Doña Antonia que lo supo,

207 396 508 83 no hay desatada Leona,

209 441 559 89 que con ella se acompare,

207 498 461 75 segun estava furiosa:

254 545 476 82 Los ojos encarnizados,

201 586 490 84 pidió al Cielo temerosa

197 644 526 77 la venganza del traydor,

197 691 612 83 que ha causado su deshonra.

248 740 471 82 Y lamentandose triste,

192 789 546 78 con suspiros, y congojas,

188 839 595 85 sin sossiego, por su quarto,

182 882 599 94 iba diziendo Doña Antonia:

229 933 572 81 Cielo, como tanto tardes!

177 974 606 102 Noche, como no te adornas,

175 1036 506 81 con esse manto Celeste,

171 1078 591 93 lleno de Estrellas piadosas!

224 1130 542 94 Y assi que vino la noche,

162 1177 514 92 luego con colera arroja

160 1233 424 81 el habito de muger,

158 1280 503 85 calzon, y ropilla toma,

209 1329 446 81 Y una famosa rodela,

154 1374 524 86 con una granadita hoja:

154 1427 497 78 pendiente de la pretina

147 1479 512 77 lleva una daga curiosa:

199 1526 539 90 Y un casco de fino azero,

143 1575 538 75 que en lo alto de la gola

139 1629 619 81 trahe un letrero, que dize:

137 1680 580 81 A la venganza, y deshonra.

184 1723 494 83 Apenas estuvo armada,

130 1761 572 97 fuesse à la Plaza Redonda,

128 1826 548 79 en busca de su contrario,

126 1868 587 84 y hallóle que está con otra.

175 1924 563 81 Cuya Dama en hermosura

124 1963 559 94 crió el Cielo tan graciosa,

122 2018 494 77 que solo para igualarse

115 2072 533 73 era bastante ella propria.

160 2115 510 115 Desque delante lo tuvo,

955 254 492 97 le dixo en esta forma;

963 327 523 75 picaro, infame, gallina,

950 374 630 86 siempre villano en tus cosas;

1004 419 598 96 Te acuerdas de una palabra,

953 468 501 84 que distes à una señora,

957 520 462 81 que le quitaste la flor,

950 569 536 79 y le dexaste à la sombra?

991 620 529 86 Has de saber que yo soy,

946 665 568 86 y me llamo Doña Antonia,

942 721 525 77 que te de quitar el alma,

935 762 538 85 si el Cielo no me estorva.

980 815 459 84 Mete tyrano, gallina,

929 867 510 79 mano à la cobarde hoja,

931 918 540 75 esta para ti es muy larga,

929 967 574 75 que con la razon me acojo.

976 1012 510 84 Ya se crusen los azeros,

925 1057 572 81 y las centellas que arrojan,

920 1113 628 88 tantas son que al Cielo suben

916 1158 441 81 à pedir misericordia.

965 1211 632 97 Y aunque muestra gran valor,

912 1256 559 86 ya desmayava el de Rojas,

910 1312 503 70 con puntas le favorece,

899 1353 508 77 hasta que cayó de boca

946 1404 561 86 Don Pedro sobre la tierra,

901 1451 576 88 y con rigor Doña Antonia

893 1505 469 83 sacó la daga que trae,

890 1560 440 69 y la cabeza le corta.

942 1603 542 109 La cuelga de los cabellos

878 1635 518 101 à la puerta de su moza,

886 1701 499 78 y estandosela colgando

886 1753 510 75 passó por alli la Ronda,

933 1800 559 101 Y al preguntarle quien va,

871 1843 437 77 atrevida, y animosa

873 1894 512 77 terció su capa, y rodela

873 1948 476 77 arrencando de la hoja,

923 1995 516 94 Y embistiendo con ellos,

867 2042 452 79 como rabiosa Leona,

867 2091 480 81 entre todos hizo plaza

860 2149 551 135 por no ser la melindrosa.

1458 2205 47 89 Al
