1860 2629
572.0 265.0 548.0 68.0 CANCION PATRIOTICA

100.0 302.0 1494.0 105.0 cantada por el tono de libertad, con variedad de coplas, dedicada cada una

668.0 363.0 371.0 77.0 á su fin particular.

774.0 416.0 162.0 72.0 CORO.

151.0 466.0 605.0 77.0 Voluntarios valientes al arma,

100.0 525.0 551.0 77.0 el acéro con fuerza empañar

107.0 573.0 553.0 68.0 el derecho nataral nos llama.

107.0 615.0 566.0 79.0 defendamos nuestra libertad.

160.0 674.0 688.0 77.0 No hai remedio el castigo es preciso

96 722 616 60 los serviles se van ensimando.

109.0 771.0 652.0 65.0 los facciosos saquean los pueblos

111.0 817.0 639.0 79.0 con las voces de viva Fernando.

269.0 878.0 373.0 55.0 Voluntarios &c.

160.0 911.0 576.0 77.0 Ellos dicen que son de la fé

111.0 970.0 606.0 72.0 y que mueren por la religion,

111.0 1016.0 726.0 77.0 y en entrando en un pueblo saquean:

114.0 1062.0 513.0 90.0 y exigen su contribucion.

261.0 1110.0 346.0 70.0 Voluntarios &c.

160.0 1161.0 640.0 76.0 Poseidos de un gran despotismo

116.0 1222.0 509.0 68.0 y sumidos en su segedad,

114.0 1261.0 642.0 75.0 se despeñan en el grande abismo

116.0 1323.0 563.0 74.0 de miseria, error y maldad.

269.0 1360.0 353.0 77.0 Voluntarios &c.

155.0 1406.0 632.0 75.0 Que porfien y sigan su impulso

114.0 1472.0 605.0 59.0 de una fuerte cadena arrastrar,

118.0 1513.0 638.0 73.0 que nosotros sabios no queremos

118.0 1562.0 537.0 74.0 esa dura prision aguantar.

269.0 1608.0 360.0 65.0 Voluntarios &c.

166.0 1645.0 693.0 85.0 No es posible que vencernos pueda

122.0 1715.0 672.0 68.0 con los sabios de sus argumentos,

122.0 1768.0 577.0 59.0 pues sujetos á la ley tenemos

118.0 1809.0 640.0 70.0 á los hombres de mayor talento.

278.0 1855.0 314.0 64.0 Voluntarios &c.

171.0 1910.0 546.0 59.0 Ciudadanos vivamos alegres

120.0 1952.0 559.0 74.0 aliviados de todos los males,

125.0 2006.0 533.0 70.0 y sigamos el camino recto

127.0 2061.0 625.0 70.0 por las sendas constirucionales.

276.0 2109.0 344.0 62.0 Voluntarios &c.

175.0 2151.0 572.0 66.0 Conservemos el Codigo sabio

127.0 2203.0 583.0 66.0 de las leyes constirucionales,

127.0 2256.0 638.0 101.0 perdonemos la injuria y agravie,

844.0 460.0 555.0 76.0 y seremos amigos parciales.

991.0 510.0 329.0 68.0 Voluntarios &c.

890.0 554.0 678.0 83.0 Si sembramos los granos de union

846.0 611.0 544.0 74.0 cojeremos la gloria de paz,

864.0 670.0 629.0 61.0 si sembramos venganza y rencor

857.0 718.0 564.0 64.0 cojeremos malicia y maldad.

991.0 762.0 342.0 74.0 Voluntarios &c.

897.0 808.0 570.0 72.0 No podemos pedir otra cosa

864.0 858.0 495.0 73.0 ni debemos apetecer mas,

862.0 911.0 581.0 68.0 que en estando sujeto á la ley

859.0 966.0 619.0 65.0 todo hombre goza de igualdad.

1004.0 1007.0 327.0 70.0 Voluntarios &c.

910.0 1053.0 653.0 77.0 Un derecho que Dios nos concede

862.0 1117.0 600.0 68.0 y los hombre tenian guardado,

859.0 1156.0 696.0 81.0 que en pegando un señor un bufido

864.0 1215.0 570.0 64.0 todo pobre quedaba callado.

1011.0 1259.0 344.0 66.0 Voluntarios &c.

910.0 1296.0 678.0 92.0 Ahora entramos con gran desahogo

866.0 1353.0 581.0 68.0 ante jueces en los tribunales,

868.0 1410.0 649.0 75.0 y en llevando el derecho y la ley

868.0 1470.0 605.0 59.0 ya no sirve interes pecuniales.

1019.0 1516.0 316.0 52.0 Voluntarios &c.

921.0 1557.0 647.0 64.0 Cuando sale un diario embustero

866.0 1603.0 748.0 79.0 anunciando que hay muchos facciosos,

868.0 1667.0 599.0 54.0 los serviles se ponen contentos

866.0 1706.0 711.0 77.0 que en el mundo no caben de gozo.

1017.0 1757.0 320.0 65.0 Voluntarios &c.

919.0 1805.0 605.0 70.0 Y al contrario si el diario dice

872.0 1851.0 696.0 76.0 las cuadrillas que se han derrotado.

875.0 1906.0 605.0 63.0 en corrinchos se juntan y dicen

872.0 1952.0 637.0 70.0 imposible que asi halla pasado.

1013.0 2006.0 318.0 64.0 Voluntarios &c.

921.0 2052.0 642.0 70.0 Pobrecitos que engañados viven

875.0 2105.0 583.0 63.0 impacientes de tanto esperar,

872.0 2151.0 683.0 77.0 y no saben que a fuerza de sangre

877.0 2210.0 539.0 66.0 el sistema ha de prosperar.

1022.0 2254.0 315.0 107.0 Voluntarios &c.
