1897 2592
514 174 449 72 La vide un dia en la calle

503 222 477 67 descrubiendo pecho y cara,

503 270 432 60 que el agrado y fantasía

503 315 447 58 la hacia ser muy profana,

501 349 510 78 que siempre fuera mi esposa,

501 401 404 59 si no tuviera esta falta.

499 444 432 61 Caminé el embarcadero,

499 490 494 56 me embarqué con vigilancia

501 533 443 63 à aquese famozo Puerto,

503 576 480 61 donde puse asiento y casa.

505 624 408 56 Andándome paseando,

507 663 471 58 vide à un balcon asomada

505 699 497 74 una extrangera, que Venus

509 749 491 61 se admira y no la adelanta.

505 799 454 60 La dixe: blanca azucena,

507 844 370 58 lucero de la mañana,

514 876 425 67 fresco paraiso hermoso,

518 922 525 78 pincel que esmalta y dismalta,

512 969 421 61 quisiera en esta ocasion

514 1017 484 56 ser de la estirpe mas clara,

514 1058 421 63 solamente por servirte,

518 1101 352 63 y dexarte coronada

527 1149 451 54 por reyna de las mugeres.

527 1185 458 67 Y ha respondido la dama:

518 1229 378 60 todas aquesas finezas

522 1272 510 69 me obligan y no me cansan;

522 1319 435 61 vuestra voluntad estimo,

527 1362 356 63 y deseando pagarla,

525 1404 477 60 si pretendeis ser mi esposo,

522 1453 435 56 como cifran las palabras,

525 1496 436 52 aquí estoy à tu mandado

527 1535 456 59 humilde, abatida y llana.

527 1578 477 61 Entre los dos concertamos,

529 1630 451 56 que una noche la sacara:

531 1669 421 54 se despidió muy alegre,

535 1710 391 67 y otro dia de mañana

531 1753 456 61 saqué un corte de vestido

537 1794 424 65 para la ocasion trazada.

535 1838 456 60 Se lo llevé que lo hiciese;

537 1879 422 69 pero como agena estaba

535 1918 508 64 de hacer labor, nunca pudo,

537 1967 379 65 y solo por esta causa,

540 2015 460 62 la dexé y me fui aburrido,

542 2060 408 61 perdidas las esperanzas

540 2099 460 63 de casarme ya en mi vida.

529 2144 445 57 Determiné sentar plaza,

548 2190 478 60 y en Xerez de la Frontera,

548 2237 467 54 un Capitan que alli estaba,

1134 164 447 71 me recibió en su bandera

1134 216 380 58 para pasar à la Italia.

1140 257 441 62 Apenas entré en el tinte,

1136 304 413 58 llegó una muger tapada

1134 352 419 47 à pedirme una limosna:

1138 384 430 67 alargué la mano à darla,

1138 436 432 58 llegó el Alguacil mayor,

1142 475 525 69 y un ministro en su compaña.

1142 527 463 51 Me dixo: señor mancebo,

1142 557 530 62 que hace aqui con esa dama?

1153 611 447 62 Ella dixo: es mi marido;

1153 654 370 63 y solo por esta causa

1151 695 411 65 me llevaron á la cárcel,

1149 740 441 57 me entraron en una sala,

1145 786 447 58 me cargaron de prisiones,

1149 831 406 52 hasta que le di palabra

1149 870 458 60 Me casaron con un bulto,

1149 911 436 65 que por no verle la cara

1158 961 427 58 me ponia unos anteojos,

1158 997 455 70 con la pared me abrasaba

1155 1047 487 54 haciendo oracion y ayunos,

1164 1086 467 65 porque Dios me la llevara.

1160 1131 430 59 Sali un dia à divertirme,

1166 1179 430 60 y vine á las doce dadas,

1166 1216 506 71 halléla echada y durmiendo,

1166 1265 413 63 y como enojado estaba,

1166 1313 385 54 cogí medio candelero,

1164 1345 480 63 le di al cuerpo tal andanza,

1168 1395 534 63 con tan buen bayle de cuenta,

1166 1436 486 63 que la dexé coxa y manca:

1168 1488 478 47 ella que es tuerta y tiñosa,

1168 1527 439 56 quedó con una fastasma.

1171 1566 468 62 Salime aburrido al campo,

1171 1613 386 63 y otro dia de mañana

1175 1661 477 54 vine à ver si habia muerto,

1173 1697 410 61 no me apestara la casa,

1181 1745 413 65 y la hallé con un galan,

1179 1790 430 56 compuesta y aderezada:

1179 1829 458 58 la maté, Dios la perdone,

1181 1866 504 62 muger que ha sido tan mala.

1177 1911 534 65 Me volví à la ciudad de Arcos

1177 1963 499 56 sin ropa, muger ni blanca;

1179 2006 378 58 y si acaso algun galan

1177 2049 436 59 quisiera muger sin falta,

1181 2095 417 62 yo le venderé este libro

1184 2138 427 63 que traxe de Salamanca,

1190 2181 471 61 que por sobrescrito tiene:

1186 2224 466 59 destierro de la ignorancia.
