1956 2637
470 167 431 68 de Dios y servicio suyo,

472 215 479 77 que se alegraba en el alma.

476 254 431 77 Yo dixe: señor maestro,

465 303 436 72 no marezco dicha tanta,

468 342 441 77 que mi deseo es casarme,

468 386 446 75 y estudiar solo me basta,

468 432 499 82 que la muger que me toque,

465 474 411 75 no tenga ninguna falta.

465 518 431 73 Se comenzó à santiguar,

465 560 453 75 y me dixo estas palabras:

463 606 528 79 mire bien lo que me ha dicho

461 646 527 98 que es eso mucha arrogancia;

461 690 378 72 solo la Virgen María

463 738 473 75 pudo haber sin tener falta.

465 780 451 77 Y le dixe: estéme atento,

459 828 457 70 mientras refiero mi plana.

461 865 440 77 Yo quiero muger bonita,

452 907 501 86 de lindo cuerpo, y gallarda,

454 955 477 77 que tenga los ojos grandes,

450 991 484 85 no gorda, ni muy delgada,

450 1041 468 79 que tenga rubio el cabello,

452 1085 479 77 y mas que la nieve bianca;

450 1131 365 68 y que tenga tal aseo,

450 1171 473 79 que de limpieza haga gala,

450 1213 486 74 y que forme por sus manos

446 1259 477 79 una encomienda de Malta:

448 1298 446 77 y que mire por su honra,

446 1342 518 86 y atienda siempre à mi fama.

443 1388 398 75 Que no sea ventanera,

441 1432 438 68 melindrosa, ni profana:

439 1476 457 79 que ninguno la aborrezca,

439 1516 433 85 que no sea desgraciada;

443 1562 396 75 y calidad, que sin esto

437 1601 404 80 lo demás no vale nada.

437 1645 444 69 Atento el maestro estuvo

439 1692 473 79 y respondió estas palabras:

435 1736 510 79 quien tan buen estudio tiene,

432 1779 458 77 á que viene à Salamanca?

432 1821 493 73 Señor, que las experiencias

430 1870 495 76 son las que ahora me faltan.

430 1909 508 79 Me puso un libro en la mano

428 1953 411 75 con eslabones de plata,

426 2001 417 66 de todas las condiciònes

428 2045 514 75 que en el mundo son críadas.

421 2083 403 77 Estudié catorse meses,

424 2127 466 83 que es lo que mas deseaba,

419 2171 429 77 de conocer las mugeres,

417 2219 424 94 solamente con mirarlas.

1103 184 433 75 Me despedí del maestro

1103 241 442 73 para volver à mi pratria,

1109 290 501 61 y buscar por todo el mundo

1112 327 452 75 muger de virtudes tantas.

1114 364 488 84 En poco mas de tres meses

1109 406 453 86 llegué à Cordoba la llana,

1107 459 453 77 me acomodé mayordomo

1105 496 411 84 en una principal casa:

1103 540 382 68 me trataron de casar

1107 584 416 81 con una moza gallarda,

1103 626 420 79 linda como las estrellas,

1098 668 473 76 dándole asiento y palabra.

1105 716 503 83 Me aproveché de mi estudio,

1101 766 435 69 y la dexé por dos faltas,

1098 810 453 73 de las que mas aborrezco,

1098 850 422 68 húmeda y poco aseada:

1096 894 486 77 Desde aqui me fui à Sevilla,

1090 940 452 66 sabiendo ser tierra larga:

1087 984 442 72 me enamoré de una niña

1087 1028 493 68 por la música de una arpa:

1087 1065 394 68 y despues que la rendí

1085 1111 431 75 con favores y alabanzas

1087 1158 411 70 la deseché por bobona,

1087 1197 462 81 y de estómago muy flaca,

1085 1243 402 73 y de pelo algo bermeja

1081 1292 483 70 que es una seña muy mala.

1079 1327 448 79 Pasé à la Villa de Utrera,

1081 1375 453 75 vide una hermosura rara,

1081 1419 446 73 y quedé de amor herido;

1081 1461 516 83 ella que no es lerda en nada,

1074 1505 471 72 me hizo seña de que fuesse

1074 1549 453 74 yo con ella hasta su casa.

1079 1590 448 82 Vide dos hermanos suyos

1074 1626 374 77 vestidos à la toscana

1070 1678 486 82 mangas con puntas al ayre,

1070 1725 459 74 por falta de ahuja y lana;

1063 1760 464 81 la deseché luego al punto,

1065 1806 484 81 por ser floxa y mal mirada.

1065 1850 449 79 Pasé à la Villa de Espera,

1061 1898 451 77 en donde no hice morada

1061 1942 437 77 porque vide malos pelos,

1063 1988 431 71 y pocas de buenas caras.

1061 2030 451 75 Pasé à la villa de Bornos,

1057 2065 433 77 donde vide bellas damas:

1054 2111 493 88 me acomodé luego al punto

1052 2157 442 80 con una viuda hortelana,

1052 2204 435 79 me aplicó para su yerno,

1052 2243 365 110 y yo que lo deseaba.

1556 2267 50 112 Pe-
