1860 2629
239.0 315.0 502.0 61.0 Niña que vas a la fuente

190.0 363.0 568.0 55.0 con tanto garbo, en tu jarro

193.0 414.0 429.0 50.0 escucha la linda jota

193.0 446.0 506.0 60.0 que toco con la guitarra.

241.0 492.0 476.0 66.0 Las jotas más salerosas

193.0 543.0 530.0 55.0 «decían nuestras abuelas»

190.0 582.0 568.0 66.0 son las que tocan bandurria

193.0 633.0 526.0 54.0 la guitarra y castañuelas.

239.0 674.0 484.0 57.0 Es la jota muy graciosa

188.0 718.0 557.0 57.0 muy alegre y muy discreta

188.0 766.0 546.0 57.0 si con brillo la acompañan

190.0 810.0 461.0 59.0 repiques de pandereta.

241.0 854.0 465.0 53.0 Viva tu tia y tu madre

193.0 900.0 475.0 63.0 y también que viva yo,

195.0 948.0 489.0 59.0 y viva por muchos años

195.0 994.0 517.0 57.0 el padre que te engendró.

241.0 1027.0 531.0 68.0 Viva el sol de mis amores,

193.0 1071.0 522.0 85.0 viva mi reina y princesa,

1048.0 315.0 570.0 61.0 pues mi princesa y mi reina

1046.0 370.0 469.0 55.0 es mi novia aragonesa.

1094.0 405.0 562.0 76.0 Dicen que el baile flamenco

1048.0 464.0 421.0 53.0 es alegre y seductor,

1048.0 497.0 463.0 66.0 pero el baile de la jota

1046.0 545.0 419.0 55.0 no tiene competidor.

1092.0 580.0 463.0 75.0 Adiós, adiós Zaragoza,

1048.0 637.0 423.0 57.0 tierra donde yo nací,

1046.0 670.0 625.0 85.0 cuanto más lejos me encuentre

1048.0 725.0 524.0 63.0 mucho más pensaré en tí.

1090.0 764.0 502.0 77.0 Cuando salga de Aragón

1046.0 814.0 469.0 62.0 cantaré una despedida,

1048.0 856.0 432.0 66.0 aquí dejo mis amores

1048.0 898.0 564.0 72.0 y a mi prenda más querida.

1090.0 944.0 421.0 59.0 La despedida les doy

1046.0 992.0 574.0 61.0 a hombres, niños y mujeres,

1050.0 1042.0 476.0 57.0 que me voy a Zaragoza

1052.0 1086.0 481.0 88.0 para vivir con placeres.

440.0 1163.0 974.0 98.0 FIN DE LAS CANCIONES DE LA JOTA

188.0 1283.0 1503.0 154.0 Cantο de un quintο aragonés al despedirse de su patria

489.0 1421.0 914.0 112.0 marchándοse al serviciο militar

236.0 1553.0 606.0 55.0 Adios patria, de tí me despido

186.0 1592.0 625.0 66.0 con agudo y cruel sentimiento;

186.0 1636.0 594.0 57.0 el dejarte me causa tormento

190.0 1680.0 590.0 57.0 que mi alma yo siento llorar.

236.0 1724.0 606.0 63.0 En tí dejo mis bellas pasiones

184.0 1770.0 653.0 65.0 mi contento y mi dulce alegría,

188.0 1820.0 608.0 57.0 me es fatal y terrible este día

190.0 1857.0 647.0 75.0 por tenerme de tí que ausentar.

234.0 1903.0 325.0 68.0 Tu fiel recuerdo

184.0 1949.0 333.0 59.0 me dará aliento

190.0 1995.0 294.0 60.0 y así contento

190.0 2037.0 224.0 64.0 yo partiré.

1087.0 1551.0 375.0 63.0 Mas si la ausencia

1048.0 1601.0 303.0 59.0 me causa pena

1046.0 1645.0 228.0 48.0 esa cadena

1044.0 1684.0 247.0 62.0 yo romperé.

1092.0 1700.0 509.0 87.0 Ya vendrán dias mejores

1044.0 1774.0 489.0 64.0 que el dolor será placer,

1044.0 1824.0 486.0 57.0 cuando te volveré a ver

1041.0 1864.0 511.0 61.0 te hallaré llena de flores.

1090.0 1901.0 528.0 68.0 Pero hoy que la desgracia

1044.0 1952.0 418.0 59.0 nos separa a los dos,

1044.0 1995.0 493.0 57.0 me marcho muy afligido

1046.0 2048.0 480.0 63.0 adios patria mia, adiós.

802.0 2116.0 277.0 90.0 FIN

221.0 2278.0 1470.0 66.0 REUS.—Véndese en la Librería «La Fleca» de Vda. Juan Girau Gené, calle Aleus, 1.

182.0 2328.0 1511.0 60.0 En la misma casa se halla un gran surtido ue romances, sainetes, libritos, historias, co-

179.0 2370.0 1514.0 66.0 medias, aleluyas de redolines, hojas de santos y soldados. Naipes y libritos para fumar.

182.0 2414.0 1509.0 85.0 Papel para escribir, sobres para cartas, plumas, mangos, etc. Todo a precios baratos.
