1753 2480
132.0 74.0 562.0 58.0 Quien bien mira el rio Ebro

88.0 115.0 513.0 64.0 halla al corazón consuelo

88.0 169.0 559.0 62.0 porque ve dentro sus aguas

84.0 214.0 569.0 54.0 claro y puro el mismo cielo.

124.0 258.0 516.0 49.0 Soy vivo y no soy entero

84.0 297.0 505.0 64.0 pues me falta el corazón,

82.0 343.0 527.0 64.0 me lo robó una muchacha

82.0 398.0 523.0 54.0 que ha nacido en Aragón.

126.0 434.0 450.0 55.0 El que quiere cortejar

80.0 479.0 519.0 60.0 y hallar una buena moza

78.0 522.0 558.0 62.0 con mucha sal y sandunga,

76.0 562.0 511.0 68.0 que se vaya a Zaragoza.

119.0 613.0 511.0 56.0 Para cantar bien la jota,

78.0 657.0 639.0 51.0 —lo he dicho más de mil veces—

76.0 702.0 614.0 60.0 que no hay cantores al mundo

76.0 754.0 430.0 45.0 como los aragoneses.

121.0 797.0 366.0 48.0 Aragonesa divina

72.0 837.0 601.0 68.0 tengo una sed que me muero;

72.0 880.0 519.0 56.0 dame un poquito de agua

70.0 927.0 492.0 56.0 mezclada con tu salero.

121.0 977.0 482.0 54.0 Adiós, adiós, Barcelona

70.0 1016.0 484.0 52.0 con todos tus festivales

72.0 1058.0 488.0 55.0 que me voy a Zaragoza

72.0 1111.0 446.0 46.0 a ver los toros reales.

115.0 1153.0 405.0 56.0 Pasé por Andalucía

72.0 1192.0 484.0 62.0 y me llamó la atención,

78.0 1240.0 438.0 53.0 pero más me la llamó

70.0 1285.0 510.0 52.0 todo el Reino de Aragón.

113.0 1326.0 438.0 60.0 Ribereña de mi alma

68.0 1361.0 552.0 65.0 que te vas por agua al rio,

68.0 1413.0 533.0 64.0 si me das un sorbo de ella

70.0 1457.0 475.0 57.0 te daré el corazón mío.

113.0 1510.0 482.0 60.0 Cual llevas el cantarito

66.0 1552.0 392.0 57.0 aragonesa querida,

66.0 1591.0 527.0 60.0 quisiera a mí me llevases

68.0 1636.0 388.0 66.0 y te daría mi vida.

113.0 1688.0 478.0 50.0 Para atravesar el Ebro

68.0 1733.0 461.0 54.0 jamás conocí el temor;

66.0 1779.0 488.0 47.0 el temor que solo siento

66.0 1824.0 560.0 46.0 es que me niegues tu amor.

109.0 1860.0 494.0 53.0 Me gusta mirar la Luna

64.0 1903.0 409.0 62.0 al platear la ribera,

66.0 1953.0 535.0 55.0 pero mucho más me gusta

62.0 1996.0 489.0 52.0 el verte niña hechicera.

109.0 2043.0 533.0 52.0 Que traje llevan tan lindo

62.0 2079.0 535.0 64.0 las muchachas de Aragón;

66.0 2139.0 552.0 47.0 vaya, que las faldas cortas

62.0 2170.0 541.0 105.0 llaman mucho la atención.

983.0 82.0 435.0 56.0 Oye rubia aragonesa

938.0 128.0 506.0 60.0 tu que llevas alpargatas,

936.0 171.0 525.0 60.0 con este andar tan ligero,

934.0 219.0 513.0 51.0 el corazón me arrebatas.

979.0 262.0 569.0 54.0 Quien no ha visto Zaragoza

934.0 303.0 537.0 54.0 no sabe lo que es hermoso

938.0 355.0 585.0 56.0 porque en ella hay un tesoro

940.0 398.0 542.0 60.0 y esta es la calle del Coso.

979.0 440.0 505.0 60.0 Lo que es cosa deliciosa,

934.0 481.0 479.0 68.0 de comodidad y gracia,

934.0 537.0 411.0 45.0 es el hermoso paseo

932.0 572.0 566.0 60.0 llamado de Santa Engracia.

977.0 615.0 498.0 52.0 El mirar la Torre nueva

930.0 655.0 595.0 72.0 causa respeto y no es broma;

930.0 704.0 481.0 56.0 dudan como se sostiene

930.0 754.0 535.0 58.0 ya que tanto se desploma.

973.0 797.0 525.0 52.0 Pasar el puente de piedra

930.0 841.0 566.0 60.0 a muchos la atención llama

930.0 886.0 552.0 52.0 pues desde allí se descubre

930.0 927.0 483.0 58.0 tan hermoso panorama.

973.0 973.0 523.0 64.0 Ricas márgenes del Ebro,

928.0 1018.0 521.0 60.0 fértiles más que ninguna,

928.0 1064.0 438.0 64.0 dais a los aragoneses

928.0 1116.0 479.0 51.0 mucha salud y fortuna.

971.0 1157.0 372.0 52.0 Adorado rio Ebro,

926.0 1194.0 514.0 60.0 me das contento y pesar,

928.0 1248.0 566.0 47.0 que después de ser hermoso

926.0 1287.0 502.0 54.0 al fin se te traga el mar.

967.0 1328.0 595.0 54.0 Como a valientes y honrados

924.0 1366.0 510.0 64.0 no hubo ninguna nación,

924.0 1423.0 527.0 50.0 que jamás pudo igualarse

921.0 1467.0 499.0 49.0 con los hijos de Aragón.

969.0 1504.0 411.0 60.0 El sitio de Zaragoza

921.0 1558.0 588.0 58.0 según nos cuenta la historia,

921.0 1603.0 497.0 56.0 ganaron los nobles hijos

924.0 1649.0 531.0 56.0 con honra, valor y gloria.

971.0 1688.0 583.0 64.0 Valientes y honrados fueron,

921.0 1725.0 474.0 66.0 firmes supieron luchar,

921.0 1779.0 480.0 54.0 les protegió su bravura

921.0 1824.0 439.0 54.0 y la Vírgen del Pilar.

967.0 1860.0 529.0 59.0 Tuvieron Juan de Lanuza

921.0 1907.0 488.0 60.0 bravo y honrado varón,

919.0 1953.0 525.0 57.0 este fué el primer justicia

919.0 1996.0 511.0 62.0 que ha conocido Aragón.

967.0 2043.0 571.0 62.0 Este aragonés fué un mártir

917.0 2087.0 540.0 66.0 que obró con gran lealtad,

917.0 2130.0 395.0 58.0 este caudillo murió

919.0 2178.0 459.0 89.0 por la Santa Libertad.
