1860 2629
107.0 1524.0 1535.0 202.0 Hermosas, nuevas y variadas canciones

291.0 1706.0 1165.0 86.0 De la jota Aragonesa, seguidas de una canción

120.0 1761.0 1500.0 94.0 o despido de su patria, de un quinto aragonés al marcharse al

383.0 1838.0 972.0 92.0 servicio militar. Escrita por J. F. (a) Q.

182.0 1982.0 612.0 83.0 Hay en el mundo una España

142.0 2037.0 496.0 57.0 y en España un Aragón,

142.0 2076.0 505.0 64.0 y en Aragón unas mozas

135.0 2125.0 533.0 57.0 tan hermosas como el Sol.

182.0 2162.0 471.0 68.0 Aragón tiene ciudades,

140.0 2212.0 443.0 59.0 pero la más principal

135.0 2254.0 472.0 61.0 es la heróica Zaragoza

138.0 2298.0 403.0 59.0 la inmortal capital.

182.0 2337.0 533.0 64.0 Zaragoza está en un llano

142.0 2388.0 540.0 74.0 y la torre nueva en medio;

943.0 1989.0 427.0 63.0 y la Vírgen del Pilar

940.0 2033.0 437.0 59.0 a la orillita del Ebro.

987.0 2079.0 491.0 61.0 Hay muchos aragoneses

945.0 2131.0 515.0 53.0 que no les cautiva el mar

943.0 2166.0 568.0 79.0 quien les cautiva es el Ebro

943.0 2212.0 443.0 57.0 y su Vírgen del Pilar.

989.0 2258.0 476.0 57.0 Un día quedé prendado

943.0 2309.0 467.0 57.0 de una noble baronesa,

943.0 2352.0 449.0 60.0 y al instante la olvidé

938.0 2388.0 527.0 72.0 cuando ví una aragonesa.
