1860 2629
394.0 306.0 481.0 64.0 Tambien busca su reposo

350.0 343.0 450.0 60.0 el tigre en las espesuras

357.0 392.0 498.0 61.0 y con ansias muy corduras

348.0 429.0 441.0 68.0 busca los valles el oso,

355.0 479.0 454.0 59.0 tambien busca su reposo

353.0 519.0 408.0 59.0 el mono con libertad

353.0 563.0 427.0 61.0 busca con ansia mortal

355.0 606.0 432.0 60.0 la zorra la madriguera

366.0 655.0 392.0 57.0 y de la propia manera

353.0 687.0 539.0 86.0 busca el borracho el cristal.

390.0 764.0 529.0 92.0 Busca el cuervo muy ufano

350.0 830.0 391.0 59.0 el arbol para dormir,

350.0 863.0 367.0 72.0 la soledad el javali,

357.0 913.0 540.0 70.0 y la hormiga busca el grano

355.0 959.0 452.0 72.0 que recoje en el verano,

1033.0 306.0 443.0 55.0 busca su placer el toro

1035.0 350.0 443.0 57.0 con grandisimo decoro,

1033.0 396.0 440.0 57.0 busca el gato la ceniza:

1039.0 435.0 450.0 60.0 y asi busca á toda prisa

1041.0 481.0 384.0 75.0 el jugador el tesoro.

1081.0 556.0 458.0 77.0 Al queso busca el raton

1039.0 609.0 505.0 65.0 y el pajaro busca el nido,

1050.0 659.0 421.0 55.0 y por el propio motivo

1037.0 690.0 518.0 72.0 busca á el conejo el huron,

1039.0 736.0 459.0 61.0 busca con grande aficion

1037.0 782.0 410.0 68.0 la mosca donde picar

1037.0 821.0 434.0 66.0 la abeja busca el panal

1044.0 876.0 539.0 68.0 y el monte busca el ganado,

1044.0 924.0 436.0 59.0 y asi busca con cuidado

1035.0 957.0 445.0 85.0 el ladron donde robar.

715.0 1047.0 408.0 61.0 Tengo sesenta navios

662.0 1080.0 423.0 74.0 dos millones en dinero

660.0 1137.0 456.0 57.0 diez vapores por el mar

664.0 1174.0 524.0 70.0 y á nadie un cuarto le debo

394.0 1253.0 568.0 79.0 Tengo en Mégico una hermana

344.0 1303.0 487.0 70.0 que hace años que murió,

348.0 1349.0 388.0 66.0 y á mi solo me dejo

342.0 1395.0 491.0 59.0 diez coches y una tartana;

342.0 1443.0 598.0 62.0 tambien tengo yo en la Habana

346.0 1478.0 386.0 64.0 hacienda de regadio,

346.0 1524.0 526.0 70.0 mas de quince mil plantíos

350.0 1570.0 444.0 70.0 y un grandísimo olivar,

350.0 1619.0 468.0 61.0 y en cada puerto de mar

348.0 1667.0 402.0 72.0 tengo sesenta navíos.

366.0 1730.0 592.0 79.0 Tenga en Flandes cuatro tiendas

344.0 1798.0 458.0 51.0 de valor y mucho precio,

342.0 1842.0 557.0 53.0 en Francia tengo un comercio

344.0 1875.0 482.0 68.0 de algodones y de sedas,

346.0 1925.0 419.0 48.0 tengo cajas de moneda

348.0 1969.0 494.0 64.0 que me tocan por derecho

344.0 2015.0 485.0 48.0 una mina de gran precio

346.0 2052.0 428.0 68.0 que la heredé de mi tia,

346.0 2103.0 430.0 59.0 que me c ta cada dia

344.0 2138.0 441.0 92.0 dos millones en dinero.

1083.0 1264.0 384.0 63.0 Tengo una tesorería

1033.0 1310.0 508.0 63.0 de sesenta y seis por ciento

1033.0 1364.0 478.0 57.0 dos mil molinos de viento

1030.0 1397.0 470.0 68.0 tengo en estas cercanías.

1033.0 1448.0 392.0 61.0 Tengo otra tesorerìa

1030.0 1485.0 459.0 57.0 que no se puede contar

1030.0 1535.0 503.0 59.0 tambien tengo en Gibraltar

1030.0 1577.0 424.0 50.0 almacenes de quincalla

1035.0 1614.0 531.0 72.0 y en varias partes de España

1030.0 1669.0 494.0 68.0 diez vapores por el mar.

1076.0 1737.0 496.0 81.0 Doscientas yeguas castañas

1028.0 1789.0 459.0 71.0 tengo en estas cercanías,

1030.0 1842.0 415.0 50.0 dos mil caballos tenia

1030.0 1877.0 522.0 66.0 en los prados de mi hermana

1030.0 1921.0 459.0 57.0 de viñedos y dulce caña

1028.0 1978.0 485.0 57.0 tres cientos jornales tengo

1028.0 2013.0 476.0 61.0 y en el invierno conservo

1026.0 2052.0 540.0 73.0 un puerco de veinte arrobas,

1028.0 2096.0 437.0 70.0 vengo vestido de moda

1028.0 2144.0 500.0 77.0 y á nadie un cuarto debo.

482.0 2193.0 989.0 92.0 Lorca, Imp. y Librería de D. J. B. Campoy.
