1753 2480
219.0 126.0 556.0 64.0 Los hombres mas entendidos

177.0 179.0 418.0 54.0 emperadores y reyes,

183.0 217.0 451.0 72.0 papas cardenales beben,

181.0 270.0 426.0 58.0 estos licores y el vino

179.0 312.0 381.0 84.0 es un regalo divino

857.0 115.0 441.0 62.0 en bebiendo arreglado;

868.0 163.0 467.0 68.0 pero en beber demasiado

864.0 208.0 444.0 60.0 nos pone tan aturdidos

866.0 248.0 481.0 68.0 que perdemos los sentidos

866.0 303.0 521.0 71.0 cuando nos emborrachamos.

541.0 380.0 478.0 68.0 Mi madre me parió á mì

500.0 442.0 515.0 58.0 y yo à mi madre engendrè,

494.0 483.0 434.0 52.0 lo que me hizo le hize

496.0 512.0 477.0 108.0 con que obligacion quedé.

223.0 601.0 430.0 72.0 Sola fue la dicha mia

186.0 655.0 409.0 74.0 y asi debo de esplicar

183.0 706.0 466.0 64.0 no falto en ningun lugar

183.0 748.0 443.0 68.0 ni de noche ni de dia;

194.0 787.0 438.0 76.0 y por la Vírgen Maria

186.0 834.0 419.0 60.0 merced de Dios recibí,

190.0 878.0 465.0 66.0 y en este punto adverti,

188.0 919.0 525.0 64.0 de haber venido á este valle

190.0 961.0 545.0 62.0 despues de hacer á mi madre

188.0 1012.0 492.0 54.0 mi madre me parió á mí.

229.0 1074.0 523.0 83.0 Agua es mi mantenimiento,

186.0 1136.0 442.0 64.0 el sol tengo por comida

186.0 1184.0 471.0 68.0 seis meses tengo de vida

194.0 1219.0 512.0 76.0 y en ellos cobro el sustento

194.0 1262.0 595.0 83.0 pues no falto en ningun tiempo

188.0 1314.0 376.0 60.0 á voces lo esplicaré

192.0 1351.0 446.0 68.0 tambien al mundo diré

190.0 1399.0 405.0 66.0 lo que Dios determinó

190.0 1444.0 448.0 62.0 mi madre á mi me parió

202.0 1488.0 511.0 86.0 y yo á mi madre engendrè.

907.0 607.0 521.0 54.0 En el mundo entero habito

866.0 646.0 483.0 67.0 no tengo alma ni sentido,

868.0 700.0 488.0 62.0 con el pobre nunca vivo,

866.0 735.0 527.0 62.0 con el rico siempre exsisto

882.0 785.0 469.0 64.0 y por voluntad de Cristo

872.0 832.0 446.0 62.0 hacer á mi madre quise,

874.0 878.0 411.0 49.0 ninguno se escandalize

872.0 913.0 477.0 62.0 al ver este gran prodijio

878.0 965.0 498.0 55.0 es mi madre, y yo su hijo,

876.0 1000.0 451.0 74.0 lo que me hizo le hize.

917.0 1068.0 461.0 79.0 Mi madre á mí me parió

878.0 1136.0 455.0 58.0 y ella de mi fue nacida,

886.0 1178.0 395.0 64.0 y por voluntad divina

874.0 1209.0 446.0 64.0 de mi mismo se formó:

868.0 1258.0 419.0 62.0 mi madre de mi nació

876.0 1297.0 480.0 73.0 pues Dios me hizo merced

872.0 1347.0 581.0 74.0 me engendró, yo la engendré,

882.0 1403.0 428.0 56.0 y mi discurso prefiere

878.0 1440.0 416.0 58.0 adivine el que quisiere

876.0 1475.0 506.0 93.0 con que obligacion quedè.

551.0 1550.0 536.0 76.0 Busca el pobre su acomodo

502.0 1614.0 529.0 60.0 busea el borracho el cristal

506.0 1665.0 368.0 54.0 el jugador el tesoro

508.0 1698.0 444.0 77.0 el ladron donde robar,

239.0 1795.0 482.0 69.0 Busca el conejo la cueva

208.0 1841.0 486.0 68.0 y el lobo al manso cordero,

202.0 1888.0 438.0 56.0 busca el iman el acero,

206.0 1928.0 438.0 62.0 y el rastrojo la culebra,

206.0 1969.0 474.0 97.0 busca el caracol la piedra

884.0 1785.0 455.0 72.0 por tener su gusto todo

880.0 1831.0 457.0 62.0 el leon por cierto modo

884.0 1880.0 428.0 60.0 es rey de los animales

888.0 1913.0 461.0 66.0 y asi con ansias mortales

886.0 1955.0 546.0 105.0 busca el pobre su acomodo.
