1860 2629
524.0 1568.0 41.0 92.0 1.°

228.0 1645.0 434.0 90.0 Un pájaro en el balcón

184.0 1702.0 430.0 66.0 con una voz armoniosa,

184.0 1748.0 436.0 70.0 á cantar me quedo aquí

184.0 1794.0 395.0 94.0 ojos de clavel y rosa.

230.0 1870.0 465.0 75.0 Dejad el blando colchón,

184.0 1936.0 509.0 66.0 y mi canto voy á empezar,

186.0 1973.0 441.0 68.0 presta tu fina atención,

184.0 2017.0 526.0 75.0 hay quien te quisiera amar,

184.0 2059.0 441.0 92.0 un pájaro en el balcón.

234.0 2129.0 474.0 85.0 Que te quiera por esposa

188.0 2201.0 496.0 70.0 y que te quiere abrazarte,

184.0 2236.0 401.0 101.0 como eres tan airosa

901.0 1564.0 399.0 59.0 vengo á comunicarte

892.0 1608.0 454.0 59.0 con una voz armoniosa.

934.0 1682.0 445.0 81.0 Si pudiera estar con tí

905.0 1737.0 439.0 66.0 tendria grande alegria,

901.0 1787.0 412.0 57.0 si le quieras dar el si

899.0 1827.0 423.0 63.0 yo no se lo que haria,

899.0 1866.0 467.0 88.0 á cantar me quedo aquí.

947.0 1934.0 423.0 85.0 Me parecia una Diosa

903.0 2011.0 445.0 63.0 un dia que la encontré,

903.0 2059.0 448.0 68.0 como la ví tan hermosa

908.0 2096.0 388.0 66.0 yo nunca la olvidaré

903.0 2138.0 415.0 81.0 ojos de clavel y rosa.
