1860 2629
644 236 652 107 MAZURCA

254.0 348.0 476.0 74.0 1. Paseando por la playa

203.0 398.0 492.0 73.0 encontré á una barquillera

208.0 444.0 390.0 62.0 que parecía una rosa

203.0 486.0 441.0 83.0 cogida en la primavera.

254.0 543.0 434.0 74.0 Yo con amor y ternura

201.0 604.0 349.0 51.0 á su lado me senté

201.0 639.0 452.0 64.0 y con discretas palabras

201.0 692.0 417.0 57.0 yo mi amor le declaré.

491.0 733.0 138.0 90.0 Coro

252.0 810.0 550.0 72.0 Ay, ay, barquillerita por Dios

199.0 858.0 314.0 59.0 ven, si, mi amor,

199.0 915.0 448.0 51.0 y embarcaremos los dos

197.0 944.0 564.0 63.0 si, si, me contestó con agrado

197.0 996.0 618.0 66.0 dueño adorado, tu eres mi amor.

243.0 1038.0 531.0 103.0 2 Recorrimos dicho puento

197.0 1099.0 467.0 81.0 y luego nos embarcamos:

195.0 1150.0 401.0 68.0 ella flotaba los remos

190.0 1198.0 430.0 61.0 con delirio y con afán.

241.0 1246.0 491.0 72.0 Bogábamos los dos juntos

190.0 1307.0 474.0 60.0 con gran placer y alegría

195.0 1349.0 546.0 92.0 y en cuando en cuando decía;

193.0 1397.0 399.0 151.0 sigue, precioso galán.

1057.0 466.0 563.0 64.0 Ay, ay, decía con tierno amor,

1011.0 510.0 625.0 66.0 ay, si, si, de amores muero por tí,

1008.0 556.0 713.0 83.0 ay mi bien no me olvides prenda mía.

1006.0 600.0 551.0 103.0 pues yo te adoro con frenesí.

1050.0 685.0 494.0 77.0 3 Cansada la barquillera

1006.0 738.0 518.0 72.0 se alejó un poco del puerto

1008.0 795.0 496.0 61.0 y se sentó cerca un huerto

1004.0 841.0 581.0 103.0 que se encuentra en la padrera.

1055.0 920.0 535.0 109.0 Yo pronto me fuí á buscarla,

1002.0 990.0 421.0 65.0 y con caricias le decía;

1004.0 1036.0 485.0 63.0 tú serás la prenda mía

1002.0 1084.0 397.0 85.0 y bien de mi corazón.

1289.0 1165.0 136.0 105.0 Coro

1046.0 1264.0 557.0 70.0 Ven, ven, ven, adorada mujer:

995.0 1323.0 639.0 65.0 ven, ven, ven te adoro con frenesí,

997.0 1360.0 654.0 94.0 ven, ven, ven amorosa á mis brazos

993.0 1408.0 516.0 101.0 si no de penas voy á morir.

381 2208 1092 129 Imprenta de José Tous, Plaza de Cort, 14 y 16, Luz, 19.
