1753 2480
49.0 90.0 395.0 73.0 Ese refájo, Colasa,

49.0 140.0 581.0 74.0 remángalo, que me estorba,

49.0 198.0 521.0 60.0 si no me enseñas la corva,

47.0 239.0 533.0 60.0 me pronuncio.... puñaláa.

99.0 285.0 535.0 78.0 Vaya un ángel retrechero,

49.0 336.0 469.0 67.0 ¡que viva la Macarena!

51.0 392.0 546.0 62.0 valen mas que el Trocaero,

47.0 429.0 463.0 75.0 las ligas de mi morena.

88.0 477.0 519.0 78.0 Cruo es tu talle, tu cara,

45.0 527.0 401.0 74.0 y tu castillo é popa;

43.0 574.0 453.0 74.0 pero si te alzas la ropa

43.0 624.0 513.0 76.0 no te enfaes, no digo ná.

45.0 673.0 618.0 79.0 Que al ver, morena, tus ligas,

43.0 733.0 537.0 64.0 el cuerpo se me estremece,

43.0 770.0 492.0 81.0 la lenguecita enmudece;

45.0 830.0 395.0 66.0 y se me vá la toná.

88.0 872.0 383.0 66.0 Bendecio el ataero

39.0 923.0 448.0 69.0 que sujetan tal caena.

47.0 971.0 666.0 66.0 ¡juy! salero!. . . . . .

43.0 1012.0 480.0 70.0 las ligas de mi morena.

88.0 1056.0 587.0 82.0 Por Dios ; serrana por Dios,

43.0 1111.0 467.0 73.0 alza la ropa otro poco,

41.0 1161.0 568.0 64.0 que me estás volviendo loco

43.0 1211.0 459.0 64.0 por instantes, puñalá.

43.0 1260.0 566.0 81.0 Déjame que absorto admire

41.0 1314.0 438.0 54.0 de tu edificio la base:

43.0 1353.0 535.0 73.0 deja que el alma se abrase

43.0 1405.0 482.0 64.0 contemplándote, saláa.

99.0 1444.0 519.0 70.0 Vaya una curra, ¡ salero!

45.0 1502.0 519.0 70.0 ¡que viva la gente guena!

45.0 1554.0 637.0 80.0 valen mas que el mundo entero

39.0 1601.0 469.0 60.0 las ligas de mi morena.

93.0 1636.0 510.0 87.0 Vaya unos ojos ladrones,

39.0 1709.0 457.0 47.0 temerarios y atrevios;

41.0 1744.0 529.0 70.0 ¿porque me miran reñios,

41.0 1793.0 444.0 81.0 si no les hice porque?

45.0 1843.0 498.0 68.0 Vaya unas cejas reondas

43.0 1903.0 612.0 58.0 y unas pestañas.... ¡ salero !....

43.0 1946.0 537.0 60.0 vaya un mirar retrechero,

43.0 1994.0 542.0 99.0 vaya una jembra gachona!

857.0 99.0 552.0 68.0 Que soy capaz si me muero

810.0 150.0 434.0 69.0 de placer en la faena,

812.0 194.0 587.0 70.0 de llevarme.... ¡ole, salero!

810.0 252.0 467.0 66.0 las ligas de mi morena.

862.0 289.0 477.0 72.0 Tan dura de condicion

812.0 341.0 488.0 66.0 es la negra de mis ojos,

812.0 394.0 649.0 64.0 que hasta verme hecho despojos

808.0 444.0 492.0 56.0 no se ha de compadecer.

808.0 481.0 570.0 79.0 Por mas que le digo: reina,

812.0 541.0 539.0 60.0 ¿hasta cuando ha de durar

810.0 591.0 372.0 60.0 ese modo de jugar

808.0 630.0 539.0 74.0 que tienes mi mala gueña?

806.0 727.0 533.0 70.0 hermosa, blanca azucena,

855.0 679.0 503.0 67.0 ¡Colasilla !.... Resalero !

806.0 783.0 616.0 70.0 no te enfaes.... porque quiero

806.0 834.0 477.0 62.0 las ligas de mi morena.

855.0 882.0 472.0 60.0 Si llego á lograr un dia

804.0 915.0 496.0 77.0 á cogerte por mi banda,

804.0 971.0 570.0 74.0 ¡ puñaláa !.... y que zaranda

808.0 1029.0 564.0 56.0 se va á armar entre los dos.

808.0 1066.0 597.0 62.0 Del primer golpe.... naita....

806.0 1118.0 589.0 72.0 hasta los mismos banquillos,

812.0 1167.0 502.0 68.0 van á parecer cbiquillos,

810.0 1206.0 579.0 81.0 llorando.... ¡ várgame Dios!

855.0 1262.0 517.0 77.0 Por que soy capaz de dar

806.0 1324.0 519.0 58.0 como te muestras serena,

808.0 1357.0 639.0 75.0 mas guerra que me están dando

808.0 1417.0 467.0 68.0 las ligas de mi morena.

857.0 1446.0 604.0 77.0 Vamos, gachona, que quiero

804.0 1506.0 473.0 75.0 verte pronto preparáa,

808.0 1556.0 370.0 68.0 y ese liga coloráa,

806.0 1599.0 494.0 66.0 hacerla dos mil pedazos.

806.0 1649.0 471.0 68.0 Levanta toa esa tienda

806.0 1707.0 541.0 62.0 de ropa hasta la cintura....

812.0 1750.0 581.0 70.0 ¡ várgame Dios!.... criatura,

814.0 1810.0 568.0 58.0 ya te tengo entre mis brazos.

862.0 1849.0 535.0 64.0 Y pronto en el fondeadero

808.0 1903.0 409.0 58.0 echaremos la caena,

812.0 1953.0 442.0 57.0 y diré: vivan, salero,

812.0 1994.0 465.0 85.0 las ligas de mi morena.

750.0 2163.0 147.0 137.0 FIN.
