1860 2629
603.0 1305.0 557.0 123.0 LAS LIGAS

401.0 1404.0 980.0 162.0 DE MI MORENA.

179.0 1594.0 1419.0 103.0 Nueva cancion que tanto aplauso ha merecido

261.0 1667.0 1248.0 105.0 de los señores aficionados. La cual va aña-

443.0 1743.0 886.0 117.0 dida con la nueva y graciosa

642.0 1831.0 520.0 81.0 cancion titulada:

368.0 1932.0 1020.0 133.0 LA FLOR DE LA CANELA.

155.0 2068.0 410.0 72.0 No te pueo yo ecir,

107.0 2114.0 498.0 74.0 Colasa ; lo que me gusta

107.0 2175.0 518.0 72.0 sobre una pierna robusta

109.0 2221.0 342.0 57.0 una liga coloráa.

109.0 2260.0 430.0 73.0 Levanta los faralaes,

118.0 2317.0 430.0 68.0 y luzca la pantorrilla,

111.0 2366.0 448.0 59.0 que vale mas Colasilla

114.0 2420.0 403.0 68.0 que toitica una torá.

927.0 2074.0 628.0 77.0 Vaya un ángel retrechero ¡juy!

877.0 2125.0 605.0 83.0 me tienen como alma en pena,

883.0 2184.0 538.0 68.0 ¡salero! . . . . . .

877.0 2219.0 476.0 70.0 las ligas de mi morena.

919.0 2269.0 497.0 62.0 Cuando te veo las ligas,

875.0 2320.0 520.0 65.0 se me blandean las patas,

881.0 2363.0 549.0 66.0 y me quiero echar á gatas,

883.0 2418.0 496.0 86.0 por ver algo mas arriba.
