1753 2480
168.0 135.0 497.0 49.0 Al huir la ilusion de mi sueño

139.0 183.0 541.0 63.0 Triste y solo me vide en el lecho

141.0 234.0 461.0 63.0 Y latente quedóse mi pecho

137.0 292.0 462.0 51.0 Al perder tan divina vision.

172.0 344.0 603.0 62.0 Te llamé y fueron vanas mis voces...

137.0 403.0 600.0 65.0 Por las sombras tu imágen vagaba...

136.0 458.0 576.0 60.0 Mas dispierto por fin, contemplaba

139.0 515.0 456.0 70.0 Que era todo fugaz ilusion.

172.0 742.0 619.0 57.0 Hoy me postro á tus plantas, Imelda,

137.0 789.0 535.0 66.0 De ternura y amor llena el alma

136.0 844.0 471.0 59.0 A gozar de la plácida calma

136.0 899.0 515.0 50.0 Contemplando tu rostro gentil.

173.0 952.0 554.0 55.0 Y anegado en un mar de delicias,

137.0 997.0 492.0 69.0 Adorando tu imágen querida,

137.0 1056.0 490.0 57.0 Tu mirar me dará nueva vida

136.0 1109.0 561.0 57.0 Cual el aura á las flores de abril.

168.0 1324.0 658.0 68.0 Cuando escucho, al nacer bella aurora,

137.0 1379.0 518.0 69.0 Los gorjeos de las tiernas aves,

136.0 1443.0 540.0 51.0 Los murmullos del céfiro suaves

137.0 1494.0 472.0 61.0 Que convidan á dulce solaz,

169.0 1552.0 547.0 51.0 Y el balsámico olor de las flores,

140.0 1607.0 595.0 64.0 Y el encanto que inspiran, brillantes

139.0 1667.0 583.0 64.0 Las estrellas cual tersos diamantes,

140.0 1726.0 553.0 74.0 Todo es triste pensando en tu faz.

169.0 1941.0 561.0 59.0 Cuando asoman del alba las luces

139.0 1999.0 552.0 55.0 Anunciando la hermosa mañana,

141.0 2055.0 450.0 48.0 Y su imágen refleja Diana

137.0 2103.0 556.0 62.0 De una fuente en el claro cristal,

890.0 126.0 525.0 58.0 Que rizando sus ondas de plata

857.0 173.0 563.0 68.0 Besa el pié de la verde enramada,

858.0 230.0 522.0 63.0 A su arrullo, mi alma estasiada

864.0 293.0 467.0 67.0 Ver presume tu faz celestial.

890.0 511.0 580.0 73.0 Cuando escucho tu voz melodiosa,

854.0 566.0 486.0 63.0 De la bella Sirena envidiada,

855.0 622.0 503.0 62.0 A sus ecos, mi alma estasiada

855.0 680.0 539.0 64.0 Cree un himno divino escuchar;

897.0 731.0 519.0 58.0 Y atraido á tus tiernos acentos

861.0 786.0 583.0 66.0 Voy buscando tu amor, dueño mio ,

857.0 843.0 566.0 59.0 Cual la fuente buscando vá el rio;

855.0 895.0 525.0 68.0 Cual el rio buscando vá el mar.

888.0 1109.0 527.0 56.0 Declararte mi amor, intentaron

854.0 1161.0 568.0 65.0 Balbucientes, mil veces mis labios,

859.0 1216.0 552.0 65.0 Y temiendo incitar en tí agravios

855.0 1273.0 501.0 56.0 Otras tantas mis labios cerré.

890.0 1322.0 572.0 68.0 Hoy, que llega el amor á su colmo,

862.0 1379.0 586.0 69.0 Vengo, osado, á decir que te adoro,

857.0 1445.0 573.0 49.0 Aunque es solo mi amor, el tesoro

857.0 1494.0 543.0 84.0 Que en primicias rendirte podré.

1466.0 44.0 83.0 110.0 177

887.0 1720.0 528.0 57.0 Culpa solo al amor, dueño mio,

851.0 1774.0 532.0 65.0 Si á turbar he venido tu sueño;

858.0 1831.0 442.0 59.0 Te suplico depares el ceño

854.0 1884.0 514.0 60.0 Que atrevido, tal vez disperté;

888.0 1939.0 574.0 61.0 Mas si oyeres, por dicha, benigna,

857.0 1993.0 573.0 59.0 La espresion de mi triste querella,

855.0 2050.0 558.0 52.0 Bendiciendo mil veces mi estrella

851.0 2099.0 361.0 62.0 A tu lado feliz viviré.

1272.0 2167.0 170.0 59.0 A. Faura.
