2480 3506
415.0 1601.0 1553.0 225.0 PARTO SINGULAR,

315.0 1788.0 1553.0 216.0 Ó SEA TRÁGICA RELACION DE DOS NIÑAS MEDI-UNIDAS

772.0 1969.0 663.0 146.0 QUE ACABA DE DAR A LUZ

242.0 2086.0 1717.0 154.0 UNA INFELIZ MUJER EN LA CIUDAD DE BARCELONA,

236.0 2240.0 1726.0 103.0 La cual despues de sufrir por siete dias consecutivos los terribles dolores de un parto desgraciado,

283.0 2302.0 1682.0 76.0 espiró, sin dar á luz el fenómeno que causó su muerte. Estos cuerpos humanos despues de em¬

283.0 2349.0 1682.0 81.0 balsamados, se han colocado en el museo de Anatomía del Hospital General de la misma clu¬

280.0 2398.0 1322.0 76.0 dad. Esplicase tambien aquí, el trágico fin que tuvo su esposo desesperado.

286.0 2512.0 392.0 76.0 Durante diez años

239.0 2579.0 439.0 76.0 Dos fieles esposos,

236.0 2632.0 442.0 82.0 Alzaban sus votos

236.0 2690.0 442.0 76.0 Sus ruegos á Dios;

289.0 2746.0 389.0 82.0 Pedian de veras

236.0 2804.0 448.0 82.0 Les diese un hijito,

236.0 2869.0 483.0 84.0 Les diese un chiquito

242.0 2933.0 372.0 76.0 Objeto de amor.

295.0 2994.0 330.0 64.0 Eran cristianos

242.0 3050.0 331.0 70.0 Eran virtuosos;

242.0 3096.0 421.0 82.0 Eran muy devotos

242.0 3170.0 468.0 73.0 Hablando en verdad;

292.0 3210.0 342.0 76.0 Hacían limosnas

239.0 3263.0 492.0 88.0 Al pobre amparaban,

245.0 3333.0 497.0 88.0 Y á Dios demandaban

248.0 3386.0 360.0 114.0 Un hijo abrazar.

1216.0 2495.0 401.0 84.0 Por fin el Eterno

1161.0 2553.0 424.0 94.0 Oyendo su queja,

1178.0 2626.0 310.0 67.0 La naturaleza

1175.0 2679.0 369.0 84.0 Puso en accion;

1234.0 2737.0 415.0 79.0 Sintióse al instante

1184.0 2793.0 494.0 90.0 La esposa, embarazada,

1178.0 2851.0 357.0 79.0 Y fué puñalada

1184.0 2915.0 330.0 82.0 En su corazon.

1240.0 2968.0 596.0 85.0 Dos esposos muy honrados

1190.0 3044.0 468.0 73.0 En Barcelona vivían,

1196.0 3085.0 424.0 93.0 Y felices se tenian

1196.0 3164.0 532.0 76.0 En su trabajo ocupados:

1242.0 3210.0 512.0 85.0 Diez años de su union

1193.0 3254.0 555.0 91.0 Contaban sin, tener hijos,

1199.0 3327.0 608.0 97.0 Y á Dios rogaban continuos

1196.0 3383.0 397.0 120.0 Les diese sucesion.
