1704 2377
756 166 163 62 — 13 —

231 231 1185 58 diciendo que sintiéndose mala durante la pasada noche, salió á la

233 273 1184 53 ventana para respirar el aire libre, y que de pronto oyó que una

232 311 1182 57 persona se quejaba; y como habia tempestad, pudo despues de un

232 351 1182 51 rato ver á la luz de un relámpago que dos bultos como de hombre

237 392 1175 55 huian, mientras que otro, revolviéndose entre el fango de la calle,

232 430 1178 61 pedia auxilio, todo lo cual fué suficiente para llenarla de terror, y

243 475 1169 55 que despues de esto no recordaba más sino que habia snetido un

240 512 465 58 agudo dolor en las sienes.

303 551 1110 59 Satisfizo la explicacion, y entonces la noticiaron cómo el muer-

240 594 1172 50 to era un oficial de la guardia que habia sido encontrado tendido

243 636 1167 50 en mitad de la calle con la cabeza abierta en dos ó tres pedazos.

244 673 1166 61 Era este oficial muy querido de Carlo-Magno, por lo cual éste pro-

244 723 1169 50 metió castigar cruelmente al matador, si es que llegaba á descu-

243 757 1171 56 brirse quién habia sido. Tembló la reina al oir esto; pero se tran-

243 798 1171 60 quilizó pensando que era imposible que pudiese averiguarse la ver-

244 839 1172 57 dad, y aun cuando se averiguase, no era de creer que la cólera del

243 884 849 54 rey descargase sobre la cabeza de su fiel esposa.

262 920 1151 58 Tan pronto como Hildegarda se restableció de su indisposicion,

244 962 1170 56 corrió á ver á Zafira para entregarla el funesto anillo, y como Zafi-

244 1007 1173 52 ra sabia todo cuanto habia pasado, reconstruyó con la imaginacion

245 1041 1169 60 la verdad del caso. Hildegarda, al devolverle el anillo, no dijo

248 1086 1166 56 nada respecto á sus resultados, por lo cual Zafira le preguntó si

243 1123 1171 58 habia hecho uso del talisman. Calló Hildegarda, y al cabo de rato

245 1166 1168 63 dijo que sí lo habia experimentado, pero que no le habia dado re-

245 1213 321 46 sultado ninguno.

286 1242 1127 61 —¿Cómo no? exclamó Zafira; pues y la muerte del oficial de la

243 1294 1101 45 guardia, ¿quién sino vos con ayuda del anillo la ha producido?

305 1329 1107 54 Aterrada la reina, negó ser verdad, y entonces Zafira refirió

245 1368 1163 56 punto por punto lo que segun su imaginacion habia tenido lugar, y

247 1410 1163 50 que, como sabemos, era totalmente cierto. Suplicó Hildegarda que

245 1448 1167 50 no la descubriese, y Zafira se lo prometió de muy buena gana, di-

244 1489 1168 58 ciéndole que si hubiese hecho caso de sus advertencias no hubiera

244 1529 487 53 ocurrido aquella desgracia.

305 1563 1100 61 Con esto, la amistad de Hildegarda y Zafira creció más y más,

244 1608 1168 58 en términos que más parecian hermanas que rivales, de todo lo cual

245 1650 1164 57 se alegraba mucho Carlo-Magno, pues solo deseaba que sus amores

244 1694 1164 53 ocultos con la bella Zafira no despertasen los justos celos de la reina.

306 1728 1103 58 La gran melancolía de Zafira se iba tambien disipando poco á

248 1768 1158 60 poco en razon á que verdaderamente Hildegarda era su esclava,

245 1809 1165 59 merced al anillo que le habia prestado y á saber que habia sido

245 1846 1161 66 ella la que sin pensarlo habia matado al bravo oficial de la guardia,

244 1893 1165 62 cuya muerte deseaba vengar tan cruelmente el valeroso Carlo-

247 1929 143 55 Magno.

298 1970 1112 62 De esto modo, Hildegarda quedaba á merced de Zafira, pues

247 2012 1161 59 bastaba una sola palabra de esta para que la reina, aun cuando sin

244 2052 1161 72 culpa, se viese acusada y deshonrada á los ojos del Emperador y
