1680 2385
824 178 145 60 — 14 —

293 249 1192 50 de toda la córte, pues muy difícil habia de ser á Hildegarda el jus-

294 283 1191 56 tificarse y mucho más el explicar cómo habia sido la presencia en

295 320 1190 54 su cámara del oficial  difunto. Por todas estas razones, Zafira, que

295 361 1188 56 no era mala ni tenia pensamiento de hacer mal uso de su descu-

293 402 1190 60 brimiento, estaba satisfecha y contenta, pues su aspiracion princi-

295 443 1187 60 pal consistia en poder disfrutar tranquilamente de su amor sin que

294 484 1042 57 nadie pudiese amargarle su dicha.

354 526 1125 59 El Emperador cada dia estaba más enamorado de la romana, y

293 567 1186 53 se comprende bien, porque Zafira tenia unos ojos tan dulces, un

294 610 1185 49 encanto tan irresistible en su cabeza y una belleza tan extraordi-

294 649 1184 51 naria, que no parecia sino que el génio de los amores flotaba cons-

293 691 1185 52 tantemente á su alrededor derramando sobre ella á manos llenas

294 735 1184 50 gracias y seducciones infinitas. Por su parte, era Carlo-Magno un

291 773 1186 53 tipo de belleza varonil perfecta. Sus negros y rasgados ojos fasci-

291 810 1187 59 naban y parecia destacarse de su cabeza una aureola de gloria y

294 851 427 56 de valor inmarcesibles.

354 889 1125 55 Por el contrario, Hildegarda, que tenia mucha más edad que

291 931 1187 54 Zafira y que habia dado al rey de los galos robustos é ilustres vás-

294 972 1184 54 tagos, empezaba á ver marchitarse su antigua belleza, y de dia en

291 1013 1186 50 dia perdia mayores encantos. El suceso del oficial le habia produ-

291 1060 1187 49 cido mucho terror, y esto unido á otras causas, amenguó mucho

293 1093 1054 57 su vigor, en términos que se la veia envejecer rápidamente.

354 1136 1123 51 Todo esto, unido á la gran belleza de Zafira, hacia que Carlo-

294 1176 1180 54 Magno estuviese cada dia más enamorado de la hermosa romana,

294 1217 1184 56 y como no se cuidaba gran cosa en ocultarlo, empezó Hildegarda

293 1257 1184 54 á sospechar las infidelidades de su esposo y á encelarse, y á sufrir

295 1299 1180 53 y llorar amargamente con el temor de que fuese Zafira la que le

291 1336 1184 55 robaba el amor del Emperador, que seguia ignorando la verdadera

291 1381 1182 53 causa de la muerte del más bravo, aguerrido y estimado oficial de

287 1420 223 78 su guardia.

716 1609 338 52 CAPÍTULO V.

291 1692 1178 58 En el que se refieren las tribulaciones de Hildegarda, la ambicion de Gaulo

656 1733 416 58 y la desgracia de Zafira.

347 1855 1123 62 Bien comprendia Hildegarda que su esposo Carlo-Magno iba

291 1909 1179 48 estando con ella cada dia más indiferente y frio, y por esto pasaba

291 1947 1178 49 ratos muy amargos pensando si consistiria esta indiferencia en que

289 1986 1178 54 Zafira le hubiese revelado la historia del fallecimiento del bravo

287 2023 1180 59 oficial de la guardia; así es que no se atrevia á preguntarle á su

291 2068 737 61 esposo la causa verdadera de sus desvíos.
