1710 2400
770 138 134 74 — 5 —

214 216 1212 58 Este anillo—continuó diciendo—se formó de oro puro, y el gran

230 262 1187 52 papa Adriano, con celeste y santa inspiracion le bendijo, y de ahí ar-

229 306 1186 47 rancan todas sus virtudes, de las cuales jamás podrá vencer el de-

226 346 1195 50 monio, por muchas y grandes que sean las sujestiones que haga

226 378 272 62 para lograrlo.

282 414 1138 60 Despues de la batalla de Cannas, fué á poder de Aníbal, quien

225 462 1195 56 lo recibió envuelto entre infinidad de joyas que formaban el botin de

229 509 1190 49 guerra, y de todos los anillos que le presentaron en una bandeja

225 550 1190 50 sólo quiso conservar el de Cleopatra, y desde entonces empezó á

226 584 1183 57 prosperar en la guerra y en sus conquistas; pero un dia lo perdió

232 633 1179 48 y se eclipsó su estrella, sus soldados le vendieron y sus armas fue-

225 664 511 56 ron humilladas y vencidas.

285 702 1126 56 Zafira entró en deseos de adquirir el preciado anillo y conveni-

225 749 1184 53 da en el precio, que consistió en dejar á la hechicera por dueña y

226 786 1179 54 señora de su casa y bienes de Roma, dijo la vieja entregándoselo:

257 829 1155 51 —Tomad este anillo, talisman de gloria y fama, que en vuestras

225 872 1180 53 manos está llamado á ser rico tesoro de esperanzas y de amor.

224 909 1184 52 Con él sereis dichosa, bella, adorada, poderosa y grande; vereis

224 953 1187 49 satisfechos todos vuestros afanos y nadie podrá abatiros, y como os

224 993 1185 48 llamais Zafira, y dá la casualidad que la piedra engastada en el

224 1032 1185 54 anillo es un precioso zafír, á todas las anteriores ventajas se agrega

222 1076 1186 48 el de que vuestro recuerdo os sobreviva, por cuya razon debeis

225 1118 1183 47 guardarlo, y cuando la muerte llame á vuestras puertas, debeis co-

226 1158 1179 44 locaros el anillo en la boca y disponer que con él os entierren y

222 1192 1186 54 de este modo el gran Emperador Carlo os amará tambien despues

225 1230 209 50 de muerta.

282 1266 1123 55 Satisfecha con estas explicaciones, Zafira tomó el anillo, le con-

222 1313 1183 55 templó con amoroso éxtasis y lo besó con arrobamiento, notando

224 1357 1181 47 entonces con placer que no se empañaba con el aliento. Púsolo en

222 1397 1183 48 sus dedos, y soñando dichas y venturas, se despidió de la profetisa

224 1434 1180 52 ratificándose en su palabra de cederle todas sus rentas y bienes á

221 1473 511 73 cambio de la preciada joya.

652 1628 335 92 CAPÍTULO II.

221 1745 1178 64 Como Carlo-Magno en una cacería fué sorprendido por un búfalo, siendo

221 1789 1180 55 librado por Zafira de una muerte cierta, en premio de lo cual fué admitida en

605 1826 404 54 la córte del Emperador.

276 1948 1125 68 Muy bella era Zafira antes de poseer el anillo, puesto que sin él

216 1992 1183 60 habia alcanzado el amor del poderoso rey de los galos, pero mucho

216 2033 1183 73 más lo estuvo despues, pues no parecía sino que la preciada joya tenia
