1719 2346
639 49 147 70 — 9 —

555 246 325 85 CAPÍTULO III.

118 349 1187 58 Cómo Hildegarda pidió prestado á Zafira el anillo, y cómo ésta le dió otro, y la

262 400 897 50 extraña y terrible aventura que la ocurrió con él á la reina.

177 550 1128 24 Como si hubieran sido amigas de toda la vida Hildegarda y Za-

119 564 1186 56 fira se profesaban un gran cariño; pues la reina, en gratitud de que

121 608 1184 52 la romana habia salvado á su esposo de un peligro de muerte, pro-

119 649 1186 52 curaba demostrar su agrado, y Zafira, por el temor de que sus amo-

118 685 1187 56 res con Carlo-Magno fuesen descubiertos, hacia todo lo posible por

118 727 1186 56 conquistarse el aprecio de su rival. Así pasaron mucho tiempo sin

117 768 1184 53 que la menor sombra de discordia turbase la paz de sus corazones.

177 811 1127 53 El Emperador procuraba tambien por su parte no dar ocasion

118 849 1186 58 para que los celos de Hildegarda se despertasen, y organizaba muy

117 891 1187 48 á menudo grandes cacerías, que no eran otra cosa que pretextos

117 929 1185 57 para estar á solas con su adorada Zafira. Muchas veces, en lo más

118 969 1184 55 profundo de las selvas ó entre rocas y breñas inaccesibles, se veian

119 1012 1185 63 los dos amantes y eran felices entregándose á su amor en medio

116 1055 802 48 de las maravillosas grandezas de la creacion.

176 1088 1126 57 A pesar de esto, Zafira no estaba completamente satisfecha. Sa-

116 1133 1188 55 bia muy bien que Hildegarda tenia un derecho más legítimo que el

116 1175 1183 55 suyo á poseer el amor del rey de los galos, y esto la entristecia,

117 1217 1185 55 pues hubiera querido que su amor por Carlo-Magno pudiese ser

116 1256 1185 62 proclamado á la luz del sol, á la faz del mundo, sin necesidad de

117 1298 592 49 ocultarlo á las miradas de todos.

173 1332 1129 62 En vano Carlo-Magno pretendia disipar sus tristezas, y Zafira

112 1378 1187 62 se consumía en una pena lenta que poco á poco se iba apoderando

114 1420 1074 48 de su corazon, hasta el extremo que enfermó de melancolía.

159 1457 1137 57 Mucho afligió á Hildegarda la enfermedad de su buena amiga,

116 1500 1184 56 y mandó que los mejores médicos y astrólogos la visitasen y no se

112 1540 1187 56 separaba de su cabecera; pero como la enfermedad de Zafira no

113 1580 1187 56 era del cuerpo, sino del alma, se esforzaba por sanarla, pues nada

114 1621 1186 74 podia aliviarla mejor que la vista de Carlo-Magno, á quien tan

114 1673 362 46 tiernamente amaba.

173 1696 1128 60 Además del anillo de la hechicera, tenia Zafira otro con una

113 1751 1192 50 piedra envenenada, de modo que la menor herida ó rasguño que se

113 1782 1184 55 produjese con él producia la muerte. Este anillo lo habia heredado

114 1825 1182 51 Zafira de un tio suyo, napolitano, famoso nigromante, que se lo ha-

114 1866 1183 55 bia dado por si alguna vez se veia en trances peligrosos, y recor-

113 1906 1184 56 dando ella su funesto poder, le entraban de vez en cuando ardien-

112 1945 1183 73 tísimos deseos de envenenar á Hildegarda y ocupar despues su

1103 2001 25 73 2
