1679 2367
815 99 150 53 — 8 —

293 147 1180 58 vea mi dulce esposa Hildegarda. La reina al escuchar esta relacion

293 197 1180 56 se conmovió mucho, y preguntó afanosa por el estado de su espo-

294 236 350 50 so, y Gaulo añade:

288 273 1184 57 —Ningun peligro amenaza al presente los dias del Emperador;

286 323 1187 47 su herida es leve, y todas las consecuencias han quedado reducidas

289 361 1183 44 á una ligera cojera, mientras el búfalo queda muerto; pronto ten-

288 397 1184 50 dreis la satisfaccion de abrazar á Carlo-Magno, y adornar el vestí-

289 439 1183 50 bulo de vuestro palacio con la arrogante y fiera cabeza del móns-

293 477 1132 55 truo, cuyas agudas y duras astas pueden serviros de perchas.

293 524 1180 49 Segun estaba el clérigo diciendo esto, apareció en la puerta de

288 561 1184 53 la sala el Emperador, que iba cojeando y se apoyaba en el hombro

289 600 1182 53 de Meginfrel, su primer chambelan, y detrás venian los paladines,

290 639 1182 56 maltrechos y sudorosos, con las ropas maltratadas. Carlo-Magno,

288 687 1184 49 sonriendo al ver sus trazas descompuestas, se los mostró á Hilde-

292 719 438 56 garda diciendo:

328 761 1144 50 —¡Hombres de oro! Con sus trajes de ceremonia y sus galona-

286 803 1185 53 dos agremanes parecen figuritas de un retablo. ¿Cuánto mejor no

292 842 1180 52 es ir vestido como yo, con telas frescas y humildes? El hombre que

288 886 1183 47 ha de dejar á la posteridad nombre y fama duraderos, solo debe

289 923 753 48 cubrir su cuerpo con lino, hierro y lana.

343 966 1126 53 Entre tanto, una graciosa, jóven y bella mujer, en actitud con-

285 1003 1188 52 templativa, se hallaba apoyada en el dintel del salon; detrás de ella

285 1048 1186 48 dos esclavos persas; llevan sobre una tabla la horrenda cabeza del

286 1083 1182 55 búfalo, coronada de astas. Hildegarda al ver estos despojos, recor-

285 1124 1184 52 dando el peligro en que se habia visto su esposo, dió un grito de

286 1165 1182 55 horror. El Emperador, entonces, mostrando á Zafira, que no era

290 1204 993 54 otra la hermosa jóven que en el dintel se hallaba, dijo:

336 1251 1132 48 —¿Y qué merece la beldad que con tanto arrojo me ha librado

286 1286 1039 53 del peligro de acabar mis dias entre las garras de la fiera?

286 1328 1170 50 Subyugada Hildegarda por el heroismo de Zafira, exclamó:

302 1368 1167 50 —Merece mi agradecimiento y mi amistad. Y precipitándose al

285 1407 1183 56 cuello de la romana la cubrió de besos y abrazos. Mucho regocijó

288 1449 1183 54 al Emperador esta noble conducta de su esposa, y desde aquel dia

284 1487 1184 55 Zafira residió con ellos en el palacio, en premio á su arrojo y he-

285 1529 1186 56 roismo, por haber librado al ilustre Carlo-Magno de una muerte

285 1572 144 54 segura.

346 1614 1123 56 Como se vé, el anillo mágico empezaba á producir sus efectos

284 1647 263 61 maravillosos
