1680 2355
257 320 1014 118 EL ANILLO DE ZAFIRA.

535 626 467 72 CAPÍTULO PRIMERO.

179 702 1184 76 En que se refieren los amores de Carlo Magno y Zafira, como esta fué á

180 761 1187 60 visitar á una maga para que la dijese si podia estar segura de los amores

642 794 267 49 de Cárlo-Magno.

240 935 1131 39 En el año de 780, despues del famoso y general bautismo de

181 968 1190 55 los sajones, el ilustre Carlo-Magno, quiso ver el Tiber y el suelo

184 1008 1188 56 feliz de Italia; pero aquel noble Emperador, siempre invicto en la

183 1055 1190 50 guerra, quedó en Roma prisionero entre los brazos de una hermosa

181 1088 1192 58 jóven llamada Zafira, demostrándose de este modo, que el amor

181 1130 1191 54 rinde á los más esforzados capitanes y vence á los más valerosos

185 1169 1188 56 caudillos. La hermosa romana era célebre no solo por su peregri-

185 1208 1191 57 na belleza, sino tambien porque habia estudiado las ciencias ocul-

187 1252 944 53 tas, los secretos de la mágia y las artes maravillosas.

247 1287 1129 59 Por esta causa, los soldados de Carlo-Magno decian que habia

187 1331 1177 55 alcanzado el amor del Emperador merced á sus hechicerías y

189 1372 1182 54 encantados filtros que le habia dado; pero de todos modos,

188 1410 1188 59 bueno es advertir, que Zafira, por su extraordinaria hermosura

196 1449 1177 63 y sus infinitas gracias, podia inspirar amor desde el más humilde

191 1491 1184 59 al más elevado, pues no hay mayor encanto ni hechizo para ello

192 1530 1189 60 que poseer un hermoso rostro, una gran discrecion y un carácter

192 1570 1185 68 dulce y apacible, cualidades todas que Zafira reunia en grado su-

193 1615 182 57 perlativo.

251 1638 1125 70 Carlo-Magno estaba loco de amor por la hermosa italiana has-

192 1689 1184 62 ta el punto que de buena gana se hubiera quedado á residir allí;

193 1729 1182 63 pero sus deberes de conquistador y jefe de un pueblo grande y po-

196 1770 1183 59 deroso le impedían consagrarse á sí propio y determinó dirigirse

196 1810 1181 66 al Bravante, llevándose á la beldad que tanto le habia impre-

196 1857 159 61 sionado.

259 1873 1123 77 Ignorante de esta resolucion, Zafira que vió los preparativos de

198 1927 1179 69 marcha, preguntó á un soldado lo que todo aquello significaba y

198 1969 1179 65 entonces fué cuando supo que su adorado amante Carlo-Magno ha-

198 2008 1178 76 bia dado la órden de marchar al dia siguiente hácia el Bravante.
