1736 2406
742 78 170 66 — 15 —

271 160 1150 40 Y no era ciertamente que Zafira hubiese dicho nada al rey de

232 183 1189 60 los galos respecto á la muerte del militar la causa de sus desvíos

232 227 1189 57 con Hildgarda, sino que Carlo-Magno cada dia estaba más domina-

232 265 1187 59 do por la belleza, juventud y gracia de la hermosa romana, en tér-

234 307 1189 57 minos que para él no habia en la tierra mujer más hermosa que

234 350 1185 57 Zafira, ni perfume más grato que el aliento que de su boca exha-

232 388 1188 61 laba, ni briilo más intenso que el que despedian sus ojos. La reina,

232 435 1188 47 que siempre habia considerado á Zafira como una fiel amiga suya,

232 473 1188 56 que hasta entonces habia tenido, como se suele decir, una venda

231 513 1188 56 en los ojos que la impedia ver los amores de su esposo y de la be-

231 550 1185 62 lla italiana, empezó á desconfiar y á ver claro y, en suma, á com-

234 593 667 58 prender la verdad de lo que ocurria.

270 633 1145 58 Entretanto su antiguo confidente Gaulo no hacia más que im-

230 673 1186 58 portunar á Hildegarda reclamándole todos los dias el cumplimiento

230 717 1183 51 de su promesa, como justo premio al gran servicio que le prestó

228 755 1184 56 cuando fué á enterarse de lo que ocurria en la cacería del Empe-

232 797 1179 50 rador el dia que éste estuvo á punto de perecer en las garras de un

230 836 1182 56 fiero búfalo. La reina, que empezaba á sentir de nuevo el aguijon

232 879 1179 55 de los celos, comprendió que no le convenia satisfacer desde luego

231 916 1177 59 los vehementes deseos de Gaulo, y así, para tenerle más seguro,

230 961 1181 56 le iba entreteniendo aplazando sus esperanzas de ser obispo de una

228 998 833 54 de las diócesis que habian quedado vacantes.

244 1047 1167 50 —Señora, decia el pobre Gaulo; bien sabeis que me prometísteis

231 1082 1180 50 la sede episcopal de Rinberg, para cuando el anciano obispo que la de-

228 1122 1180 55 sempeñaba falleciese. Pues bien; el venerable anciano ya ha muerto,

230 1161 1178 59 y su silla está vacante, y es ocasion de que me cumplais la promesa.

251 1212 1158 52 A todos estos razonamientos, contestaba siempre Hildegarda

228 1245 404 56 con muchas evasivas.

267 1284 1141 51 —No hay prisa, exclamaba; y el pobre Gaulo, se desesperaba

228 1324 1180 58 viendo que pasaba y pasaba el tiempo, y la anhelada mitra no ve-

226 1370 1178 52 nia. Tanto llegó á importunar á Hildegarda con sus pretensiones,

224 1409 889 50 que esta un dia que estaba de mal humor le dijo:

248 1448 1158 57 —¿Quieres ver cuántos solicitan ese puesto que demandas? Pues

228 1493 1178 48 vas á verlo. Y sin decir más, le ocultó detrás de unas grandes cor-

226 1526 1179 57 tinas, y mandó dar audiencia á todos los pretendientes á la sede

232 1569 179 57 vacante.

276 1612 1126 49 Al poco rato empezaron á desfilar infinidad de personajes que

226 1654 1175 50 todos alegaban grandes derechos para alcanzar la codiciada pre-

223 1689 1181 56 benda. Entre ellos los habia oficiales nobles, señores de alta alcur-

224 1730 1177 57 nia, clérigos de todas categorías, y en fin, muchos golosos que am-

222 1773 1184 54 bicionaban el puesto. Todos ellos manifestaron las razones, dere-

222 1812 1183 51 chos y motivos que en su sentir les hacia acreedores á obtener la

220 1853 1182 54 codiciada sede, y uno tras otro impetraban de Hildegarda muy con-

222 1896 1176 51 tritamente que interpusiese sus buenos oficios cerca de Carlo-Mag-

220 1932 1180 60 no, para que éste los prefiriese y nombrase, y con tales ahincos é

224 1970 763 91 instancias que lograron aburrir á la reina.
