1681 2365
885 55 149 81 — 10 —

361 160 1181 25 puesto; pero Zafira era buena, y tantas veces como este horrible

361 177 1179 47 pensamiento se le habia presentado en la imaginacion, otras tantas

364 214 1002 50 lo habia desechado valerosamente con la mayor nobleza.

417 252 1124 52 Un dia Hildegarda pasó á la cámara de Zafira donde esta se

358 290 1182 56 hallaba enferma, con objeto de visitarla y consolarla, y como Za-

358 332 1182 55 fira tenia las manos fuera del lecho, tuvo ocasion de ver los dos

361 374 1183 63 anillos, quedando sumamente prendada de su limpidez y hermo-

361 416 1046 55 sura.

417 451 1123 57 Zafira, que no le tenia ódio ni mala voluntad á Hildegarda, sino

361 495 1179 54 una envidia pacífica, le explicó la virtud de aquellos anillos, pero

362 540 1180 56 trocándolos, es decir, atribuyendo al de la hechicera la virtud mala

364 580 1178 61 de envenenar, y diciendo del otro sus portentosos efectos para po-

362 624 1179 57 seer el amor, la fortuna y la gloria.

415 662 1129 59 Con esta explicacion entró Hildegarda en deseos de poseer los

362 697 1183 66 anillos, pero Zafira la dijo que por nada del mundo se habia de

364 743 1181 59 deshacer de ellos, pues los tenia en mucha estima. Resignóse Hilde-

364 781 1182 63 garda y queriendo experimentar la virtud del anillo de la hechice-

364 823 1177 54 ra, suplicó á Zafira se lo prestase por unos dias, con promesa de

365 869 1177 49 devolvérselo, y Zafira accedió, dándole el de la piedra envenenada,

366 910 1178 55 pero advirtiéndole que tuviese gran cuidado en no herir á nadie

366 944 1174 57 con él, porque entonces se destruiria su virtud. Prometiólo Hilde-

366 985 1174 60 garda y fuese muy satisfecha con el anillo malo, creyendo que te-

368 1028 1173 59 nia en su poder el precioso talisman que aseguraba el amor, la for-

368 1072 299 48 tuna y la gloria.

428 1107 1109 61 Habia entre la alta servidumbre de capitanes de Carlo-Magno,

371 1149 1173 57 un gentil y apuesto oficial de la guardia real, que siempre habia

369 1193 1175 53 tenido para la reina Hildegarda tiernas miradas y cortesanas fine-

369 1232 1173 55 zas que habian llamado la atencion de la emperatriz. Queriendo

371 1270 1169 59 Hildegarda probar la virtud del anillo, y al mismo tiempo asegu-

371 1311 1170 55 rarse del amor que por su adorado Carlo-Magno sentia, discurrió

369 1355 1171 54 experimentar en el dicho oficial, y una de las veces que como tenia

371 1391 1170 64 de costumbre le prestó homenaje y le saludó, le hizo un signo de

372 1430 596 63 inteligencia para que se quedase.

419 1472 1118 59 —He observado, dijo Hildegarda al oficial, que hay en vuestros

370 1514 1171 57 ojos algo que atrae, como el imán, y solo por esta circunstancia

373 1559 1171 57 deseo protejeros. Influiré con el Emperador, para que os distinga y

373 1604 1106 50 os haga avanzar en vuestra carrera.

421 1635 1129 58 El oficial hizo una gran reverencia, y al retirarse la reina le di-

371 1673 1175 57 rigió una profunda mirada, que parecia brotarle del corazon, segun

378 1715 1091 57 lo ardiente y fija que en el jóven militar se habia clavado.

428 1756 1117 55 Verdaderamente el propósito de la reina Hildegarda no era el

371 1796 1171 59 de enamorarse de ese gallardo oficial, sino el de ver si podia ex-

373 1835 1167 57 perimentar en él las virtudes del anillo que Zafira le habia presta-

371 1878 1174 58 do, y al mismo tiempo, si producia efecto, tener el placer de que

371 1916 1170 60 el Emperador se encelase, lo que seria indudablemente la mejor

373 1959 1169 76 prueba de la firmeza de su amor, dado que sin celos no puede ha-
