1709 2400
888 114 154 88 — 4 —

365 197 1186 53 Triste y llorosa se fué hácia su pobre casa la infeliz Zafira, mesán-

361 241 1190 55 dose los cabellos y llena de dolor viendo cuán breve habia sido su

365 282 1183 52 dicha, pues demasiado comprendia que por la elevada gerarquía de

362 324 1185 58 su amante y además por estar casado con Hildegarda no era posi-

360 362 453 56 ble que la llevase con él.

422 400 1125 54 Despues de un rato en que su pena pudo desahogarse con

360 446 1186 50 abundantes lágrimas y como si de pronto le hubiera ocurrido una

356 486 1184 52 idea feliz, procuró serenarse, y saliendo de su casa, al oscurecer,

358 525 1184 55 visitó allende el Tíber una humilde y mísera cabaña, donde vivía

356 568 1186 56 una vieja profetisa, que leía en las rayas de las manos el porvenir

354 606 1186 56 de las personas que le consultaban, y además disponía á su antojo

354 650 1189 64 con ciertas yerbas encantadas del poder, de la fortuna y de la

357 690 128 59 gloria.

412 725 1130 64 Anhelante y temblorosa la bella Zafira, porque el dictámen de

353 768 1189 65 la hechicera no fuese favorable á su deseo, se presentó á ella pre-

353 812 897 58 guntándole tímidamente si la amaba Carlo-Magno.

413 857 1126 48 La vieja, que tenia el más repugnante aspecto que imaginarse

352 892 1186 58 puede, se la quedó mirando un gran rato, y despues de consultar

350 934 1188 56 unos mugrientos pergaminos y ver la direccion que tomaban las

352 984 1187 48 espirales de humo producidas por un yerbajo que arrojó sobre unas

350 1014 1185 51 ascuas, le contestó que el ilustre rey de los galos estaba loco de

350 1056 1180 69 amor por ella y que la imágen de su amada estaba fijamente graba-

349 1101 326 49 da en su corazon.

414 1121 1117 71 Volvió la calma al de Zafira con estas noticias, y queriendo

349 1174 1181 59 asegurarse más, preguntó de nuevo si conservaría por mucho tiem-

346 1216 1182 53 po el amor del Emperador, á lo cual la vieja profetisa contestó en-

346 1256 1181 52 señándole un hermoso anillo que brillaba entre los negros dedos

348 1297 1178 63 de la hechicera, que lo conservaría tanto tiempo como poseyese el

344 1337 818 55 anillo y con él el precioso don que encerraba.

405 1374 1122 59 Zafira se quedó absorta contemplando aquella hermosa joya, de

340 1418 1186 51 cuya posesion dependía su dicha. Era una sortija de oro con una

341 1458 1182 58 piedra muy rara, que en la oscuridad lanzaba brillantes rayos co-

341 1498 1181 52 mo si fuera un lucero; y preguntando la enamorada jóven, qué jo-

340 1541 1178 52 ya fuese, la hechicera le respondió con gran pausa que era un ma-

338 1580 1184 72 ravilloso anillo que en otros tiempos habia pertenecido á la reina

340 1618 201 52 Cleopatra.

381 1650 1142 67 —Ved por qué—dijo—una egipcia tan fea, negra, pequeña y fla-

337 1700 1182 57 ca, fué tan adorada y querida del gran Antonio, y por qué este sin-

336 1740 1183 61 tió por ella un fuego amoroso tan grande, que su llama no pudo

336 1781 935 55 ser apagada por los mares, cuando á ellos se arrojó.

397 1816 1122 74 Zafira se quedó admirada con el relato, y la profetisa continuó

333 1853 179 53 diciendo:

377 1896 1135 61 —Juzgad por lo que os he referido cuán grande es su poder y

332 1944 1179 46 más cuando sepais que sus virtudes aumentan cuando está al ser-

333 1977 1181 61 vicio de mujeres hermosas y jóvenes cual sois vos, y no cuando

332 2016 1176 88 como ahora pertenece á una vieja tan arrugadita y fea como yo soy.
