1676 2298
643 98 164 62 — 11 —

116 166 1186 52 ber amor. Firme en estos propósitos, la reina Hildegarda, bien age-

120 206 1185 51 na de que tenia en su poder un talisman de muerte, seguía ejer-

120 243 1186 49 ciendo en el oficial una infiluencia cada vez más creciente, en tér-

118 285 1188 48 minos que el jóven militar concluyó por creer en la pasion de Hil-

121 325 1185 54 degarda, felicitándose á sí mismo por haber merecido las atencio-

120 367 282 56 nes de su reina.

181 391 1124 71 Creia esta que todos aquellos resultados consistian en el anillo

123 446 1183 51 de Zafira, cosa que no era cierta, porque lo que habia hecho llamar

122 486 1184 52 la atencion del oficial eran las miradas ardientes y los ademanes

122 525 1184 55 expresivos de Hildegarda, que llevaron al ánimo del militar el con-

123 569 1179 50 vencimiento de que la reina le amaba, cosa que tampoco era cierta,

122 605 1186 57 puesto que lo que Hildegarda quería era saber si el anillo producía

118 645 418 52 los efectos anunciados.

150 686 1155 55 Creciendo este funesto error en ambos, llegaron hasta el extre-

120 725 1181 56 mo de verse con frecuencia á solas, y en una de estas entrevistas,

118 769 1184 51 deseando Hildegarda llevar hasta el límite los efectos maravillosos

121 806 1184 54 del anillo, tomó amorosamente la mano del oficial y la hizo en ella

121 851 1183 50 un pequeño rasguño con la sortija. Al poco rato, y cuando más

120 887 1186 53 distraidos estaban en sus pláticas de amor, el oficial empezó á po-

121 929 1184 54 nerse malo, en tales términos, que no le dió tiempo á salir de la

120 968 1184 54 cámara de la reina, donde espiró en menos de cinco minutos entre

121 1013 612 50 horribles y extrañas convulsiones.

182 1050 1122 55 Aterrada quedó Hildegarda ante aquel triste resultado y com-

122 1087 1180 62 prendió, aunque tarde, que la advertencia de Zafira respecto á que

123 1129 1176 60 no era bueno herir con el anillo, era por desgracia suya muy cierta,

125 1169 1177 61 puesto que como herido de un rayo, habia caido á sus piés el infor-

122 1214 1180 55 tunado oficial; pero si esta desgracia era grande, no era menor la

123 1251 1178 60 de que hubiese ocurrido el terrible lance dentro de su cámara, cir-

123 1291 1179 64 cunstancia que le comprometía mucho, pues todo el mundo se pre-

126 1334 793 58 guntaría qué habia ido á hacer allí el oficial.

181 1368 1123 64 Hildegarda, con gran serenidad de ánimo, y comprendiendo la

125 1410 1176 64 gravedad de las circunstancias, ocultó ella misma el cadáver, arras-

123 1452 1181 59 trándolo hasta ponerlo detrás de un mueble, á fin de evitar que su

123 1491 1174 66 esposo pudiera encontrarle allí y creer lo que no había ocurrido,

123 1533 750 92 es á saber, que la reina le habia sido infiel.
