1679 2374
805 79 167 67 — 16 —

352 143 1118 60 A tal grado llegó su porfía, que el abad Alcuino, un santo va-

291 191 1182 51 ron, que dirigía espiritualmente á la reina, inflamado en celeste

294 234 1175 53 cólera reprendió á los pretendientes, denigró sus pretensiones y

295 269 491 59 los apostrofó en esta forma:

335 309 1140 56 —Por Cristo, si el Emperador viese la ciega ambicion de que

294 352 1181 55 estais poseidos, ó habia de castigaros con su acero, ú os habia de

294 391 1179 56 maldecir. Confusos y avergonzados se quedaron ellos ante la re-

295 436 1182 54 prension de Alcuino, y entonces la reina, descorriendo las cortinas

296 480 554 50 que ocultaban á Gaulo, le dijo:

335 514 523 53 —¿Está curada tu ambicion?

357 553 1117 60 El mísero Gaulo, prosternándose ante Hildegarda, pidió discul-

298 604 1179 43 pa para sus pretensiones, y todos sus rivales al verle en aquella

296 638 1179 51 humilde manera y con tan escasos merecimientos, se rieron de él

295 677 595 56 haciéndole blanco de sus burlas.

356 717 1119 57 Irritado Alcuino, viendo que se mofaban de la humildad de

294 759 610 50 Gaulo, gritó con acento profético:

335 796 1139 58 —Dios abate á los soberbios y á los humildes exalta, á cuya voz

296 841 1178 54 se retiraron confundidos todos los cortesanos. Gaulo iba tambien á

295 886 1180 49 retirarse creyendo que habia caido de la gracia de la reina; pero en

294 921 1179 51 el momento en que se disponia á salir, fué detenido y con grandes

294 964 1179 47 agasajos se le hizo comprender que á él no se le habia despedido

292 1002 1181 49 de palacio, con lo cual volvió á su corazon la esperanza, si bien se

295 1041 1178 51 sintió curado de aquella ambicion desmedida de que en un princi-

294 1082 1180 50 pio habia sido esclavo. Algunos dias despues, se celebraba en el pa-

292 1123 1182 54 lacio de Carlo-Magno, el aniversario de una de sus más grandes

295 1168 1176 44 victorias, y con este motivo se prepararon solemnes fiestas, convi-

292 1204 1177 54 tes y regocijos públicos. Segun la costumbre de aquellos tiempos,

292 1250 1178 45 se dió á los pobres un gran banquete servido por personas princi-

294 1284 1142 54 pales, y despues empezó la verdadera fiesta dentro del castillo.

353 1324 1118 55 Llegada la hora de los convites, y despues de lavarse las manos,

292 1366 1183 50 como era tambien su costumbre, el Emperador se sentó á la mesa

295 1405 1179 56 y con él todos los grandes magnates y señores de su córte. Mien-

292 1445 1182 54 tras tanto, el ilustre abad Alcuino, subido en una pequeña tribuna

292 1490 1181 50 leía en voz alta los pasajes sagrados, en un libro de San Agustin

295 1533 509 44 titulado La Ciudad de Dios.

358 1568 1117 54 Cuando estaban todos en lo más culminante de la fiesta, apare-

294 1607 1179 56 cio Zafira desgreñada y llorosa, buscando con afan por todas partes

294 1648 1180 50 una cosa que se le habia perdido, mostrando tan grande senti-

292 1689 1182 51 miento que puso en conmocion á toda la córte. ¿Qué es ello? le pre-

291 1734 1034 50 guntaban todos; y ella llorando á lágrima viva contestaba:

290 1767 1183 51 —El anillo, mi pobre anillo que se ha per ido. Todos se echa-

292 1810 1181 57 ron á buscarlo con afan, pero sus esfuerzos y di igencias fueron inú-

294 1853 1175 47 tiles, pues el anillo no parecia por ninguna parte; Carlo-Magno,

292 1891 1178 54 que sabia la mucha estima en que Zafira tenia su anillo, mostró

292 1930 1177 56 gran pesar por ello, y viendo que los señores y la servidumbre de

294 1971 846 68 palacio no lo encontraban, se enfadó con ellos.
