1607 2330
769 104 137 55 — 6 —

244 168 1176 54 el don de aumentar la hermosura de las mujeres que la poseian.

244 209 1179 55 Asi fué que cuando Carlo-Magno la vió no pudo contener una ex-

246 249 1181 59 clamacion de gozo, y juró amarla hasta morir, dando al olvido á

244 288 965 58 la reina Hildegarda, de la cual habia tenido seis hijos.

304 330 1123 49 Por esta causa Carlo-Magno, en su expedicion á Bravante, llevó

244 370 1183 51 consigo á la hermosa romana, que no se separaba de él ni á sol

244 416 1183 50 ni á sombra, y le acompañaba á todos los sitios que iba. En estas

244 453 1184 59 escursiones emplearon algun tiempo, siendo los dos muy felices

244 493 251 51 con su amor.

306 528 1126 60 Mientras tanto, en la poblacion de Aix, que entonces no tenia la

246 573 1181 57 majestuosa grandeza que despues alcanzó con su Basílica suntuosa,

247 616 1182 51 sus mosáicos, muros, bronces, mármoles y jaspes, vivía tranquila-

248 654 1180 60 mente la reina Hildegarda, en un castillo mandado hacer por el rey

249 697 144 46 Pipino.

308 731 1121 61 Era Hildegarda una reina de porte muy majestuoso, de arro-

248 776 1182 53 gante presencia y muy altiva para mandar. Ignorante de la pasion

251 818 1179 55 que su esposo sentia por la romana, pasaba sus dias en plácida cal-

249 859 1181 54 ma, bien agena de que el Emperador, partiendo en dos su alma,

252 897 710 51 la tenía olvidada por una hermosa rival.

309 935 1123 59 Se acercaba por momentos la época del regreso de Carlo-Mag-

251 977 1181 57 no. Un dia, de repente en el patio del palacio se oyen voces y pi-

253 1018 1181 55 sadas, gran ruido y algazara. Era que llegaba el Emperador con

255 1064 1179 49 todo su cortejo de soldados, pajes, guardias y acompañamiento de

253 1097 1180 60 ilustres guerrilleros. Apeóse del caballo y fuese derecho al camarin

255 1136 453 53 de Hildegarda, diciendo:

299 1176 1133 60 —Ya estoy de vuelta, esposa amada, sin tropiezos ni peligros,

255 1216 1181 61 gracias á la proteccion del Dios Todopoderoso que guia mis pasos

256 1268 1181 45 por el camino de la victoria. Nuestro buen hijo Pipin, bautizado

255 1298 1181 59 por el Papa, recibió la uncion real con la bendicion del ilustre pa-

257 1342 1180 52 dre de la Iglesia; y Luis, otro de nuestros amados hijos, rey de

257 1383 1175 51 Aquitania, recibió igual beneficio por disposicion del cielo. Gisela,

257 1421 1179 54 la más niña, fué sacada de pila por el docto obispo de Milan, y al

258 1462 1176 53 gran duque de Baviera envié mis embajadores, que me aseguran

260 1502 1176 53 está dispuesto á seguir prestándome obediencia. Hé aquí todo lo

258 1541 1178 53 más principal de mis gestiones, añadió Carlo-Magno, y volviéndose

260 1581 1177 55 á sus caballeros les dijo: —«llustres señores, no se entorpezcan en

262 1621 1175 57 la ociosidad nuestros brios; tras la misa, sin más pausa, vestidos

261 1669 1098 44 así cual vamos, partiremos de cacería á los vecinos bosques »

296 1703 1145 57 Como sus ilustres antepasados, Carlo-Magno usaba el trajo de

261 1748 1181 52 franco, camisa y calzon de lino y la túnica apretada y sujeta con

262 1786 1176 49 un cinturon de cuero, del que pendía su espada. Los piés los lle-

264 1827 1173 52 vaba calzados con sandalias, cuyas largas correas le subian por las

262 1866 1175 57 piernas; sobre los hombros llevaba el manto azul de los Empera-

264 1911 1174 56 dores galos. Con este traje se partió á la cacería con gran disgusto

264 1949 1174 59 de sus servidores, que más hubieran deseado ir á reposar de las

265 1990 1173 72 penalidades del viaje que correr por el soto detrás de la caza; pero
