1631 2319
723 46 95 89 — 7

189 137 1190 50 el Emperador lo habia mandado, p      nvenir así á sus fines par-

187 179 888 49 ticulares, y no habia más remedio que obedecer.

251 216 1124 55 Esta cacería tan de improviso dispuesta, chocó á todos y prin-

186 260 1189 46 cipalmente á la reina Hildegarda, que cuando se vió sola se puso

186 298 1191 52 á pensar en ello sin poder atinar por qué razon, Carlo-Magno, sin

185 338 1192 56 quitarle á los vestidos el polvo del camino, se aventuraba nueva-

186 378 1192 49 mente en correrías, en vez de pedir dulce reposo á los amantes

188 419 1190 51 brazos de su esposa. Entre las personas que ordinariamente forma-

185 458 1193 54 ban el acompañamiento de la reina, figuraba un jóven clérigo lla-

186 498 1192 58 mado Gaulo, pretendiente de una mitra, y que todas sus aspiracio-

186 541 782 52 nes las concentraba en alcanzar un báculo.

248 584 1127 52 La reina, que estaba impaciente con la cacería del emperador,

185 628 1192 50 se dirigió á Gaulo y le dijo, que si le servia con perseverancia y

186 664 1192 52 celo, pediria para él á su esposo la primer sede vacante. Con esta

185 703 1190 57 promesa Gaulo se puso á disposicion de Hildegarda, y esta le dijo

185 744 1190 53 que necesitaba saber todo cuanto en la cacería ocurriese, pues le

186 783 1189 58 barruntaba el corazon que algo de extraordinario tenia que suce-

186 832 1188 51 der. Gaulo, que sabia muy bien que el anciano obispo de Rinberg

186 867 1191 51 estaba enfermo de gran peligro, y juzgándose ya en posesion de

186 908 1191 55 esta prebenda, prometió á Hildegarda complacerla en lo que desea-

188 948 1189 53 ba saber, y partió á la cacería lleno el corazon de gratas es-

188 994 184 54 peranzas.

250 1029 1125 54 A su regreso, tuvo una entrevista con la reina, y le dió cuenta

186 1069 996 54 del desempeño de su mision en los siguientes términos:

228 1110 1143 55 —El emperador, señora, guiado de su ánimo esforzado, se aven-

185 1150 1188 53 turó en lo más profundo de las selvas en persecucion de un enor-

185 1191 1186 57 me búfalo sin que sus gentes pudieran seguirle. Viéndose el ani-

184 1232 1182 57 mal detenido por los espesos matorrales que le cerraban el paso,

185 1276 1185 50 retrocedió en el momento que Carlo-Magno, ageno al peligro que

185 1315 1185 54 amenazaba su vida, estaba á gran distancia de sus gentes, las cuales

185 1364 1181 45 en vez de correr en auxilio de su señor, retrocedieron espantadas,

188 1396 1182 53 y solamente una hermosa amazona, que sin duda se hallaba ca-

184 1436 853 49 sualmente por aquellos sitios, le prestó auxilio.

223 1473 1144 61 —¿Una amazona? preguntó con sobresalto Hildegarda; y, ¿es

184 1515 219 56 muy bella?

232 1556 1139 55 —Tan bella, respondió Gaulo, que solamente puede ser compa-

185 1597 1185 50 rada con el crepúsculo de la mañana. Ya el espantoso animal se

186 1638 1181 52 disponia á devorar al Emperador, y éste, desenvainada la espada,

185 1682 1182 53 le aguardaba á pié firme; el mónstruo esquiva el golpe, se retira y

184 1722 1185 50 se prepara á acometer, arrojándose sobre Carlo-Magno, rompién-

183 1761 1186 50 dole el calzado é hiriéndole en una pierna. En este momento, la

184 1799 1183 54 hermosa amazona dispara su venablo sobre el búfalo, se lo clava

183 1844 407 49 en la cerviz y lo mata.

203 1880 1163 57 Las gentes del emperador llegan, y al ver herido á su señor

183 1923 1001 55 procuran curarle, pero él con ánimo esforzado exclamó:

220 1967 1146 63 —Todos quedos, dejad ensangrentada la pierna para que así la
