1703 2377
911 172 189 75 — 12 —

829 369 316 87 CAPÍTULO IV.

400 463 1185 70 De lo que Hildegarda hizo con el cadáver de su amante y del gran incremento

615 512 739 66 que tuvieron los amores de Carlo-Magno y Zafira.

455 648 1123 40 Llegada la noche, Hildegarda, revistiéndose del más extraordi-

395 680 1183 56 nario valor, cogió el cadáver del oficial y con un esfuerzo sobrehu-

395 721 1183 52 mano lo sacó á rastras del escondite hasta colocarlo en medio de la

395 760 1182 58 cámara. Una vez allí, abrió de par en par las ventanas y miró con

392 801 1184 57 afan hácia afuera. Era una noche horrible; una gran tempestad se

391 843 1183 54 desencadenaba y de tiempo en tiempo se oían los rugidos del true-

392 880 1184 57 no. Hildegarda se felicitó interiormente de aquella terrible tempes-

391 923 1183 58 tad que le permitía desembarazarse del grave compromiso en que

392 970 1181 57 estaba y arrojar el cadáver de su desventurado amante por la

393 1006 161 57 ventana.

446 1040 1124 62 No era de presumir que á semejante hora, y con tal tiempo, pu-

388 1085 1182 49 diese ser vista por nadie. Una lluvia torrencial, impelida por un

391 1126 1175 54 viento fuerte y huracanado, azotaba los recios muros del castillo.

389 1167 1180 57 Hildegarda, juzgando que era llegado el momento oportuno de

387 1206 1179 55 obrar, cojió valerosamente el cadáver, y haciendo un supremo es-

387 1245 1178 53 fuerzo, lo precipitó al exterior. Un fugaz y brillante relámpago alum-

388 1286 1178 57 bró esta escena de muerte y el horrible tableteo del trueno apagó el

387 1325 1177 62 golpe producido por el cadáver al chocar en su caida con las piedras

389 1369 201 51 de la calle.

443 1405 1121 59 Aniquilada Hildegarda por el esfuerzo que habia hecho, y no

384 1444 1176 60 pudiendo resistir la emocion inmensa que le habia producido el

385 1490 1177 55 tener que abrazar un frio cadáver, llena de asco y de terror, cayó

387 1530 1177 54 dentro de su cámara presa de un síncope ó fuerte desmayo que la

385 1575 1175 46 tuvo privada de sentido durante muchas horas. Cuando volvió en

383 1607 1173 55 sí, se vió en su lecho rodeada de su alta servidumbre, y á la cabe-

381 1650 1177 53 cera estaba Carlo-Magno. En todos los rostros se veia pintada la

385 1695 1168 45 más viva curiosidad, pues como nadie sabia lo que habia pasado,

383 1727 1170 50 ni cómo habia sido la muerte del oficial cuyo cadáver se habia en-

381 1766 1175 52 contrado al pié de las ventanas de Hildegarda, y al mismo tiempo

383 1809 1172 54 ésta habia sido encontrada exánime en su cámara con las ventanas

381 1850 1171 55 abiertas de par en par, pensaban, y con razon, que solamente Hil-

381 1891 707 52 degarda podia descubrir aquel misterio.

441 1929 1111 50 Cuando se dió cuenta de lo que pasaba, Hildegarda sintió que

379 1968 1170 57 por todo su cuerpo circulaban los escalofrios de la fiebre. Com-

379 2011 1172 54 prendió que todas aquellas personas estaban deseosas de saber qué

379 2050 1172 61 era lo que habia pasado, y coordinando sus ideas, empezó su relato
