1860 2629
206.0 238.0 489.0 92.0 llena de amor y ternura

203.0 319.0 435.0 62.0 que me hacía sonreir.

206.0 363.0 471.0 83.0 Mi pecho siempre latir

201.0 425.0 457.0 67.0 y latiendo se adormía,

203.0 479.0 474.0 77.0 y aquella tierna alegría

199.0 541.0 472.0 61.0 que sentía, suspirando

197.0 593.0 535.0 59.0 estaba otra vez soñando...

197.0 641.0 504.0 71.0 soñando en tí, vida mía.

250.0 690.0 517.0 74.0 Después sin poderte ver,

203.0 747.0 564.0 76.0 con una ausencia tan larga,

208.0 810.0 465.0 66.0 pasaba la vida amarga

201.0 863.0 454.0 59.0 con mucho de padecer.

203.0 915.0 479.0 68.0 Me faltaba aquel placer

201.0 979.0 555.0 57.0 que me daba tu presencia...

199.0 1014.0 663.0 94.0 ¡¡ Dios mío !! tan cruel ausencia

203.0 1069.0 597.0 72.0 me dais con mi tierno amor...

203.0 1130.0 529.0 59.0 Tened vos piedad, Señor,

199.0 1178.0 535.0 68.0 revocad vuestra sentencia.

247.0 1229.0 411.0 78.0 Tuve días de llorar,

197.0 1286.0 504.0 78.0 de gemir noches enteras,

197.0 1351.0 513.0 68.0 dulces horas placenteras

199.0 1395.0 397.0 68.0 no las podía gozar.

199.0 1430.0 614.0 103.0 Siempre así, siempre penar...

195.0 1516.0 454.0 61.0 el martirio no cesaba,

197.0 1553.0 447.0 68.0 mi corazón suspiraba

197.0 1612.0 515.0 72.0 con lágrimas de ventura,

210.0 1662.0 443.0 75.0 tu  belleza tan pura

197.0 1726.0 535.0 70.0 nunca de mí se apartaba.

241.0 1774.0 596.0 79.0 Siempre has sido mi ilusión,

197.0 1838.0 480.0 59.0 mi pasión encantadora,

197.0 1886.0 542.0 74.0 mi corazón siempre llora...

195.0 1936.0 478.0 66.0 ¡ llorar ! pobre corazón.

199.0 1995.0 507.0 60.0 Y en tan ardiente pasión

197.0 2057.0 491.0 63.0 yo no sé por qué deliro:

195.0 2105.0 476.0 66.0 al cielo estrellado miro

195.0 2157.0 465.0 68.0 cuando platea la luna,

197.0 2206.0 456.0 74.0 y mi pálida fortuna

195.0 2269.0 520.0 57.0 se exhala con un suspiro.

236.0 2322.0 564.0 68.0 ¿ No te acuerdas, dulce flor

195.0 2370.0 579.0 92.0 de aquel tiempo ya pasado.

947.0 227.0 566.0 110.0 que cuando estaba a tu lado

947.0 319.0 500.0 64.0 moría siempre de amor ?

951.0 370.0 433.0 68.0 Entonaba el ruiseñor

945.0 427.0 502.0 63.0 los cantos del nuevo día,

951.0 492.0 459.0 64.0 y en tan dulce melodía

945.0 536.0 368.0 70.0 reías alegremente,

947.0 604.0 498.0 55.0 después tocaba tu frente

947.0 641.0 421.0 68.0 y tú besabas la mía.

980.0 692.0 509.0 85.0 Por fin, gracias al Señor

949.0 751.0 520.0 79.0 le doy por hallarme bien

947.0 806.0 502.0 74.0 y espeo que a tí también

947.0 860.0 430.0 68.0 estará firme tu amor,

945.0 913.0 399.0 75.0 este afán abrasador

943.0 974.0 601.0 57.0 que abre el pecho en pedazos

943.0 1029.0 484.0 66.0 se calmará en los lazos

943.0 1071.0 537.0 79.0 que nos unirá con cadena,

945.0 1130.0 498.0 77.0 y espero, querida Elena,

940.0 1194.0 562.0 65.0 que me tenderás los brazos.

984.0 1281.0 630.0 127.0 TUS CARICIAS DE AMOR

1004.0 1393.0 627.0 92.0 Al silencio de la noche oscura

943.0 1463.0 702.0 77.0 niña hermosa despiera un instante,

945.0 1520.0 579.0 70.0 oirás exclamar a tu amante.

943.0 1570.0 561.0 73.0 sin cesar del pecho el latir.

940.0 1623.0 713.0 81.0 Ten piedad del volcán que me

1467.0 1680.0 175.0 72.0 [ abrasa,

940.0 1726.0 711.0 77.0 dale hermosa un momento de

1467.0 1792.0 182.0 63.0 [calma;

940.0 1844.0 604.0 68.0 te lo pido con toda mi alma...

940.0 1890.0 599.0 68.0 no me dejes tan triste morir.

978.0 1945.0 671.0 79.0 Si en la flor de tu edad placentera

940.0 2000.0 709.0 72.0 no me da tu hermosura un consuelo,

938.0 2052.0 713.0 73.0 dime, pues, donde tengo mi cielo

934.0 2107.0 717.0 77.0 que me alumbra con tal resplandor.

938.0 2157.0 709.0 79.0 Ay hermosa, mi cielo es tu imagen

938.0 2217.0 665.0 76.0 y tu rostro la luz más hermosa.

936.0 2267.0 605.0 77.0 aquí guardo la hora dichosa

940.0 2320.0 665.0 76.0 que me des tus caricias de amor.

809.0 2429.0 136.0 123.0 FIN

1098.0 2521.0 544.0 81.0 Imps. Hospital, 18  «El Abanico»
