1860 2629
352.0 1481.0 1106.0 141.0 JUAN PORTELA

154.0 1627.0 1485.0 74.0 Relación puesta en trovas, de los asesinatos y robos que

369.0 1679.0 1064.0 75.0 cometió en las inmediaciones de Córdoba

721.0 1821.0 364.0 76.0 PRIMERA PARTE

178.0 1892.0 431.0 65.0 Escuchen señores mios

141.0 1939.0 515.0 60.0 Les diré de Juan Portela.

140.0 1977.0 469.0 63.0 El ladron mas afamado

141.0 2019.0 612.0 68.0 Que en la gran Sierra-Morena.

175.0 2068.0 535.0 49.0 De mis padres fuí querido

143.0 2101.0 553.0 63.0 Todos los gustos me daban,

143.0 2145.0 514.0 58.0 Mas de verme yo perdido

144.0 2186.0 482.0 53.0 una mujer fué la causa

146.0 2224.0 438.0 57.0 Escuchen señores mios.

181.0 2262.0 530.0 63.0 Nos dimos palabras ciertas

141.0 2304.0 447.0 50.0 Para casarnos los dos,

141.0 2345.0 485.0 60.0 Puse mi afición en ella.

939.0 1888.0 513.0 63.0 La que fué mi perdición,

900.0 1932.0 517.0 55.0 Les diré de Juan Portela.

940.0 1973.0 499.0 55.0 Fuí un labrador honrado

901.0 2012.0 533.0 57.0 Que en Córdoba trabajaba,

908.0 2055.0 488.0 55.0 A una hacienda retirado

905 2094 533 55 Y por querer á una dama

902.0 2130.0 566.0 65.0 Fuí el ladron mas afamado.

939.0 2173.0 548.0 64.0 Sin tener de mi una queja

905.0 2214.0 377.0 63.0 Esta jóven se casó

904.0 2252.0 539.0 64.0 Con otro y á mi me deja,

907.0 2298.0 386.0 62.0 Cuya causa me llevó

908.0 2338.0 526.0 74.0 A la gran Sierra-Morena.
