1860 2629
321 379 475 65 La sangre que derramaba

289 429 405 54 Me cubria el corazón,

292 471 426 54 No siento la muerte no,

295 511 448 54 Van á pagar tus azañas;

292 559 396 50 Me agarran entre dos

295 587 521 57 Y con cordeles me amarran,

290 635 520 50 Cuando llegó el comandante

293 671 501 51 Todos ocho me acompañan,

298 718 454 47 Y me llevan á un bodaje

296 753 453 59 Ya perdí mis esperanzas.

292 790 467 62 Con tal anhelo y cuidado

293 832 494 67 A pasos dobles marchaban

292 877 403 56 Con bayoneta calada,

293 918 427 54 Antes de ponerse el sol

296 950 476 69 Les pedí un poco de agua

300 994 395 56 Y les dije en alta voz:

296 1031 482 61 Por Dios quitadme la vida

295 1076 524 53 Que en Córdoba no entro yo

296 1111 541 70 Que está mi fomilia honrada:

299 1156 438 54 De mis padres el honor.

337 1193 405 60 No te puedo remediar

302 1232 443 66 El comandante me dijo,

306 1285 465 42 Ya no tienes mas recurso

303 1317 376 51 Es preciso caminar,

306 1356 420 51 A Córdoba te llevamos

303 1396 525 55 Que es la órden del General,

305 1435 473 64 Padre, madre hermanitos

305 1483 444 54 Mis culpas voy á pagar,

306 1510 526 71 Un año que no me han visto

308 1554 472 65 Las fuerzas me faltan ya.

308 1603 364 53 Multiplicó mi dolor

308 1635 437 60 Al entrar en la ciudad,

308 1676 481 56 Padres, madres y familias

309 1719 447 52 Causé gran admiración;

312 1758 440 54 Todos me vienen detrás

314 1799 419 52 Ya cogieron al traidor,

311 1844 413 50 Otros lloran sin cesar;

314 1879 404 53 Me llevan á la prisión

312 1923 452 53 Me cargaron de cadenas

312 1955 444 66 Del cielo baje el perdon.

349 1998 460 58 Quedarse todos con Dios,

314 2031 526 70 Perdón les pido á las gentes,

312 2078 510 60 Que una mujer fué la causa

315 2119 456 61 De pelear con la muerte.

353 2164 434 53 Me toman declaración;

318 2209 508 44 Trece muertos, dos heridos,

317 2240 472 63 De ladron un año he sido

999 372 326 58 Mi causa finalizó,

997 408 398 63 Tiene pena de la vida

997 454 445 54 Todo el gobierno afirmó,

1000 493 434 57 Ya me ponen en capilla

996 536 447 52 Con un Cristo Redentor,

999 572 501 58 Padre, madre y hermanitos

1000 616 442 61 Quederse todos con Dios.

1035 652 505 69 Aquí se amansa el valiente,

1002 702 431 57 Aquí se pierde el valor;

1003 734 500 64 La honradez y el pundonor

1009 784 493 55 Y se afrentan los parientes,

1005 828 412 42 Aquí tengo el confesor

1008 861 453 51 Ya Portela se arrepiente,

1009 898 457 58 Ya el patíbulo me espera

1006 942 440 55 Para mañana á las once

1006 978 528 57 De los males que he causado

1008 1020 514 53 Perdón les pido á las gentes.

1040 1060 470 52 Calles, ventanas y casas,

1006 1102 482 56 Córdoba y sus habitantes.

1009 1142 453 54 Perdonadme en adelante

1009 1188 506 44 Socorred mis dos hermanos,

1011 1216 479 66 Ancianos, padres y niños,

1012 1266 485 52 Las peñas y las montañas.

1014 1301 464 54 Las fuentes y mis amigos

1015 1340 517 57 Llorad vuestra dulce calma,

1022 1390 459 44 Vuestra bendicion confìo

1018 1416 504 62 Que una mujer fué la causa

1056 1462 451 59 Ya salgo con un piquete

1022 1501 456 55 Y una caja destemplada,

1018 1542 488 64 La caridad me acompaña,

1018 1583 486 60 Me miran todas las gentes

1019 1625 483 51 Adios, adios, compañeros,

1019 1665 483 56 Adios, adios para siempre,

1027 1700 555 55 Veinte y cinco años de mundo

1024 1748 413 51 Mirad todos mi suerte,

1024 1781 561 54 Un Santo Cristo en mis manos

1024 1827 429 60 Le pido que no me deje.

1065 1863 447 54 Ya subo por la escalera,

1028 1910 501 48 Ya el verdugo me acomete,

1019 1934 628 72 Creo en Dios Padre y en Dios Hijo

1025 1987 531 54 Aquí fué el dolor mas fuerte;

1028 2031 468 56 Ya me sientan en la silla,

1027 2072 469 45 Mirando estoy á la gente:

1025 2107 386 50 Me retiran la cabeza

1028 2138 541 68 Un torno al cuello me meten,

1033 2184 447 62 Y al decir su único Hijo

1027 2227 437 54 A pelear con la muerte.

1000 2287 72 42 FIN

342 2333 1388 65 REUS: En casa Juan Grau. calle del Metje Fortuny, núm. 5, hay un gran surtido de

493 2370 1077 74 libros, comedias, historias, romances, etc... á precios equitativos.

1560 2385 171 92 Núm. 1232.
