1951 2688
367 232 599 90 Le despachó el gran Sultán,

316 264 502 85 diciendo desta manera:

320 320 496 89 O Rey Felipe Segundo,

316 369 504 90 Señor de toda la Esfera.

365 421 516 87 Cuyos sobervios Leones

309 468 529 92 amenazan mis banderas;

307 519 619 97 salud, porque el grande Alá,

316 575 538 72 te guarde de mi sobervia.

354 622 657 99 Sabed, que informado he sido,

302 672 541 94 como de Justo te precias,

309 728 480 71 y te guarden el decoro

302 772 586 92 los Reyes de agenas tierras.

358 824 494 85 Yo procuro tu amistad,

302 871 527 76 y si tu aquesto conservas

304 927 543 85 te prometo dar á Irlanda,

293 976 473 70 Olanda, y Inglaterra.

352 1021 515 96 Te daré treinta millones

296 1068 520 92 en oro plata ó moneda,

293 1122 570 89 te daré treinta mil Turcos,

296 1173 618 92 para que guarden tus tierras.

347 1227 536 83 Te daré doscientas naves,

291 1276 655 92 paraque en tus Puertos tengas,

289 1330 473 65 te daré la Casa Santa:

291 1373 525 80 prenda que tanto deseas.

343 1426 562 86 Te haré dueño del Mundo,

287 1471 578 83 Dios soberano en la tierra:

289 1532 572 74 y paraque en lazo estrecho

284 1583 563 67 de esta amistad verdadera,

334 1626 565 83 Se prospere por el Mundo,

293 1680 563 80 pide mi hermana la Reyna

278 1722 562 83 Ismenia, cuya hermosura,

282 1771 603 88 que el Austria case con ella,

329 1825 431 72 Por estar aficionada

273 1879 650 83 de su hermosura, y grandeza;

278 1930 547 79 mi hermana te lo suplica,

282 1982 500 72 yo te lo ruego de veras.

325 2027 551 85 Suplicaselo á tu hermano,

275 2083 588 74 que me embie la respuesta:

280 2132 498 74 y mira que soy Osman,

278 2179 583 121 que si arbolo mis Banderas,

1114 241 556 101 El Sol bolveré en cenizas:

1069 297 556 97 y toda España en pavesas;

1062 351 601 97 con esto despachó el pliego,

1060 400 550 95 el cual con toda presteza,

1112 456 442 86 Al Palacio de Felipe,

1060 492 608 106 que Dios en su gracia tenga,

1056 555 533 83 y viendo las arrogancias,

1053 607 519 69 responde desta manera:

1107 654 530 87 A ti gran Osman Muley,

1053 694 552 96 Señor de todas tus tierras,

1053 754 519 81 que la voluntad Divina,

1051 799 547 85 te pedirá estrecha cuenta.

1105 851 619 94 Me avisas como tu hermana,

1049 893 561 97 que vive de amores ciega,

1047 952 628 91 quiere casar con mi hermano;

1045 1003 544 78 morate allá, que tu secta

1094 1050 552 83 No la puedo ver pintada,

1053 1093 628 96 porque mi Ley no lo ordena;

1040 1146 583 94 Dices mi amistad procuras,

1040 1200 478 94 me rio de tu sobervia,

1103 1249 540 88 Y si quieres oro, ó plata,

1045 1294 601 85 yo te empedraré tus tierras:

1040 1341 545 108 Dices me darás á Irlanda,

1040 1402 466 76 Olanda, y Inglaterra.

1085 1453 511 81 Guarda bien tu Corona,

1042 1500 556 79 que tengo ganas de verla:

1040 1547 509 83 Dices me darás Vaxeles,

1038 1599 574 83 y gente armada de guerra;

1094 1655 534 81 Tengo yo mas Españoles,

1036 1697 576 81 que tu Africanas banderas:

1033 1747 525 80 Dices que la Casa Santa,

1029 1796 520 85 que tanto deseo el verla,

1053 1852 689 85 Querrá Dios que en algun tiempo

1027 1897 506 83 te derribe esa de Meca:

1027 1944 545 85 Duerme sobre tu Corona,

1029 1998 547 74 y mira donde te acuestas:

1078 2051 576 83 Que tengo algunos Leones,

1029 2094 596 83 y me han dicho los enseñas:

1024 2139 633 92 Mi hermano á ti no te estima,

1022 2201 579 119 ni á tu hermana ver desca;

1567 2264 110 112 Por-
