1860 2629
234.0 177.0 474.0 74.0 Al asomar el sol en el Oriente

201.0 223.0 452.0 57.0 Oigo sonar tu voz y tu laud,

212.0 258.0 551.0 61.0 Y al reclinar sus rayos á Occidente,

208.0 300.0 520.0 50.0 Vision igual ocupa mi inquietud:

203.0 333.0 533.0 56.0 Léjos estés, ó junto á tu querida,

208.0 372.0 502.0 48.0 Ay sin cesar mis ojos ya te ven:

210.0 405.0 676.0 59.0 ¿Qué podrá haber desde hoy que ya divida

203.0 444.0 547.0 68.0 Al Trovador y á su querido bien?

234.0 501.0 492.0 64.0 Te queda aun recelo tenebroso

206.0 547.0 535.0 62.0 Que perturbar pudiese el corazon,

203.0 591.0 529.0 50.0 Oye jurar de un pecho candoroso,

206.0 624.0 609.0 57.0 Que al mismo sol compite en duracion:

206.0 666.0 517.0 50.0 Antes que ser á tu pasion perjura

206.0 701.0 504.0 48.0 Cólera atroz castigue mi desden,

206.0 727.0 568.0 66.0 Y aun conseguir no pueda sepultura

203.0 766.0 496.0 84.0 Oh Trovador si yo te soy infiel.

995.0 184.0 636.0 59.0 Déjame pues y al campo, y á la palestra

969.0 223.0 493.0 55.0 Corra tu ardor, diríjate á la lid,

980.0 260.0 487.0 53.0 Veas caer el golpe de tu diestra

969.0 295.0 509.0 48.0 Al mas feroz é intrépido adalid:

971.0 335.0 540.0 50.0 Vuelve despues de lauros coronada

971.0 368.0 500.0 48.0 Gloriosamente tu radiante sien:

967.0 403.0 515.0 52.0 Mas tu blason sea tu enamorada,

967.0 440.0 513.0 77.0 Oh Trovador, y tu querido bien.

1002.0 497.0 550.0 70.0 No de un rival te aflija la memoria,

973.0 547.0 573.0 57.0 En mi lealtad bien puedes descansar,

971.0 587.0 491.0 50.0 Dechado sé tú de valor y gloria,

969.0 620.0 568.0 52.0 Yo de querer y de constante amar :

967.0 661.0 585.0 53.0 Junto al Jordan cual él créeme pura

969.0 692.0 474.0 52.0 No mires no las hijas de Salén,

965.0 727.0 502.0 52.0 Recuerda, sí, la cándida ternura

965.0 762.0 530.0 66.0 Oh Trovador: de tu querido bien.

243.0 1108.0 388.0 64.0 Camina orillas del Ebro

212.0 1150.0 292.0 57.0 Caballero lidiador,

212.0 1191.0 408.0 51.0 Puesta en la cuja la lanza

212.0 1226.0 415.0 62.0 Que mil contrarios venció.

528.0 1237.0 281.0 92.0 Dispierta, Leonor,

596.0 1299.0 116.0 57.0 Leonor.

243.0 1358.0 412.0 68.0 Despacio viene la muerte,

212.0 1408.0 446.0 57.0 Que está sorda á mi clamor:

214.0 1448.0 371.0 48.0 Para quien morir desea

214.0 1481.0 391.0 65.0 Despacio viene por Dios.

528.0 1452.0 292.0 116.0 Ay! adios, Leonor,

631.0 1553.0 123.0 48.0 Leonor.

712.0 902.0 489.0 125.0 ESTROFAS.

1000.0 1112.0 416.0 53.0 Buscando viene anhelante

971.0 1147.0 373.0 55.0 A la prenda de su amor

973.0 1189.0 356.0 51.0 A su pesar consagrada

980.0 1224.0 344.0 53.0 En los altares de Dios.

1289.0 1250.0 279.0 66.0 Dispierta, Leonor,

1375.0 1294.0 120.0 64.0 Leonor.

1000.0 1358.0 410.0 61.0 No llores si á saber llegas

973.0 1404.0 404.0 55.0 Que me matan por traidor

978.0 1441.0 417.0 50.0 Que el amarte es mi delito

973.0 1474.0 454.0 55.0 Y en el amar no hay baldon,

1287.0 1500.0 290.0 68.0 Ay ! adios, Leonor,

1381.0 1546.0 110.0 53.0 Leonor.

515.0 1700.0 855.0 78.0 CANCIONES PUBLICADAS EN EL CANTOR DE LOS AMORES.

925.0 1640.0 79.0 60.0 FIN.
