1753 2480
527.0 132.0 653.0 72.0 Te ví por fin... acércate ángel mio,

477.0 202.0 597.0 52.0 A tí ; mi bien, y solamente á tí,

475.0 243.0 527.0 62.0 Dirigiré mi cántico sombrío

477.0 287.0 573.0 66.0 Que dictará mi acerbo frenesí.

481.0 330.0 662.0 68.0 Llegaste ya... Señora tanta suerte !

485.0 380.0 767.0 68.0 Y... mi rival... no llegues... ¡ Oh furor !

477.0 431.0 730.0 69.0 Su acero atroz herido me ha de muerte

483.0 483.0 701.0 87.0 Vengo á tus piés á agonizar de amor.

336.0 1510.0 1121.0 130.0 LEONOR AL TROVADOR.

188.0 1698.0 564.0 56.0 Cése el llorar, amante de amargura,

150.0 1729.0 503.0 58.0 Cése el gemir querido Trovador :

155.0 1769.0 580.0 51.0 Tu amante fiel se rinde á tu ternura,

155.0 1804.0 504.0 51.0 Y lauros mil coronarán tu amor;

152.0 1835.0 552.0 58.0 Compensarán los goces y las glorias

155.0 1874.0 564.0 56.0 Todo el rigor de mi anterior desden,

155.0 1911.0 554.0 52.0 Y envidiarán los siglos y la historia

150.0 1948.0 523.0 79.0 Al Trovador y á su querido bien.

183.0 2015.0 478.0 57.0 Tu dulce voz, tu citara sonora

152.0 2058.0 497.0 56.0 Ensalzarán la pompa del festin,

155.0 2095.0 537.0 58.0 Te brindará la dama encantadora,

155.0 2130.0 469.0 54.0 Y brindarán todos al paladin;

157.0 2165.0 632.0 67.0 Ay ! Trovador, ven á mis tiernos brazos,

152.0 2207.0 503.0 45.0 Tu amante fiel te los ofrece ven:

155.0 2234.0 496.0 51.0 Y estrecharán indisolubles lazos

148.0 2275.0 527.0 97.0 Al Trovador y á su querido bien.

934.0 1692.0 541.0 60.0 Si el ronco son de bélicos clarines,

905.0 1727.0 546.0 52.0 Si el tambor llama tu pecho audaz

907.0 1764.0 562.0 54.0 Lleva mi amor del orbe los confines

911.0 1802.0 614.0 53.0 Y entre el luchar disfrute tu alma paz.

909.0 1841.0 496.0 50.0 Con tu valor aterra al enemigo,

911.0 1874.0 569.0 52.0 La pátria en tí contempla su sostén;

915.0 1911.0 538.0 48.0 Y asi despues descansarás conmigo

913.0 1944.0 550.0 66.0 Tú Trovador, ! yo tu querido bien!

950.0 2012.0 577.0 67.0 Tu imágen fiel me ocupará dó quiera

911.0 2062.0 416.0 52.0 Seré feliz al meditar en tí,

915.0 2095.0 461.0 52.0 Ay ojalá esperanza lisonjera;

913.0 2130.0 453.0 48.0 No sea faláz un dia para mi:

911.0 2170.0 577.0 49.0 Si de mi amor burlases la esperanza,

911.0 2205.0 546.0 49.0 Ay yo muriera en tal fatal vaiven;

915.0 2240.0 546.0 54.0 Antes cruel, has de clavar tu lanza

907.0 2271.0 535.0 56.0 Oh Trovador ! en tu querido bien.
