1691 2359
727 110 146 57 — 21 —

184 161 1219 63 lejos se levantaba un denso humo, y la curiosidad le obligó subir á

184 208 1217 58 la cumbre de una colina para descubrir la causa de aquella humare-

184 251 1217 59 da. No bien llegó á lo alto cuando vió cinco ó seis canoas amarradas

221 297 1181 64 la orilla y unos treinta salvajes que con feroces gritos bailaban al-

183 340 450 61 ededor de una hoguera.

256 385 1147 59 Volvió á su morada, se armó y encomendándose á la Providencia

183 431 1219 60 resolvió defender su vida hasta el último extremo, y en seguida se

186 473 882 60 puso á observar los movimientos de los enemigos.

252 516 1149 52 Divisó dos infelices á quienes los bárbaros llevaban arrastrando

183 563 1216 51 á la hoguera. Mataron á uno de los cautivos, echándose sobse él sin

183 605 1214 59 duda para descuartizarle. Durante esta operacion el otro desgraciado,

186 651 1213 58 encontrándose un poco libre concibió la esperanza de salvarse y pudo

184 695 1215 59 romper las ataduras que le sujetaban poniéndose en fuga con increi-

186 741 662 54 ble rapidez en direccion á Robinson.

250 779 1151 63 El gozo, la confianza, el miedo y el horror se apoderaron alter-

184 828 1217 54 nativamente del ánimo de nuestro Robinson, asomándose á su sem-

186 870 1217 55 blante ya pálido, ya encendido. Sentia no poco regocijo al advertir

184 916 1219 56 que el prisionero llevaba mucha ventaja á sus perseguidores. En bre-

186 956 1219 57 ve llega aquel cerca de Robinson. Entonces se inflamó este de un celo

186 1005 1217 55 y valor que jamás habia esperimentado. Toma su lanza y sin dudar

183 1047 1222 60 un momento echa á correr y se coloca entre el perseguido y los per-

183 1091 1222 55 seguidores: el que huia vuelve la cabeza, asústase al ver á Robin-

183 1134 1222 58 son cubierto de pieles, créele un númen celestial y duda si postrarse

184 1182 1221 51 á sus piés ó huir de él. Pero Robinson, extendiendo los brazos, le dió

183 1224 1222 53 á entender por señas que estaba allí para favorecerle, y volviéndose

184 1269 1217 54 hácia los enemigos se puso en marcha contra ellos. Cuando estuvo á

184 1314 1217 52 tiro del primero, esfuerza su valor, hiere con la lanza al salvaje ene-

183 1356 634 64 migo y le deja tendido en el puesto

251 1390 1151 69 No habia Robinson concluido su tarea como él creia, pues bien

183 1445 1219 62 pronto vió que el salvaje á quien creia muerto no estaba más que he-

184 1494 1218 56 rido; pues apenas habia caido al suelo cuando recobrando nuevas

186 1541 1217 53 fuerzas, tuvo las suficientes para volverse á levantar con ademan de

183 1579 1219 55 hacer resistencia; pero advirtiendo esto Robinson secundó tan terri-

186 1623 1215 57 ble empuje al cuello de su contrario que cayó sin vida á sus piés. Es-

184 1667 1215 61 tando todavía el otro á cien pasos de distancia se detiene sorprendido,

186 1715 1215 58 pone una flecha en su arco y despídela contra Robinson: dále el tiro

184 1756 1215 59 en el pecho, más ya venia sin fuerza y así no le causó la más leve he-

184 1800 1214 54 rida. No dió tiempo Rebinson á su enemigo para repetir el tiro, y

187 1849 1165 55 acometiéndole con la lanza le alcanzó y postró en tierra exánime.

255 1887 1146 60 Vuélvese hácia donde estaba el perseguido y le ve todavía inmo-

186 1930 1215 63 vil en el sitio en que se habia parado: le hace señas para que se acer-

184 1973 1219 63 que, el indio obedece, pero con miedo y en ademan suplicante; se

184 2016 1218 61 humilla delante de su libertador, se arroja á sus plantas besando la

183 2061 1218 66 tierra, y cogiéndole un pié lo puso sobre su cabeza para manifestarle
