1738 2396
731 183 155 53 — 25 —

247 230 1178 66 Empezó á discurrir qué llevaria en el primer viaje, y no acertaba

185 279 1237 64 á resolverlo. Al cabo fija la eleccion en dos barriles de pólvora y mu-

186 330 1236 53 niciones; seis pequeños cañones de artillería, seis fusiles, pistolas, es-

186 368 1236 65 padas, cuchillos de monte, dos vestidos completos y dos pares de za-

186 415 1237 60 patos; varios instrumentos y herramientas de carpintería; varios mue-

186 460 1236 60 bles, como sillas, mesas, etc.; un tonel de bizcochos, un saco de tri-

187 501 1235 66 go y otro de maiz, la cabra y los papeles que habia en la cámara del

185 547 1236 57 capitan; un anteojo, una cajita llena de diamantes y un barril de pol-

187 592 1234 57 vos de oro: esto último lo llevaba con intencion de volvérselo á su

183 637 617 61 dueño si algun dia lo encontraba.

251 681 1164 56 Tanto se detuvo en registrar el navío que cuando concluyó la ope-

183 732 1235 53 racion solo faltaba una hora para que empezase á subir la marea, sin

183 777 1232 49 la cual no les hubiera sido dable volver á tierra. Robinson quiso de-

181 814 1234 63 dicar este tiempo en comer á la europea, cosa en que no se habia vis-

181 859 1234 56 to hacia muchos años. Fué á buscar un trozo de vaca ahumada ó ce-

178 907 1237 54 cina, algunos arenques, bizcochos, manteca, queso y una botella de

179 950 1235 58 vino, y lo sirvió en una mesa de la cámara del capitan, sentándose

179 998 1235 54 cada uno en su respectiva silla. Domingo, que no conocia el modo de

177 1036 1234 56 comer de los europeos, se veia muy atado sin saber manejar el tene-

177 1082 1234 58 dor, mas Robinson le enseñó á servirse de él. El vino se negó abso-

178 1124 1192 62 lutamente á beberle; el bizcocho por el contrario le gustó mucho.

242 1171 1169 60 Subia ya la marea, y saltando ambos en la balsa se dejaron lle-

179 1215 1230 60 var suavemente por el flujo hácia la isla. Llegaron á la orilla y se die-

175 1263 996 52 ron prisa á desembarcar los efectos de que iba cargada.

239 1305 1171 56 Robinson se retiró detrás de unas matas para ponerse el vestido

175 1348 1231 61 completo que habia traido, presentándose de repente á Domingo.

174 1393 1232 59 Sorprendido éste dió algunos pasos atrás, dudando si seria su amo.

173 1444 1236 49 Robinson no pudo menos de reirse al verle tan admirado. Dióle un

175 1484 1232 56 vestido de marino explicándole el uso de cada pieza y previniéndole

173 1526 1234 60 fuese á vestirse detrás de un matorral. Obedeció Domingo, y no pue-

171 1570 1236 59 de ponderarse cuán larga fué esta operacion, pues todo se lo ponia

171 1617 1235 57 al revés. Por ejemplo, metió las piernas en las mangas de la camisa y

173 1666 1232 52 los brazos en los calzones; pero él se fué ámañando hasta que acertó.

235 1710 1172 53 Como poseian herramientas de todas clases, ya les fué fácil dar á

170 1750 1236 57 su habitacion más ensanche y seguridad, á cuyo efecto hicieron una

170 1800 1235 51 puerta y un puente levadizo, colocando alrededor los seis cañones ó

170 1838 1236 62 pedreros. Tambien pudieron arar y sembrar trigo y maiz, hacer pan

174 1886 876 52 y otras cosas, con que pasaban una vida alegre.

234 1930 1169 54 De este modo trascurrieron algunos años sin ocurrencia particu-

171 1974 1234 59 lar, hasta que una mañana que Robinson estaba ocupado en varios

169 2025 1237 52 negocios domésticos, envió á Domingo á la playa por tortugas. Poco

167 2069 1236 55 despues volvió á todo correr y sin poder alentar de cansancio dicien-

166 2107 495 58 do con balbuciente lengua:

213 2152 447 66 —¡Ahí están, ahí están!

282 2213 165 56 ROBINSON.
