1653 2355
730 136 182 57 — 15 —

192 198 1237 50 pestad le proporcionó lo que tanto deseaba. Un rayo que cayó sobre

192 238 1239 58 un árbol, le incendió, pudiendo así encender Robinson un tizo, con

191 281 1238 56 lo que tuvo lumbre para asar un trozo de llama. A fin de que no se

191 327 1238 55 le apagase formó un hornillo con ladrillos que fabricó de cierta tierra

191 375 1236 52 gredosa. Hizo tambien un grande hoyo en la tierra que le sirviese de

189 414 1236 62 sótano, y colocó un palo gordo sobre el hornillo para colgar alguna car-

189 463 1237 51 ne al humero. Estando cavando para hacer el sótano dió contra una

188 505 1239 56 cosa dura y por poco no quiebra el azadon. Presumió fuese alguna

191 550 1235 59 piedra; pero ¡cuál fué su sorpresa cuando vió que aquel cuerpo duro

193 593 1236 61 era oro puro! Sin embargo, en lugar de alegrarse le dió un puntapié

193 637 592 60 y lo arrojó lejos de sí, diciendo:

231 682 1198 57 —¡Oh vil metal que tanto ambicionan los hombres!... ¡De qué me

189 727 1240 58 sirves? De buena gana te cederia por un puñado de clavos ó cual-

191 771 458 58 quiera herramienta útil.

260 815 1167 60 Al otro dia se dirigió á la playa en solicitud de algunas ostras:

188 864 1239 55 halló poquísimas, pero en cambio encontró una tortuga tan grande que

191 904 1232 64 pesaba cerca de un quintal. Cogióla como pudo y llevóla a su cueva,

189 948 1234 58 donde la mató á fuerza de golpes. Comió de ella lo que quiso y guar-

191 994 1235 59 dó lo demás en la concha superior echándole agua del mar para que

192 1040 277 52 se conservase.

253 1081 1174 61 Habia puesto por la mañana unas patatas entre el rescoldo para

192 1135 1233 47 ver qué saldria: acordóse entonces de ello, y la nueva fruta estaba tan

192 1170 1231 57 blanda y despedia un olor tan grato que convidaba á comerse. Mordió

191 1218 1223 62 una y le supo tan bien que resolvió le sirviese de pan en lo sucesivo.

672 1347 282 72 CAPITULO IV.

189 1466 1227 55 Coge Robinson unos llamas y logra domesticarlos.—Un terremoto le ocasiona un

219 1513 1198 49 susto terrible.—Desplómase parte de su vivienda y logra habitacion más capaz.

223 1551 1194 54 —Se ingenia en hacerse un vestido de pieles y otras cosas útiles.—Le acomete

221 1592 845 56 una enfermedad que le pone á las puertas del sepulero.

248 1699 1170 55 Despues de varios dias le ocurrió coger con lazos algunos llamas

189 1746 1227 59 y domesticarlos. En efecto, logró coger una hembra con dos hijuelos.

183 1788 1234 61 Su primer cuidado fué hacer una segunda cerca en que albergarlos

183 1835 1234 58 por el estilo de la que rodeaba su morada. Domesticó los llamas, en

183 1878 1233 53 especial á la madre, de quien se servia como bestia de carga y con

181 1923 1232 57 cuya leche se alimentaba. Otro dia encontró sal, lo que le causó mu-

183 1971 1227 56 cha alegría, pues ya podia hacer salmuera en que guardar la carne,

183 2017 1021 55 porque con el agua del mar no se conservaba muy bien:

247 2051 1166 58 Pasó algun tiempo sin que hubiese la menor novedad, hasía que

184 2095 1225 67 una noche, hallándose durmiendo, de repente tembló extraordinaria-
