1697 2348
815 146 143 65 — 26 —

325 221 712 42 —¿Quién? preguntó Robinson asustado.

315 241 1182 70 —¡Amo mio, amo de mi alma, seis canoas!... respondió Do-

275 303 184 50 mingo.

326 330 1172 70 Robinson subió aceleradamente á la colina y vió que Domingo

270 376 1228 66 decia verdad, pues distinguia las seis canoas llenas de salvajes pró-

272 418 1225 75 ximas á la orilla. Bajó sin dilacion y confortando al trémulo Domin-

272 473 302 65 go, le preguntó:

313 511 1185 68 —Dí, amigo mio, en caso de que nuestros enemigos se acerquen

275 554 1194 69 ¿tendrás valor y ardimiento para ayudarme con todas tus fuerzas?

315 602 1058 56 —Con mi sangre y con mi vida, respondió su compañero.

314 645 1185 67 —Pues bien, acudamos á impedir que esos mónstruos consigan su

280 697 315 55 horrible intento.

336 731 1165 67 En esto bajó del terraplen un cañon con su cureña de ruedas, to-

275 778 1227 64 mó seis fusiles cargados, cuatro pistolas y dos sables, repartiéndolos

276 821 1223 69 entre él y el indio. Prevenidos de municiones tiraron del cañon, en-

276 868 1225 58 caminándose valerosamente al campo por detrás de los matorrales

278 913 1223 60 hasta corta distancia de los enemigos, donde deteniéndose, dijo Ro-

278 965 1225 55 binson á Domingo se acercase con cautela y volviese á informarle de

279 1001 1223 66 lo que viese. Trajo el indio noticia de que habia visto á los salvajes

276 1048 1226 64 royendo los huesos de un prisionero, y que á corta distancia tenian

278 1094 1092 55 otro atado de piés y manos que parecia ser blanco y barbado.

340 1141 1161 52 Alteróse Robinson con tales nuevas, y dejando los fusiles dió fue-

278 1179 1227 66 go al cañon. Al estruendo de éste caen los salvajes trastornados, como

276 1230 1229 54 si hubiesen quedado mortalmente heridos. Pero despues, recobran-

278 1271 1227 59 dose los bárbaros, volvieron á sentarse alrededor de la hoguera, y dos

278 1316 1225 56 de ellos se dirigieron al prisionero. Entónces Robinson, sin poder

281 1364 647 57 contener su cólera, dijo á Domingo:

323 1407 1186 63 —Tú vas por la izquierda, yo por la derecha; vamos allá con la

279 1450 275 59 ayuda de Dios.

342 1496 1165 54 Inmediatamente salen á campo raso y acometen á los salvajes:

283 1541 1227 58 éstos se resisten; mas viendo el estrago que causaban en ellos las ar-

283 1586 834 56 mas de fuego, se iban retirando á sus canoas.

345 1629 1164 57 Durante el combate Robinson desató al prisionero, que era espa-

284 1674 1225 59 ñol, y le dió armas para que se defendiese. Así que éste se vió arma-

284 1716 1226 63 do se avalanzó furioso sobre sus asesinos, y acabó con dos de ellos.

288 1763 1224 58 Ayudóle Domingo con otro fusil mientras Robinson cargaba los que

287 1810 1224 56 se habian disparado. Al principio encontraron bastante resistencia los

289 1849 1223 64 dos combatientes, pues el español peleaba por un lado con un vale-

292 1897 1222 60 roso salvaje. El español era el que más apurado se veia, pues aunque

292 1937 1220 66 habia maltratado con dos tajos la cabeza del salvaje, las mismas he-

292 1985 1223 57 ridas irritaron en tal extremo al bárbaro, que no le fué posible evitar

293 2031 1223 60 que su adversario le cogiese por la mitad del cuerpo, le derribase

293 2072 1221 60 en tierra y le quitase el sable de las manos para degollarle; pero Ro-

296 2113 1216 71 binson, viendo en tan grande apuro al europeo, de un tiro levantó al
