1705 2396
759 123 121 68 — 11 —

191 183 1234 67 por distinto camino tuvo la fortuna de encontrar un árbol cuya fruta

187 236 1236 59 era bantante abultada, y aunque no la conocia le pareció podria co-

190 278 1236 61 merse; echó una al suelo. Era cierta especie de nuez triangular del

193 326 1230 56 tamaño de la cabeza de un hombre poco más ó menos; la corteza ex-

191 366 1234 53 terior estoposa y compuesta de hebras como de cáñamo; pero la in-

191 408 1235 63 terior era tan dura como una concha de tortuga, de suerte que al mo-

191 460 1236 51 mento presumió podria servirle de taza. El cuenco se componia de

194 499 1233 56 una sustancia jugosa que sabia á almendra dulce, y en el centro halló

194 545 1231 52 una leche tambien dulce y sabrosa. Este árbol, comun en América,

194 587 1233 51 se llama cocotero y su fruta lo que llamamos coco. Para el hambrien-

195 634 1232 48 to Robinson fué esto un expléndido banquete. El árbol era bastante

195 674 975 52 crecido, mas no se descubria otro en toda la comarca.

259 724 1167 48 Robinson habia quedado satisfecho, pero no por eso dejó de acu-

195 761 1232 58 dir á la playa en busca de ostras. Aunque en corto número halló

195 805 1231 56 algunas y las guardó para el medio dia, continuando la tarea del dia

195 854 185 53 anterior.

258 886 1169 61 Recogió en la ribera una gran concha, que sirviéndole de azadon

197 941 1230 56 le facilitó el trabajo. Descubrió tambien una planta cuyo tallo se com-

197 981 1232 59 ponia de hebras. Esta planta era la que se llama mimosa en Améri-

199 1028 1230 50 ca y pita en nuestro país. En otra ocasion no hubiera reparado en tan

198 1070 1228 56 menudas cosas, pero entonces nada miraba con indiferencia por si en

201 1112 1226 56 algo podia aprovecharle. Efectivamente, con dichas hebras, despues

199 1160 1230 55 de algunos ensayos, logró hacer algunos cordeles que fueron bastante

199 1207 1228 53 para atar su concha á la punta de un palo y logró tener un instru-

202 1247 932 56 mento muy semejante á la azada de los labradores.

265 1287 1164 60 Prosiguiendo luego su obra fué plantando árboles hasta que cerró

201 1332 1229 55 la plazuela con una especie de empalizada. Como una sola hilera no

201 1376 1230 57 le pareció suficiente muro para resguardarle, no perdonó fatiga para

203 1418 1226 60 plantar otra segunda. Entretegió luego con ramas las dos hileras, y

202 1464 1229 54 aun le ocurrió el pensamiento de llenar con tierra el espacio que que-

201 1509 1229 61 daba entre ambas, logrando fabricar una tapia sólida que sin gran

205 1553 571 60 pujanza no pudiera derribarse,

270 1602 1163 53 Regaba su plantío con agua de una cercana fuente, sirviéndole

201 1641 1232 60 de regadera su escudilla de coco, y antes de mucho tiempo tuvo la

203 1687 1230 55 satisfaccion de ver que sus árboles brotaban y reverdecian, ofrecien-

203 1730 1231 55 do ya la vista más deliciosa; entonces intentó no dejar puerta en su

203 1773 1230 58 habitacion, sino plantar más árboles que cerrasen del todo la única

205 1818 1230 53 entrada que quedaba. Con este objeto trató de hacer una escala de

206 1867 1023 55 cuerda que le sirviese para entrar y salir en su vivienda.

273 1904 1162 56 De allí á poco halló una piedra, que al verla le causó el mayor re-

207 1950 1224 62 gocijo, pues tenia la figura de una hacha con su filo, y lo que es más,

209 1996 1229 63 un agujero en que podia entrar un palo, con lo cual quedó dueño de

211 2040 1226 52 una hacha. Tambien habia encontrado otras dos piedras, de las que

209 2084 1225 75 la una tenia la figura de un mazo, y la otra de una cuña. Supo inge-
