1668 2300
697 103 135 65 — 7 —

145 153 1240 74 cansó luego de permanecer allí. En este tiempo habia llegado otro na-

150 212 1235 56 vío portugués que venia de Lisboa y que pasaba luego al Brasil: tra-

149 259 1237 56 bó amistad con el capitan, y apenas oyó hablar á éste de los muchos

154 299 1231 62 polvos de oro y piedras preciosas que hay en dicho país, se hubiera

155 346 510 57 dejado sacrificar por ir allá.

219 387 1166 58 El capitan portugués estaba pronto á llevarle sin pagar nada, y

155 430 1230 60 como además el navío inglés habia de detenerse lo menos quince dias,

158 476 1231 59 no pudo ya resistir el ánsia de ver tierras, y sin más rodeos se des-

162 518 1227 58 pidió de su amigo el capitan inglés, quien habiendo sabido en aque-

161 564 1230 58 llos dias por boca del mismo Robinson que andaba viajando sin per-

163 612 867 52 miso de su padre, se alegró de deshacerse de él.

227 654 1161 60 Embarcóse Robinson para el Brasil con tiempo muy favorable,

166 704 1225 60 que duró varios dias consecutivos; pero de repente se levantó un fu-

167 750 240 54 rioso viento.

233 789 1158 59 Las espumosas olas que se encrespaban como grandes casas,

167 833 1224 60 traian el navío de aquí para allí, continuando la tempestad seis dias,

169 880 1226 60 la cual les echó tan lejos que ya ni el capitan, ni el piloto podian sa-

169 922 1230 55 ber dónde estaban. Sin embargo, consultando el mapa les pareció

171 967 1226 57 que se hallaban no muy distantes de las islas Caribes, habitadas por

172 1013 164 59 salvajes.

239 1056 1159 54 Al amanecer del sétimo dia causó un marinero extremado gozo á

176 1104 597 51 toda la tripulacion, exclamando:

227 1147 422 57 —¡Tierral... ¡tierral...

237 1189 1166 61 Salieron todos sobre cubierta á ver la tierra, pero de repente

178 1234 691 57 todo su gozo se mudó en mortal pavor.

245 1279 1160 56 Encalló el buque y cuantos estaban sobre la cubierta sintieron un

180 1328 1227 54 sacudimiento tan fuerte que cayeron trastornados. El viento soplaba

178 1369 1227 54 con tal fuerza que no se podia esperar que el buque pudiese resistir

180 1411 1228 57 algunos minutos más, á no ser que sobreviniese una calma como por

182 1456 1227 61 milagro, y aun así no era posible que volviese á flotar, porque estaba

185 1505 636 52 fuertemente encallado en la arena.

256 1546 1152 57 Ya las olas inundaban la cubierta, y para no dejarse llevar de ellas

185 1590 1181 58 sodos tuvieron que refugiarse en las cámaras y en el entrepuente.

254 1636 1158 53 Oyéronse entonces lamentables gritos, gemidos y sollozos capaces

187 1681 1224 58 de quebrantar un corazon de piedra. Unos rezaban, otros hacian ex-

186 1726 1225 59 clamaciones desesperadas; algunos se arrancaban los cabellos, mu-

189 1773 1224 56 chos se quedaban sin movimiento como cadáveres, y uno de estos

190 1814 803 55 era Robinson, que no sabia lo que le pasaba.

259 1857 1155 53 Los que no se hayan encontrado en situacion tan crítica y deses-

194 1903 1218 60 perada, no pueden formarse una idea de la consternacion en que es-

195 1947 781 53 taban sumidos aquellos infelices náufragos.

259 1990 400 59 Bien pronto gritaron:

250 2035 477 59 —¡Se ha abierto el buque!

265 2073 1151 78 Esta horrible noticia les hace volver en sí. Acuden todos, echan
