1659 2354
645 386 220 108 HISTORIA

200 529 1126 144 DEL NUEVO ROBINSON,

440 731 640 60 SUS VIAJES Y PERMANENCIA

361 869 799 92 EN UNA ISLA DEL OCÉANO ATLÁNTICO.

549 1169 432 65 CAPITULO PRIMERO.

147 1315 1220 62 Patria y padres de Robinson. Sus deseos de viajar.—Embárcase y sufre una tem

179 1362 1193 53 pestad que le arroja á Inglaterra.—Nuevo viaje. Llega á las islas Canarias.—

179 1401 1197 57 Embárcase de nuevo para el Brasil, sufriendo otra tempestad más horrorosa

176 1441 857 60 que la primera; naufraga y se salva en una isla desierta.

215 1575 1164 61 Vivia en la ciudad de Hamburgo un hombre apellidado Robinson

146 1626 1233 63 que tenia tres hijos. Los dos primeros se le desgraciaron, quedándole

149 1675 1227 53 solo el menor llamado Conrado á quien amaba más de lo que debiera.

147 1715 1230 59 Crecia este sin saber á qué destinarle, pues aunque su madre queria

147 1760 1234 63 que se dedicase al comercio, él no le tenia aficion y solo queria viajar

149 1813 1230 58 para ver tierras, ó lo que es lo mismo, queria vivir con entera li-

149 1857 138 51 bertad.

218 1885 1163 67 Ya habia cumplido diez y seis años y aun no sabia nada. Todos

149 1936 1235 67 los dias pedia licencia á su padre para viajar, pero éste nunca se la

149 1987 176 53 concedia.

214 2019 1168 70 Un dia, segun tenia de costumbre, habia ido á corretear hácia el

150 2068 1229 68 puerto y encontró un amigo. Este era hijo del capitan de un navío y

149 2119 934 71 estaba entonces para partir á Lóndres con su padre.
