1680 2373
839 122 140 69 — 12 —

283 203 1236 32 niarse tan bien que fijando en la tierra y en la peña la cuña y dando

282 229 1237 55 en ella con el mazo desprendió muchos pedazos. De este modo en

283 270 1236 63 pocos dias le pareció haber dejado ya concavidad bastante para ser-

286 324 538 54 virle de receptáculo y abrigo.

349 361 1171 59 Habia cogido de antemano gran cantidad de yerba y puéstola á

280 404 1239 57 secar al sol. Cuando estaba seca la llevó á su cueva para hacer una

280 450 1236 53 buena cama. Con tan acertada providencia consiguió volver á dormir

283 494 1233 53 acostado como los racionales, despues de haberse visto obligado á

280 539 1235 58 recogerse sobre un árbol como los pájaros. ¡Qué deleite para él po-

282 584 1234 55 der al fin reclinar los fatigados miembros sobre una cama de yerba!

349 624 1167 54 El dia siguiente era domingo, y consagrándole al descanso y á la

282 671 1235 52 oracion, pasó Robinson largas horas arrodillado, levantados al cielo

284 714 1231 54 los húmedos ojos y pidiendo á Dios se dignase perdonar sus yerros

284 759 968 57 y bendecir y consolar á sus desventurados padres.

327 802 1189 57 Reiteraba al Supremo Criador las veras de su reconocimiento por

283 849 1230 54 los maravillosos auxilios que le habia deparado en una estrechez tan

283 891 1228 58 deplorable como la de hallarse abandonado de todo género humano,

283 939 1230 58 y le prometia enmendarse cada vez más y perseverar en su cristiana

282 980 234 60 obediencia.

352 1023 1161 55 Para no olvidar el órden de los dias de la semana y saber á pun-

282 1070 1230 53 to fijo cuándo era domingo, pensó en hacer un calendario; pero no

283 1116 1230 52 teniendo papel ni otro recado de escribir, eligió cuatro árboles de cor-

284 1164 1228 48 teza lisa y poco distantes unos de otros. En el mayor de ellos señala-

283 1203 1230 53 ba cada tarde con una piedra cortante una rayita que denotaba haber

284 1253 1231 53 pasado un dia. A las siete rayas ya conocia que la semana estaba

282 1291 1231 60 concluida y entonces pasaba á señalar en el segundo árbol otra raya

280 1342 1235 48 que significaba una semana. Cuando en este segundo árbol habia

280 1384 1229 51 cuatro rayas señalaba una en el tercero para indicar que habia pasa-

280 1425 1231 58 do un mes. Por último, cuando estas rayas de los meses llegasen á

279 1473 1232 56 doce pensaba señalar con otra en el cuarto árbol el año cabal que hu-

280 1514 294 60 biese corrido.

346 1558 1169 51 Entretanto habia apurado casi todos los cocos del único árbol de

278 1600 1234 55 ellos que hasta entonces habia descubierto, y escaseando ya tanto las

280 1649 1231 56 ostras en la playa, que no le bastaban para alimentarse, empezó á

280 1694 1191 60 virir con sobresalto y á recelar llegase á faltarle el mantenimierto.
