1659 2354
334 175 1170 66 De otra parte. siendo muchísimas las personas que han leido la

266 230 1235 65 obra de Robinson y tal gusto han sacado de su argumento, que nin-

268 285 1232 64 guno ha podido olvidar los lances tan extraordinarios que le sucedie-

264 337 1235 64 ron á este héroe por lo mucho que maquinó para poder subsistir en

261 388 1006 61 una isla desconocida, frecuentada tan solo por salvajes.

331 438 1167 60 Así es que no hay pueblo en España, grande ó pequeño, que deje

262 493 1236 65 de haber quien tenga noticias de las aventuras de Robinson; pero co-

259 544 1235 61 mo unos lo cuentan salteado, otros con muy poca explicacion, hay

260 593 1232 67 muchos que desean leer esta obra tan agradable que no pueden con-

260 653 1235 55 seguir, porque, por desgracia, no todos se hallan con medios para

257 702 1233 59 comprarla, esto es lo que ha dado lugar á componer este compedio,

260 755 1230 54 en el que por su órden hallará el lector por poco precio los aconteci-

259 802 1231 61 mientos más notables desde que Robinson salió del pueblo en que

261 857 798 64 viera la primera luz hasta que regresó á él.

317 903 1170 71 En todo se ha atendido á la utilidad de los jóvenes, y se ha ador-

256 958 1228 69 nado con algunos grabados para proporcionarles un atractivo que les

260 1016 573 78 haga más interesante la lectura.
