1662 2322
766 141 129 77 — 31 —

193 194 1226 82 nian once hombres, habia llegado á la playa donde desembarcaron

193 245 607 64 ocho armados y tres maniatados.

256 288 1160 75 Era el caso que se habia sublevado la tripulacion contra el capi-

193 328 1223 82 tan, el piloto y otro navegante, y pensando que aquella isla estaba

192 376 1218 72 desierta determinaron saltar en tierra con intencion de dejarlos aban-

193 419 1213 75 donados allí; pero Robinson sospechó esto mismo y se propuso des-

192 466 1214 69 de luego dar auxilio al capitan, dándose tan buena maña, que enta-

192 508 1211 71 blando amistad con los sublevados pudo llegar á persuadir á los más

192 554 1210 69 de ellos, haciéndoles desistir de su depravado intento; solo tres de

190 602 1208 67 los principales motores de la sedicion insistian en llevar á cabo su

188 641 1210 73 abominable idea; pero al fin Robinson, por medio de una estratagema

188 688 1209 71 sagaz, y con ayuda de los de su parte, consiguió aprisionar á los de-

187 732 1211 74 lincuentes, con lo que el inglés volvió á ser dueño de su navío. Agra-

185 772 1055 72 decido éste al favor que habia recibido de Robinson, le dijo:

233 817 1161 75 —Vos sois, generoso mortal, quien me ha salvado y me ha resti-

184 861 1210 76 tuido el buque; de él y de mi persona podeis disponer á vuestro al-

183 903 143 55 bedrío.

247 952 1140 70 Robinson contó en breves razones lo principal de sus aventuras,

181 1001 1208 68 que causaron singular admiracion al capitan. Luego le oreguntó éste

180 1043 679 59 qué le mandaba hiciese en favor suyo.

224 1083 1165 71 —Amigo mio, respondió Robinson; tengo que pediros por merced

175 1131 1206 68 que aguardemos á que vengan los españoles y el padre de Domingo,

179 1173 1202 70 recibiéndonos á bordo de vuestro navío con la obligacion de dirigir

176 1220 1205 67 el rumbo á Inglaterra, tocando primero en Cádiz para desembarcar

175 1260 1203 73 á los españoles, y que perdoneis la vida á los cabezas de la sedicion,

175 1305 1052 68 sin imponerles otro castigo que el de quedarse en esta isla.

238 1353 1075 60 El capitan prometió á su protector que así lo ejecutaria todo.

237 1394 1142 68 Mientras esto pasaba llega Domingo con la noticia de que venia su

172 1438 1206 68 padre y los españoles. No tardaron estos en saltar en tierra, siendo

172 1488 1204 62 recibidos con regocijo; pero extrañando Robinson que entre ellos

169 1528 1206 67 hubiese dos mujeres, el anciano se apresuró á informarle qne eran

170 1569 1204 64 naturales de la misma isla de donde venian y que estaban casadas

167 1613 1204 70 con dos de los españoles. Apenas entendieron estos que Robinson de-

167 1662 1203 65 jaba en la isla algunos marineros, le suplicaron les permitiese que-

166 1704 1204 67 darse allí avecindados con sus consortes, respecto á las buenas noti-

166 1746 617 66 cias que tenian de aquel territorio.

229 1790 1141 67 Aprobó Robinson su solicitud celebrando se arrraigase en la isla

163 1836 727 62 el establecimiento de una nueva colonia.

232 1878 1138 72 Despues de dejar arreglados algunos asuntos de importancia y

162 1923 1208 64 embarcado todo lo necesario, llega la hora de la partida y con voz

161 1967 1208 68 comprimida se despide por última vez de la isla y de los colonos que

161 2011 1204 72 deja en ella, pasando á bordo en compañía de Domingo, Joviano y

160 2051 363 64 los demás españoles

224 2096 1142 77 Fué la navegacion de las mas felices, porque á los veinticuatro
