1743 2399
830 179 143 59 — 24 —

332 239 1172 60 Durante esta tempestad oyó Robinson algunos cañonazos y per-

266 283 1240 56 suadido de que seria algun buque que se hallaba perdido y pedia

268 327 1233 54 auxilio, encendió una hoguera. Al dia siguiente subió á un monte,

270 371 1236 54 desde donde vió un navio á lo lejos. Bajó prontamente á decirselo á

272 418 1234 59 Domingo; mas el navío estaba muy distante y no tenia la canoa para

270 461 1234 58 acercarse á él. Sin embargo, Domingo se ofreció á ir nadando hasta

270 506 262 59 donde estaba.

334 546 1170 60 Llegó felizmente cerca del navío y dió vueltas alrededor de él

270 594 1232 61 gritando por si alguien le oia; pero nadie respondió. Advirtió que

270 637 780 53 estaba colgada la escalera, y subió por ella.

338 687 1163 52 En cuanto llegó á la cubierta se espantó de ver un animal que no

272 726 1228 57 conocia, el cual apenas vió á Domingo empezó á dar aullidos ex-

272 769 1228 54 traordinarios. No tardó en callar y en mostrarse tan manso, que Do-

270 814 1231 54 mingo dejó te temerle y aun se atrevió á acariciarle. Auduvo el indio

273 855 1225 60 por toda la cubierta gritando, mas nadie le contestó. Mientras con-

273 902 1228 56 templaba absorto la multitud de objetos nuevos para él, se queda

273 946 1229 52 consternado al ver otro animal con astas muy retorcidas y una barba

272 987 1228 64 larga. Domingo dió un grito y se arrojó al mar. El perro de aguas

272 1034 318 53 se arrojó tras él.

340 1079 1161 55 Domingo, al sentir caer el perro en el agua, creyó que era el móns-

274 1123 1227 56 truo de los cuernos, y fué tal el terror que le sobrecogió que á poco se

273 1171 1227 53 ahoga; pero felizmente llegó á la orilla casi desmayado. Robinson,

273 1216 1229 50 asustado, no omitió diligencia alguna para hacerle volver en sí. En-

274 1255 1226 51 tonces contó á Robinson el resultado de su viaje, el cual creyendo

276 1299 1226 56 que la tripulacion del navío se habia salvado en alguna lancha, tra-

273 1342 1227 54 tó de aprovecharse de los efectos que habia en él. Pero ¿cómo hacer

274 1386 1227 56 esto si no tenia la canoa? Ocurrióle hacer una balsa con varios made-

274 1428 1227 63 ros trabados entre sí y de este modo pudieron dirigirse á la embar-

278 1472 146 52 cacion.

340 1515 1158 55 Se dió prisa á subir á bordo para examinar cuál era el carga-

278 1562 1227 51 mento y si estaba averiado. Tenia Domingo tan presente el susto de la

278 1613 1222 44 antevíspera que con dificultad se determinó á acompañar á su amo.

344 1649 1157 56 Empieza Robinson á reconocer el navío, pasa de un camarote á

276 1689 1224 58 otro, encontrando en todas partes mil cosas de infinito aprecio para él.

281 1735 1221 54 Aquí halaba provisiones de galleta, arroz, harina, vino; allá cañones

277 1779 1227 57 de artillería, fusiles, pistolas, sables, municiones; acá hachas, sier-

278 1828 1228 52 ras, barrenas, martillos, clavos; mas allá pucheros, platos, cucharas,

277 1868 1235 60 fuelles, tenazas y otros utensilios de cocina. Por último, encuentra

277 1912 1235 53 cajones de ropa, medias, zapatos y otras muchas cosas, cada una de

280 1955 1232 56 las cuales preferia al pedazo de oro que hacia tiempo tenia olvidado.

345 1997 1169 62 Domingo estaba atónito á la vista de tantos objetos, cuyo uso ni

277 2043 1239 53 remotamente podia haber imaginado. Por otra parte, Robinson todo

277 2087 1236 58 lo tentaba, todo lo cogia para volverlo á dejar apenas advertia otra

278 2132 548 71 cosa que le parecia preferible.
