1697 2346
780 125 140 60 — 29 —

302 181 1157 54 »Hoy al amanecer nos condujeron en canoas á ese lugar en que,

233 220 1228 61 segun costumbre de aquellos bárbaros, debíamos ser pasto de su vo-

233 264 1226 59 racidad. La Divina Providencia os trajo allí en favor nuestro, genero-

233 318 1228 58 sos varones, para redimirnos. Os debemos lo que jamás os podremos

232 363 147 55 pagar.»

295 397 1160 61 Calló el español, y lleno de agradecimiento empezó á verter co-

232 444 1225 60 piosas lágrimas. Robinson le preguntó sobre quién era el dueño de la

229 488 1226 59 carga del navío, á lo que respondió que le habian fletado dos comer-

228 533 1225 57 ciantes de Cádiz, de los cuales uno habia comprado negros, y el otro,

228 578 1226 60 que abominaba semejante comercio, habia tomado oro en polvo á

228 624 484 55 cambio de sus mercancías.

291 663 1160 55 Informándose igualmente de quién seria el dueño de los diaman-

226 714 1225 57 tes y papeles interesantes que recogió, supo que unos y otros perte-

224 754 1226 61 necian á un pasajero inglés que se restituia á su país; pero que ha-

224 802 1226 54 biendo fallecido en el viaje, el navío español llevaba aquellos bienes

222 849 1228 52 para hacerlos trasportar á Inglaterra. Entonces Robinson mostró al

221 888 1229 56 español todos aquellos efectos, que desde entonces miró como un

220 930 774 59 inviolable depósito confiado á su fidelidad.

286 974 1162 62 En seguida Robinson propuso al español y á Joviano que volvie-

220 1027 1226 53 ran á la referida isla en busca de los demás europeos para ofrecerles

220 1067 1226 57 de su parte si querian venir á vivir en su compañía; pero antes de la

221 1110 1223 56 partida dió el español una prueba, no solo de su honradez sino tam-

220 1157 1225 53 bien de su sagacidad y prudencia, pues le manifestó que siendo los

220 1199 1225 56 españoles marineros como él, no los tenia íntimamente conocidos para

217 1249 1227 54 atreverse á salir por fiador de sus genios; en cuyo caso era de parecer

217 1290 1227 57 que, como señor de la isla, formase una escritura ó contrato en que

217 1332 1227 59 se expresasen las condiciones con que los habia de admitir, previ-

216 1373 1228 63 niendo no se daria partido al que anticipadamente no aceptase dichas

216 1420 229 55 condiciones.

280 1470 1164 54 Contentísimo Robinson con la explicacion del español, extendió

215 1510 539 53 la contrata en estos términos:

282 1553 1158 60 «El que quiera establecerse en la isla de Robinson para gozar en

213 1595 1227 57 ella las comodidades de la vida con que desde ahora se le brinda, de-

215 1639 998 59 be obligarse á observar los pactos ó artículos siguientes:

260 1689 1180 53 1.° Conformarse en todo con la voluntad del señor legítimo de la

213 1728 1227 62 isla, sometiéndose voluntariamente á cuantas leyes y estatutos tenga

212 1771 858 61 dicho señor por conducentes al bien del Estado.

256 1818 1184 60 2.° Ser activo, sóbrio y virtuoso, pues ningun ocioso dado á la

212 1862 932 61 gula ó disoluto será tolerado en la mencionada isla.

258 1905 1183 61 3.° Abstenerse de toda alteracion y de hacerse juez en causa

209 1953 1231 59 propia, cualquiera que sea la ofensa que haya recibido, debiendo sí

211 1994 1230 65 querellarse ante el señor de la isla, ó ante la persona en quien éste

211 2034 634 69 haya subdelegado el oficio de juez.

255 2082 1187 86 4.° Allanarse con toda sumision á desempeñar las tareas que
