1680 2373
724 126 170 65 — 13 —

655 267 341 73 CAPITULO III.

193 370 1223 57 Robinson emprende una caminata para recorrer la isla.—Descubre una manala

221 413 1193 56 de llamas, mata uno y lo lleva consigo.—Una tempestad horrorosa le pone en

225 458 1139 56 el mayor pavor.—Cae un rayo sobre su cueva y le proporciona tener fuego.

255 568 1162 47 Contenido y acobardado hasta aquel dia no se habia atrevido á

195 607 1222 49 alejarse mucho de su morada, temiendo á los animales feroces y á los

196 645 1222 58 hombres, que no serian menos, si acaso los habia en aquel país; pero

197 694 1221 61 la necesidad le obligó á vencer la repugnancia, prefiriendo cualquier

197 735 627 59 género de muerte á la del hambre.

259 775 1159 63 Resolvió, pues, ponerse en camino con la ayuda de Dios, y tra-

197 825 1223 55 tó de fabricar un quitasol que le resguardase. Formó con vástagos de

197 868 1223 57 sauce un enrejado en figura de media naranja, y por el centro atra-

201 913 1219 61 vesó un palo asegurándole con cordel. Cogió luego las hojas más an-

196 958 1228 59 chas de su cocotero y las prendió con espinas de peces sobre a que

199 1004 1225 54 armazon. De este modo llegó á fabricar un quitasol tan bien ajustado

200 1048 1224 55 que no podian penetrarle los rayos del sol. Animado con lo bien que

201 1098 1223 51 le habia salido este trabajo, pensó en hacer un morralito para guardar

201 1140 1224 55 las provisiones que encontrase. Con los cordeles más delgados que

204 1189 1221 51 habia fabricado tegió una red y formó un saco, á cuya boca ató un

203 1227 1221 58 cordel grueso para colgarlo al cuello. Fué tal la alegría que le causó

201 1270 1109 54 el buen resultado de su trabajo que no durmió aquella noche.

265 1313 1157 55 Aun no asomaba el sol cuando levantándose Robinson se dispuso

204 1359 1220 56 imediatamente para la jornada. Se colgó el morral al cuello, se ciñó

204 1404 1217 59 el cuerpo con una cuerda para llevar el hacha, tomó el quitasol y

205 1448 689 58 empezó el viaje con alentado espíritu.

267 1485 1155 64 Era la mañana muy apacible, lo que contribuyó mucho á animar

204 1533 1217 56 á nuestro héroe. Receloso todavía con el miedo de los animales mon-

205 1582 1217 59 taraces y á los salvajes evitó cuanto pudo atravesar selvas espesas y

205 1625 1220 54 matorrales, procurando más bien caminar por terrenos escuetos donde

204 1667 1221 62 pudiese extender la vista libremente; pero aquellos mismos terrenos

204 1712 1221 58 eran los más estériles de la isla, de modo que llevaba andado un lar-

207 1758 917 58 go trecho sin haber hecho el menor descubrimiento.

269 1803 1155 59 Divisó una espesura y le pareció conveniente el acercarse á ella.

205 1845 1221 62 Eran unas plantas muy apiñadas formando un bosquecillo, y advir-

205 1890 1221 61 tió que en unas habia flores rojizas y en otras blancas, y algunas te-

207 1935 1217 54 nian en lugar de flores unas frutitas verdes del tamaño de cerezas.

207 1977 1225 58 Mordió una, pero conoció que no se podia comer. Arrancó la planta y al

205 2023 1225 56 hacer esto vió que de las raices pendian otras casi redondas. Sospe-

203 2069 1223 95 chó que podia ser aquello el verdadero fruto de la planta, y probó uno
