1668 2300
822 46 153 65 — 6 —

350 106 1159 66 Propuso á Robinson le acompañase diciéndole que dentro de tres

292 157 1221 64 semanas estarian de vuelta. Robinson hizo alguna resistencia, mas al

293 203 968 60 fin accedió á ello sin solicitar el permiso de su padre.

355 245 1154 60 Embarcóse Conrado, á quien desde ahora llamaremos solo conel

292 293 1218 60 apellido de Robinson, que era el de su padre y por consiguiente el

293 342 1215 56 suyo, y navegaron dos dias sin novedad; pero al tercero una horri-

293 382 1215 58 ble tempestad les puso en inminente peligro. El navío hizo agua y

291 426 1218 59 todos los que en él iban hubiesen perecido á no haber llegado otro

291 471 1212 60 buque en su socorro que los recogió y condujo felizmente á Lóndres.

354 517 1155 58 En cuanto llegaron á esta ciudad, Robinson, olvidando lo pasado

295 559 1213 60 y despreciando los consejos que le daba un honrado capitan para que

292 609 1214 55 se volviese con sus padres, se embarcó en otro navío para pasar á

290 652 145 55 Guinea.

356 1820 1158 71 A los pocos dias de viaje fué impelido el buque por un viento fuer-

295 1874 1219 64 te que le arrojó hácia el Africa; mas por fin pudo llegar á las islas Ca-

295 1921 722 50 narias, donde desembarcó su tripulacion.

362 1960 1152 63 Teniendo necesidad el capitan del navío de hacer en él algunas

292 2009 1222 68 composturas, Robinson. que era tan impaciente y antojadizo, se
