1715 2365
830 114 143 64 — 22 —

295 170 1209 62 que era su esclavo; mas Robinson, ansioso de tener un amigo y no

307 215 1199 63 un siervo, le levantó y procuró acreditar por cuantos medios le ocur-

303 256 708 63 riesen, que le trataria con amistad.

362 1371 1142 67 Por órden de Robinson el indio se apoderó de los arcos y flechas

298 1424 1204 55 de los perseguidores y enterró los cadáveres para evitar que sus com-

297 1466 1207 60 pañeros llegasen á descubrir algo si acaso volvian á buscarlos. Hecho

298 1509 1206 62 esto se dirigieron á su vivienda, pues Robinson creyó hacerse fuerte

297 1554 1206 58 en ella si acaso se aproximaban los salvajes; mas por fortuna su te-

297 1596 1206 60 mor fué vano, porque éstos se marcharon de allí poco despues. De-

293 1639 872 61 jaron las armas y sacó Robinson algo que cenar.

361 1680 1145 59 Aquel dia era domingo y Robinson quiso perpetuar su memoria

291 1718 909 67 poniendo el nombre de Domingo al indio libertado.

361 1769 1143 58 Este era un jóven de unos veinte años, de color tostado y relu-

297 1811 1199 58 ciente, pelo negro y lanudo, la nariz pequeña, los labios delgados y

294 1857 1208 63 los dientes blancos como el marfil. Tenia pendientes en las orejas y

293 1897 503 58 estaba enteramente desnudo.

356 1940 1147 63 Apenas cabia á Robinson en el pecho el gozo de haber logrado al

289 1981 1210 62 cabo de tanto tiempo un amigo; pero ignorando el ingenio del indi-

289 2032 1211 64 creyó prudente para su seguridad mantenerle en cierta sujecion res
