1780 2357
910 130 153 55 — 8 —

374 187 1221 56 la lancha al agua con la mayor aceleracion y saltan en ella con algu-

371 234 1228 71 nas provisiones; mas era tanto el peso que sobre ella cargó que casi

374 277 868 63 sumergida apenas sobresalia un palmo del agua.

390 312 1202 83 La tierra quedaba tan distante y era tan violenta la borrasca que

378 364 824 52 miraron como cosa imposible llegar á la costa.

411 1708 1159 66 Sin embargo, hicieron fuerza de remo, y ya el viento los iba

348 1755 1218 59 acercando felizmente á tierra cuando viene una ola como un monte

353 1803 1209 61 y estrellándose contra la lancha la vuelca y el mar embravecido ab-

348 1843 512 59 sorbe á cuantos en ella iban.

408 1885 1154 66 Otra furiosa ola arrebató á Robinson y le arrojó hácia la costa, sa-

345 1930 1217 70 cudiéndole con tal fuerza contra un peñasco, que el dolor le hizo des-

347 1977 368 55 pertar de su letargo.

409 2016 1150 64 Abrió los ojos y viéndose inesperadamente casi á la orilla, como

345 2057 1154 85 sabia nadar hizo el último esfuerzo para acabar de llegar á ella.
