1697 2346
838 140 176 59 — 28 —

299 203 1232 51 cacion hacia agua, no nos atrevíamos á alargarnos al mar y fuimos

299 242 1233 55 costeando la tierra firme. De repente nos acometió otra tempestad de

299 284 1232 57 la parte del Poniente que nos extravió de la costa, y naufragamos de

301 329 1229 58 noche en unas rocas no muy distantes de una isla. Disparamos algu-

299 372 1228 58 nos cañonazos, haciendo todas las demás señales de pedir socorro

298 418 1069 55 con ánimo de no abandonar el bajel hasta el último trance.

368 461 1160 55 »Tuvimos que quitar las prisiones á los esclavos negros para que

297 505 1230 56 nos ayudasen á dar á la bomba, pues el navío se nos iba llenando de

297 561 1226 50 agua, pero apenas se vieron sueltos se conjuraron contra nosotros, y

293 595 1233 56 apoderándose de las lanchas acudieron á salvar sus vidas y recobrar

293 641 1231 56 su libertad. ¿Qué recurso nos quedaba entonces? No podíamos valer-

293 686 1231 58 nos de la fuerza, puesto que solo éramos quince contra ochenta y mu-

290 729 1233 58 chos de ellos se habian hecho dueños de nuestras armas. Quedarnos

291 775 1231 52 sin lancha alguna en un navío que zozobraba era exponerse á pere-

290 818 1232 53 cer evidentemente. Recurrimos á exhortaciones y á súplicas, procu-

289 865 1234 57 rando persuadir á los que poco antes eran nuestros esclavos á que se

289 908 1232 53 quedasen en nuestra compañía como amigos ó nos llevasen en la

288 951 1231 59 suya. No puedo dejar de hacer el justo elogio de la generosa huma-

286 997 1233 58 nidad de los negros, los cuales, sin embargo de haber recibido de

286 1042 1231 51 nosotros el más duro trato, se movieron á compasion y nos permitie-

285 1084 1232 62 ron embarcarnos con ellos en las lanchas, bajo la condicion de que

286 1131 391 52 no llevásemos armas.

355 1173 1163 54 »Desarmados saltamos en las fanchas, y tan cargadas iban que á

282 1214 1235 61 cada momento consentíamos en ahogarnos. Nos esforzábamos por acer-

285 1262 1230 58 carnos á la isla; pero el viento cambió y nos engolfó en alta mar á

284 1305 1226 59 pesar del esfuerzo de los remeros. Entonces creíamos perecer infali-

284 1352 1224 56 blemente, mas por fortuna las lanchas resistieron la tormenta, y

282 1395 1226 58 cuando menos lo esperábamos nos vimos sin haber perdido un hom-

282 1438 1228 59 bre en una isla desconocida para nosotros, donde desembarcamos.

285 1484 1228 52 Los habitantes de ella, que eran humanos é inocentes, nos dieron

282 1527 1223 56 acogida con suma beneficencia, y entre ellos hemos vivido desde en-

281 1570 1230 59 tonces. Partian con nosotros sus escasos víveres, pues aquellos pobres

281 1620 1229 56 salvajes solo se mantienen de pesca y algunas frutas silvestres que

280 1660 289 55 produce la isla.

349 1700 1164 60 »Hace pocos dias que una nacion vecina de bárbaros acometió á

280 1746 1230 60 los de nuestra isla. Todos tomamos las armas, y hubiéramos creido

278 1789 1232 57 faltar á la obligacion más sagrada, si no hubiésemos auxiliado á

278 1840 1233 51 nuestros benignos hospedadores. He peleado al lado de este valeroso

277 1880 1232 56 anciano, que como un leon enfurecido se metió en lo más fuerte de la

277 1923 1227 59 refriega. Le ví cercado de enemigos, quise libertarlo y tuve la des-

277 1968 875 56 gracia de quedar hecho prisionero junto con él.

346 2016 1162 53 »En este riguroso cautiverio hemos pasado dos dias con sus no-

276 2060 1230 54 ches, atados de piés y manos y sin probar más alimento que algunos

277 2098 915 65 peces podridos de los que el mar arroja á la playa.
