1730 2393
823.0 155.0 170.0 56.0 — 16 —

284.0 210.0 1231.0 61.0 mente la tierra y se oyó un ruido espantoso. Despertó despavorido

285.0 259.0 1230.0 56.0 sin saber lo que le pasaba. Las terribles conmociones no se daban

285.0 303.0 1232.0 57.0 lugar unas á otras: continuaba un ruido subterráneo, y un furioso

288.0 348.0 1227.0 57.0 huracan derribaba los árboles y las peñas, y el mar bramaba de un

288.0 393.0 1229.0 56.0 modo espantoso; luchaban entre sí los elementos y parecia que la na-

288.0 436.0 519.0 55.0 turaleza tiraba á destruirse.

344.0 478.0 1171.0 63.0 Acosado de mortales angustias salió al patio; pero no bien se ha-

289.0 526.0 1233.0 58.0 llaba en él cuando se desplomó sobre el sitio en que estaba su cama

289.0 570.0 1228.0 54.0 toda la mole de peñascos que coronaban la gruta. Robinson huyó al

289.0 622.0 1228.0 48.0 campo é iba subiendo por una montaña pelada para evitar que los

293.0 664.0 1224.0 55.0 árboles que caian le ocasionasen la muerte; pero instantáneamente

295.0 705.0 1218.0 56.0 vió abrirse en la montaña un anchuroso boqueron que vomitaba humo,

293.0 751.0 1225.0 54.0 llamas, ceniza, piedras y una materia líquida que se llama lava. A

295.0 796.0 1223.0 54.0 poco cesó el terremoto, calmaron los vientos, el boqueron de la mon-

293.0 837.0 1224.0 60.0 taña dejó de arrojar llamas y piedras, y se serenó el cielo. En esto em-

293.0 885.0 1226.0 54.0 pezó á amanecer, y Robinson echó á andar hácia su habitacion. Al

293.0 925.0 1224.0 58.0 llegar á ella vió á sus llamas sanos y salvos, que saltando corrian ale-

293.0 970.0 1222.0 62.0 gres á recibirle. Reparó que aunque se habia desplomado el peñas-

292.0 1018.0 1227.0 54.0 co no parecia imposible sacar de la cueva aquellos escombros, con lo

292.0 1060.0 1227.0 60.0 que quedaba su habitacion doble capaz: el agua no habia penetrado

293.0 1108.0 1225.0 56.0 en su cocina, y por lo tanto no se habia apagado la lumbre. Sacó los

296.0 1151.0 1223.0 56.0 peñascos aunque con gran trabajo, y en seguida se dirigió á la mon-

293.0 1193.0 1226.0 56.0 taña que habia arrojado llamas. donde halló entre las cenizas mu-

292.0 1241.0 378.0 56.0 chas piedras de cal.

361.0 1282.0 1161.0 59.0 Despues de esta ocurrencia, sólo pensó en cazar llamas que le

293.0 1328.0 1229.0 57.0 sirviesen de provision para el invierno, aunque esta precaucion era

296.0 1375.0 1226.0 52.0 inútil, pues en aquel país no hay invierno. Hizo tambien acopio de

295.0 1417.0 1227.0 53.0 otras varias cosas con lo que se creyó suficientemente prevenido. A

296.0 1463.0 1227.0 56.0 poco tiempo empezaron unas lluvias muy copiosas. Este tiempo le era

296.0 1502.0 1227.0 54.0 muy fastidioso, pues no podia salir de su cueva y no tenia en que

297.0 1547.0 1225.0 61.0 ocuparse. Un dia le ocurrió la idea feliz de probar á fabricar algunas

299.0 1594.0 1222.0 62.0 vasijas con aquella tierra gredosa de que abundaba la isla, y con la

296.0 1637.0 822.0 58.0 que habia hecho los ladrillos en otra ocasion.

364.0 1679.0 1157.0 57.0 A pesar de lo mucho que llovia salió en busca de barro, y se pu-

299.0 1726.0 1223.0 52.0 so á trabajar. Despues de hacer y deshacer mil veces una cosa, logró

296.0 1769.0 1222.0 54.0 en pocos dias fabricar algunas vasijas, como fué una olla, una lám-

299.0 1816.0 1222.0 57.0 para, una cazuela y otras; pero no podia servirse de ellas, pues aun

299.0 1866.0 1223.0 51.0 despues de cocidas en el horno se rezumaban y eran incapaces para

299.0 1905.0 1223.0 51.0 contener líquidos. Reflexionó sobre la causa de esto y pensó consis-

303.0 1950.0 1220.0 52.0 tiera en que no estaban barnizadas. Para conseguir esto hizo mil es-

296.0 1991.0 1226.0 65.0 periencias y dió con ello humedeciéndolas en agua salada y ponién-

299.0 2036.0 1223.0 52.0 dolas en seguida en el horno. Por este medio logró hacer una por-

297.0 2079.0 1226.0 58.0 cion de ellas, que si no tan buenas coma las que salen de manos de

297.0 2124.0 1160.0 74.0 los alfareros, para Robinson fueron de una utilidad inconcebible.
