1701 2383
821 121 167 69 — 30 —

278 173 1229 74 exija el bien de la sociedad y ayudar, siempre que el caso lo requie-

278 233 1230 62 ra, al señor de la isla, aunque sea á costa de su sangre y de su vida.

327 272 1181 65 5.° Si alguno osase rebelarse contra cualquiera de estas justas

271 319 1239 66 leyes, todos los demás indivíduos de la República estarán obligados á

283 362 1227 66 coligarse contra él, ya para obligarle á cumplir con lo que debe, ya

282 410 763 57 para extrañarlo perpétuamente de la isla.

352 443 1156 70 Y se exhorta á todos y cada uno á que reflexione con la más sé-

275 493 1235 64 ria atencion el sentido de estos artículos y á que antes de firmarlo (lo

279 538 1229 67 cual equivaldrá á una promesa jurada) hagan firme resolucion de

275 583 1191 69 guardar inviolablemente las condiciones que en ellas se contienen.

1156 640 229 72 ROBINSON.»

349 740 1157 41 En cuanto estuvo lista la escritura determinaron que el español y

280 762 1228 65 Joviano partiesen despues de dejar sembradas unas tierras diez tan-

276 807 1234 61 tos á lo menos más extensas que las que antes cultivaban, en aten-

283 849 1225 67 cion á que el acrecentamiento de la colonia exigiria necesariamente

283 901 620 58 mayor consumo diario de víveres.

352 938 1155 65 Aplicáronse todos á la labranza y al cabo de dos semanas se ha-

284 986 938 61 llaron en estado de emprender el viaje premeditado.

345 1033 1159 56 Ocho dias habian pasado y aun no parecian Joviano y el español,

282 1076 1228 62 de suerte que ya daba cuidado su tardanza. Domingo no cesaba de

282 1120 1228 62 correr á la playa por si podia descubrirlos, hasta que un dia vino

280 1170 647 57 muy apresurado diciendo á su amo:

331 1212 508 60 —¡Que vienen, que vienen!

348 1252 1162 63 Robinson, al oir tan feliz nueva, sube al cerro y divisa una lancha

282 1298 1228 64 que venia hácia la isla; pero dudando si seria la que estaban espe-

278 1343 1232 64 rando, quiso cerciorarse con su anteojo, y lo que antes era duda ya

279 1391 877 62 era sobresalto. Volviéndose á Domingo, y le dijo:

327 1436 512 58 —Aquella lancha es inglesa.

341 1476 1167 63 El isleño se sobrecogió. Se encaminaron á un cerro para descu-

280 1523 1228 61 brir mejor la costa del Norte, y no bien llegaron allí cuando se que-

279 1571 1232 58 daron absortos advirtiendo un navío inglés de grueso porte anclado á

280 1615 427 61 una legua de distancia.

343 1654 1167 60 Excitáronse alternativamente en el ánimo de Robinson la alegría

283 1701 1225 61 y la inquietud, pues no podia concebir qué podia haber obligado al

278 1747 1230 56 capitan á navegar hácia unos parajes en que los ingleses no tenian

279 1801 1229 49 establecimiento ni tráfico. Era de temer, por consiguiente, que fuesen

278 1837 164 62 piratas.

341 1881 1162 57 En los primeros años de su solitaria mansion hubiera tenido Ro-

276 1927 1226 62 binson por gran felicidad haber caido en manos de piratas; pero

275 1972 1229 56 cuando su situacion era más tolerable se extremeció solo al imaginar-

274 2016 1233 61 lo. Participó Domingo de sus recelos, y ambos se retiraron á observar

274 2066 1234 54 á los que se acercaban y procurar descubrir sus designios. Apostados

274 2108 1234 65 en un alto poblado de árboles vieron que la lancha, á cuyo bordo ve-
