1685 2383
706 109 185 56 — 19 —

234 158 1170 76 Al dia siguiente y despues de haber reflexionado detenidamente

177 207 1224 69 sobre si construiria ó no la canoa, se decidió á ello, no dudando ob-

178 250 1222 71 tener un éxito favorable. Con este objeto salió de su morada y se di-

177 293 1224 68 rigió al árbol del pan. Empezó á dar golpes con el hacha; pero su des-

176 340 1226 69 consuelo fué grande al ver que despues de emplear toda la mañana

174 381 1226 73 no habia adelantado casi nada. No obstante, determinó no desani-

176 423 847 66 marse por esto y tomarlo como una diversion.

221 468 1179 72 En efecto, repartió el tiempo de modo que le quedase un rato

176 513 702 57 todos los dias para trabajar en la canoa.

235 549 1161 74 Pasó tres años trabajando sin que le ocurriese nada digno de

176 595 1218 77 mencionarse, durante los cuales siguió alimentándose con carne me-

176 642 1065 72 dio cruda, con leche de sus llamas y algunos cocos y ostras.

222 689 266 59 Al cabo de es-

173 733 311 56 te tiempo le ocur-

173 773 314 61 rió la idea de que,

172 818 310 54 en tanto tiempo

174 860 305 52 que habitaba en

173 904 313 59 la isla solo habia

174 950 306 54 visto una peque-

174 990 304 59 ña parte de ella y

173 1040 306 53 se echaba en cara

172 1076 304 59 su falta de valor.

210 1120 265 63 —¿Quién sabe,

173 1162 299 62 se decia, si acaso

173 1210 301 55 habria yo descu-

170 1249 298 64 bierto cosas que

170 1296 296 54 ahora me servi-

170 1337 285 55 rian de mucho?

204 1379 270 58 Esta conside-

170 1423 305 57 racion bastó para

170 1466 310 61 determinarle á no

1086 699 310 60 dilatar su jornada

1086 742 307 57 más que hasta el

1083 785 303 63 dia siguiente, y

1082 831 310 53 al momento em-

1082 868 308 62 pezó á disponer

1079 912 311 61 lo necesario para

1080 957 308 57 la caminata, de-

1078 1000 310 59 jándolo todo pre-

1076 1043 309 70 parado antes de

1076 1086 198 60 acostarse.

1129 1121 256 65 Al amanecer

1074 1167 308 61 del siguiente dia

1074 1223 310 54 cargó de víveres

1075 1264 307 58 para cuatro dias

1074 1306 307 50 á uno de los lla-

1072 1351 309 57 mas; tomando las

1071 1392 309 56 armas, echándo-

1069 1437 311 58 se el quitasol al

1066 1481 311 60 hombro y enco-

168 1510 1205 90 mendándose á la Providencia se puso en camino con la mayor con-

166 1548 133 79 fianza.

226 1578 1150 88 Sa designio fué enderezar su viaje lo más arrimado que pudiese á

164 1642 1211 84 la orilla del mar y apartarse de los bosques para no exponerse á en-

165 1685 244 59 contrar fieras

225 1711 1146 85 Nada notable le sucedió el primer dia: anduvo unas seis leguas,

168 1770 1207 67 y cuanto mas caminaba más iba advirtiendo que el sitio de su man-

162 1813 1211 69 sion era el menos fértil de la isla. Por todas partes veia árboles, aun-

161 1857 1041 63 que para él desconocidos, y pasó la noche en uno de ellos.

223 1899 1153 70 Al segundo dia iba caminando con alegría cuando al tomar hácia

164 1946 1213 66 una lengua de tierra que salia un poco al mar, retrocede de impro-

165 1989 1212 63 viso, pálido el rostro, los miembros trémulos, mira alrededor y se

176 2032 1199 98 queda imóvil. Era el caso que habia visto huellas de hombre es-
