1689 2341
802 130 176 59 — 10 —

269 198 1240 47 un agua deliciosa. En seguida buscó un paraje en que poder des-

269 235 1240 55 cansar, pues apenas podia tenerse en pié, mas no vió lugar alguno

270 277 1235 59 donde poder estar con seguridad, y resolvió subirse á un árbol y

270 331 446 42 dormir entre sus ramas.

335 361 1169 69 Despertó al amanecer y bajó del árbol terriblemente acosado del

270 412 1232 54 hambre, pues en todo el dia anterior no se habia desayunado. An-

271 455 1230 53 duvo de una parte á otra; pero fué grande su afliccion al no encon-

273 500 1229 55 trar alimento alguno, ninguna fruta. Sin embargo, la necesidad le

273 543 1231 61 dió ánimo, y recorrió con cuidado la orilla del mar. Su buena suerte

275 590 818 52 quiso que encontrase ostras con abundancia.

344 629 1161 64 Estaba Robinson enagenado de contento por haber encontrado con

275 676 1229 61 que satisfacer el apetito; pero le inquietaba el no saber dónde guare-

275 721 1230 60 cerse por temor á las fieras y salvajes. Su primer albergue habia si-

275 768 1231 57 do tan incómodo que temblaba al pensar las noches que le esperaban

277 812 1228 54 si tenia que pasarlas del mismo modo. Pensando en su situacion se

277 854 1229 56 llenó de tristeza; pero al cabo de un rato procuró volver en sí invo-

278 899 1230 59 cando fervorosamente el auxilio de la Divina Providencia. Fortalecido

277 948 1231 58 con esto, se puso en marcha para buscar una guarida que en cierto

277 988 562 58 modo pudiera servirle de asilo.

348 1032 1158 53 Lo que más sentia era no saber en qué parte de América se ha-

277 1080 1229 55 llaba, si era tierra firme ó isla. Para adquirir algun conocimiento so-

278 1121 1230 53 bre esto se encaminó á un monte que descubrió á lo lejos, y á fuerza

281 1167 1225 55 de fatiga llegó á la elevada cima, de donde pudo registrar muchas le-

278 1210 1228 59 guas en contorno. Vió entonces que se hallaba en una isla. Su aflic-

278 1258 1228 54 cion fué grande al pensar que tenia que vivir solo, separado de los

279 1301 1229 55 demás hombres; pero cobrando fuerzas dió voces por si alguien le res-

279 1349 1225 52 pondia, mas fué en vano. Llegó á un cerro cuyo frente era escarpado,

281 1394 1224 49 y examinándole atentamente descubrió un hueco de poca profundi-

278 1433 1228 60 dad con una entrada algo estrecha. Considerando que los árboles que

278 1477 1230 60 por allí habia eran semejantes á los sauces de su pais, pensó en soca-

279 1522 1226 58 var con las manos algunos de los más tiernos y plantarlos bien es-

279 1569 1223 55 pesos enfrente del hueco, de suerte que formasen una especie de pa-

278 1612 1124 56 red para que cuando creciesen pudiera dormir con seguridad.

350 1658 1155 56 Regocijado con tan feliz ocurrencia empezó inmediatamente á

277 1701 1228 58 arrancar árboles, aunque con mucho trabajo, y llevarlos al puesto es-

278 1745 1228 54 cogido para vivienda. Aquí era necesario cavar con las manos hasta

277 1793 1229 51 abrir hoyos en que plantarlos, y como esta maniobra requeria mucho

278 1836 1227 57 tiempo, á la caida del sol apenas habia podido trasplantar cinco ó seis

277 1879 1228 60 El hambre le obligo entonces á volver á la playa para buscar de nue-

281 1923 1223 56 vo algunas ostras; pero no las halló, pues por su desgracia era la

278 1969 1227 55 hora del flujo ó pleamar, y así hubo de recogerse sin cenar. Subióse

278 2011 1224 59 á un árbol y despues de haberse encomendado al Criador se durmió.

347 2057 1158 57 Despertó al amanecer y se dirigió á la playa en bosca de ostras con

278 2102 1227 71 ánimo de volver inmediatamente al trabajo; pero habiendo tomado
