1683 2347
754 118 143 60 — 27 —

189 166 1243 77 salvaje la tapa de los sesos, con lo cual quedaron libres de todos sus

190 233 202 55 enemigos.

257 260 1175 65 Despues de la batalla registró Robinson una de las canoas que

190 305 1243 69 habian abandonado los salvajes, y con la mayor admiracion encontró

191 352 1240 69 allí otro infeliz atado de piés y manos y que parecia más muerto que

194 393 1235 71 vivo. Apresuróse á desatarle y le ayudó á levantar; pero el desdicha-

191 439 1240 64 do no podia tenerse en pié y lo único que hacia era gemir. Como no

191 485 1240 74 era europeo, sino indio, llamó á Domingo para que le hablase en su

191 539 286 52 lengua nativa.

258 571 1173 65 Apenas Domingo fijó la vista en el prisionero cuando arrebatado

190 616 1239 72 súbitamente y fuera de sí, le estrecha en sus brazos, grita, llora, se

190 662 1238 68 maltrata rostro y pecho; en una palabra, parecia un delirante. Pasó

190 704 1233 69 largo rato antes que pudiese Robinson sacar de él esta breve res-

193 761 155 57 puesta:

238 801 347 58 —¡Es mi padre!

247 839 1176 63 En seguida se trasladaron á su cueva, donde procuraron reanimar

190 884 1226 67 al español y al padre de Domingo, á quien Robinson puso por nom-

189 934 871 63 bre Joviano, en atencion á ser jueves aquel dia.

656 1067 302 62 CAPITULO VII.

190 1180 1228 66 El español hace relacion de todas sus aventuras.—Robinson dispone que éste y

220 1219 1198 66 el padre de Domingo vuelvan á su isla para traerse unos europeos y establecer

219 1260 1195 67 una colonia.—Llegada de un navío inglés á la isla: sucesos que ocurrieron.—

217 1307 497 59 Regreso de Robinson á Europa.

246 1406 1169 66 Luego que el español estuvo restablecido contó su historia, por

185 1449 1233 72 la que supo Robinson que era uno de los que iban en el navío que

185 1496 1231 69 habia naufragado cerca de su isla, y del cual habian sacado todos

183 1541 1017 69 los efectos que al presente constituian sus comodidades.

249 1582 1169 70 Robinson deseaba saber todas las particularidades de aquel nau-

182 1629 1020 67 fragio y las causas que motivaron á abandonar el buque.

251 1671 1164 73 El español quiso satisfacer á Robinson con la relacion de sus

182 1725 557 61 aventuras del modo siguiente:

227 1760 1189 70 —«Nuestro navío era de los que se emplean en el comercio de

182 1801 1234 77 negros. Veníamos de las costas de Africa, en donde habíamos ven-

182 1850 1232 73 dido diferentes mercaderías de Europa á cambio de oro en polvo,

182 1891 1234 73 dientes de elefante y negros. Unos ciento de éstos teníamos á bordo

183 1936 1233 78 para conducirlos de venta á la isla de Cuba. Ya se nos habian muerto

182 1979 1232 75 veinte por haberlos apiñado demasiado unos sobre otros en sitio muy

181 2022 1235 79 estrecho. Un recio viento que duró bastantes dias nos alejó de nuestra

181 2071 1233 85 direccion, echándonos hácia las costas del Brasil, y porque la embar-
