1711 2375
806 170 139 62 — 32 —

270 215 1209 75 dias fondearon en Cádiz, desembarcando los pasajeros españoles.

335 267 1146 62 Robinson halló al dueño de los polvos de oro, y se los entregó re-

268 311 1210 69 ligiosamente. De allí pasaron á Inglaterra y á su llegada á Porstmouth

270 354 1132 68 encontró tambien á la viuda á quien pertenecian los diamantes.

331 1403 1142 77 Ultimamente, se dirigieron á Hamburgo, llegando con felicidad.

268 1447 1208 73 Saltó Robinson en tierra y supo el fallecimiento de su madre. En se-

266 1497 1210 67 guida envió una persona que preparase el ánimo de su padre para

274 1538 1212 73 recibir la inesperada noticia de la vuelta de su hijo, y poco despues

266 1580 1219 70 parte á su casa. Llega y arrebatado de gozo le abraza estrechamente.

265 1621 1212 75 Enmudecidos se quedaron los dos, hasta que en un torrente de lá-

264 1669 1147 73 grimas se desahogaron aquellos corazones oprimidos de regocijo,

324 1711 1149 71 Robinson y Domingo se dedicaron al comercio y pasaron sus lar-

262 1758 1210 73 gos y felices dias en aquella hermosa ciudad, amándose mútuamen-

264 1798 583 83 te y siendo apreciados por todos.

772 1948 185 65 FIN.
