1756 2383
752 139 167 57 — 9 —

697 276 301 58 CAPITULO II.

247 368 1218 72 Robinson da gracias á Dios por haberle salvado la vida.—Aquéjale el hambre y

258 424 1210 56 busca medio de satisfacerla.—Sube á la cima de un monte y conoce se halla en

263 468 1026 56 una isla.—Encuentra una cueva y construye en ella su morada.

300 556 1167 78 Llegó Robinson á tierra, pero se desmayó al instante, y por muy

234 618 1231 59 largo rato permaneció sin sentido. Volviendo en sí se levantó y em-

235 660 1227 64 pezó á mirar á todas partes. Pero ¡oh dolor! sus compañeros habian

237 706 1227 73 perecido. Temblando y confuso entre el gozo y el temor, dió gracias

233 1758 1226 70 á Dios por haberle salvado. Pasada esta primera emocion empezó á

233 1813 1229 57 reflexionar sobre su situacion, y mirando á todas partes no vió más

233 1857 1226 58 que matorrales y árboles infructíferos, sin advertir el menor indicio

233 1901 725 55 de que estuviese habitada aquella tierra.

300 1943 1162 61 Tembló entónces considerando que iba á vivir solo y expuesto á

234 1989 1224 55 morir de hambre, ó en manos de salvajes, ó devorado por las fieras.

233 2034 1230 57 El temor le sobrecogió y no osaba moverse de donde se hallaba. El

231 2078 1231 52 menor ruido le extremecia; pero una ardiente sed le sacó de aquel es-

231 2123 1231 66 tado, obligándole á buscar alguna fuente ó arroyo. Felizmente halló

366 2185 165 51 ROBINSON.

1305 2184 31 44 2
