1683 2365
352 212 1166 63 Levántose al fin Robinson y hallándose sin fuego ni carne cocida,

299 258 1220 57 se alimentócon leche de llamas hasta que pudo volver á salir de su

303 303 1218 62 morada. Pasó entretanto el tiempo de la convalecencia haciendo man¬

303 348 1051 57 teca con la leche, lo que consiguió con mucha facilidad.

365 390 1157 60 El aire del campo, el uso moderado de la leche y la tranquilidad

305 434 1214 60 de espíritu ayudaron á su perfecto restablecimiento, y en pocos dias

303 479 1216 64 consiguió reparar las fuerzas y hallarse en estado de volver á las fae¬

305 529 353 47 nas acostumbradas.

773 629 272 66 CAPITULO V.

306 751 1208 62 Se dedica Robinson á construir una canoa.—Emprende segundo viaje por la isla.

339 798 1177 61 —Desembarco de unos salvajes.—Libra de la muerte á un infeliz indio; se lo

336 838 790 56 lleva á su vivienda y hace de él un grato compañero.

853 156 137 64 — 18 —

369 956 1147 55 En cuanto pudo salir de su albergue volvió á sus caminatas por la

306 998 1207 57 isla. En una de ellas encontró varias mazorcas de maiz, y en otra des-

303 1041 1210 58 cubrió un árbol muy corpulento, aunque desconocido para él. El

305 1087 1207 61 fruto abultaba como el coco, pero no tenia aquel casco interior ni

305 1128 1207 66 aquella cubierta estoposa que le sirve de corteza, y todo él se podia

302 1170 1208 67 comer, siendo de un sabor esquisito. Era el árbol de distinta figura

305 1219 1203 62 que el que produce los cocos, pues no constaba como éste de un tron-

302 1261 1208 66 co seguido y una frondosa copa á manera de palma, sino á semejanza

303 1307 1202 60 de nuestros frutales, se dividia en varias ramas pobladas de hoja.

303 1349 1202 63 Mucho tiempo despues supo Robinson que aquel era el árbol del pan,

303 1392 1205 63 llamado así porque su fruto, ya sea como se coge de la rama, ya mo-

302 1436 903 60 lido y reducido á masa, sirve de pan á los salvajes.

366 1478 1139 69 Advirtió que el tronco de este árbol estaba algo hueco por un lado,

301 1528 1205 63 por lo cual le pareció muy á propósito para hacer una barca ó canoa,

301 1567 1209 66 con el objeto de salir de la isla y dirigirse á muerte ó á vida á la tierra

302 1612 1207 64 firme de América, de donde no se creia lejos. Pero ¿cómo cortar un

301 1655 1205 67 árbol tan útil sin saber si acertaria á hacer la canoa? Consideracion

298 1698 1210 63 fué esta que le acobardó mucho. Tomó bien las señas del paraje en

302 1743 1206 63 que se hallaba dicho árbol y se retiró á su vivienda con intencion de

299 1786 791 52 meditar sobre ello más profundamente.

361 1831 1148 64 Prosiguiendo su camino encontró lo que habia deseado por mu-

301 1874 1208 66 cho tiempo, un nido de papagayos. Acércase á él, y alarga el brazo

299 1919 1210 63 para introducirlo en el nido. Los pollitos más crecidos se le escapa-

298 1960 1212 66 ron volando, solo uno se deja coger de Robinson; él muy ufano con

298 2004 1211 66 su presa, se volvió á su morada y se acostó tan contento como si aca-

299 2047 1209 69 base de adquirir un amigo. A fuerza de paciencia consiguió domes-

303 2091 811 67 ticarlo y luego le sirvió de mucha distraccion.
