<?xml version="1.0" encoding="UTF-8"?>
<alto xmlns:xsi="http://www.w3.org/2001/XMLSchema-instance"
      xmlns="http://www.loc.gov/standards/alto/ns-v4#"
      xsi:schemaLocation="http://www.loc.gov/standards/alto/ns-v4# http://www.loc.gov/standards/alto/v4/alto-4-2.xsd">
  <Description>
    <MeasurementUnit>pixel</MeasurementUnit>
    <sourceImageInformation>
      <fileName>Varios_436_17.jpg</fileName>
      
    </sourceImageInformation>
  </Description>
  
  <Tags>
    <OtherTag ID="BT221" LABEL="CustomZone:impresorNum" DESCRIPTION="block type CustomZone:impresorNum"/><OtherTag ID="BT222" LABEL="CustomZone:numero_pliego" DESCRIPTION="block type CustomZone:numero_pliego"/><OtherTag ID="BT223" LABEL="CustomZone:title" DESCRIPTION="block type CustomZone:title"/><OtherTag ID="BT224" LABEL="GraphicZone:illustration" DESCRIPTION="block type GraphicZone:illustration"/><OtherTag ID="BT225" LABEL="GraphicZone:ornamentation" DESCRIPTION="block type GraphicZone:ornamentation"/><OtherTag ID="BT226" LABEL="MainZone" DESCRIPTION="block type MainZone"/><OtherTag ID="BT227" LABEL="MainZone:columns" DESCRIPTION="block type MainZone:columns"/><OtherTag ID="BT228" LABEL="MarginTextZone:colophon" DESCRIPTION="block type MarginTextZone:colophon"/><OtherTag ID="BT229" LABEL="MarginTextZone:note" DESCRIPTION="block type MarginTextZone:note"/><OtherTag ID="BT230" LABEL="MusicZone" DESCRIPTION="block type MusicZone"/><OtherTag ID="BT231" LABEL="NumberingZone:page" DESCRIPTION="block type NumberingZone:page"/><OtherTag ID="BT232" LABEL="QuireMarksZone:catchwords" DESCRIPTION="block type QuireMarksZone:catchwords"/><OtherTag ID="BT233" LABEL="QuireMarksZone:signature" DESCRIPTION="block type QuireMarksZone:signature"/><OtherTag ID="BT234" LABEL="RunningTitleZone" DESCRIPTION="block type RunningTitleZone"/>
    <OtherTag ID="LT81" LABEL="CustomLine:propriedad" DESCRIPTION="line type CustomLine:propriedad"/><OtherTag ID="LT82" LABEL="CustomLine:trailer" DESCRIPTION="line type CustomLine:trailer"/><OtherTag ID="LT83" LABEL="DefaultLine" DESCRIPTION="line type DefaultLine"/><OtherTag ID="LT84" LABEL="HeadingLine" DESCRIPTION="line type HeadingLine"/>
  </Tags>
  
  <Layout>
    <Page WIDTH="1737"
          HEIGHT="2379"
          PHYSICAL_IMG_NR="16"
          ID="eSc_dummypage_">
      <PrintSpace HPOS="0"
                  VPOS="0"
                  WIDTH="1737"
                  HEIGHT="2379">
        
        <TextBlock HPOS="669"
                   VPOS="152"
                   WIDTH="243"
                   HEIGHT="86"
                   ID="block_2"
                   TAGREFS="BT231">
          <Shape><Polygon POINTS="884 155 912 238 669 238 702 152"/></Shape>
          
          
          <TextLine ID="line_0"
                    TAGREFS="LT83"
                    BASELINE="732 215 873 218" 
                    HPOS="731"
                    VPOS="179"
                    WIDTH="142"
                    HEIGHT="61">
            <Shape><Polygon POINTS="732 215 731 229 761 228 765 231 774 239 775 239 777 239 815 240 816 240 872 228 873 218 872 190 802 179 801 179 732 186 732 215"/></Shape>
	    <String CONTENT="— 17 —"
                    HPOS="731"
                    VPOS="179"
                    WIDTH="142"
                    HEIGHT="61"></String>
          </TextLine>

          
        </TextBlock>
        
        <TextBlock HPOS="142"
                   VPOS="234"
                   WIDTH="1316"
                   HEIGHT="234"
                   ID="block_3"
                   TAGREFS="BT227">
          <Shape><Polygon POINTS="1458 234 1458 468 142 468 142 234"/></Shape>
          
          
          <TextLine ID="line_1"
                    TAGREFS="LT83"
                    BASELINE="239 272 1402 274" 
                    HPOS="237"
                    VPOS="235"
                    WIDTH="1165"
                    HEIGHT="59">
            <Shape><Polygon POINTS="1348 235 1335 235 1321 235 1230 240 1226 240 1221 240 1138 235 1136 235 1123 235 1110 235 1089 240 1086 240 1074 240 971 235 965 235 951 235 941 235 930 240 929 241 835 241 831 240 814 235 806 235 793 235 779 235 766 235 753 235 740 235 727 235 719 235 713 239 680 235 674 235 660 235 647 235 645 235 627 239 626 239 625 239 598 235 594 235 581 235 568 235 559 235 530 239 524 239 515 239 448 235 436 235 423 235 409 235 396 235 393 235 386 239 384 239 239 239 239 272 237 284 256 293 257 293 259 294 466 294 466 293 467 293 483 286 485 286 494 286 619 293 621 293 667 288 684 286 696 288 723 293 724 293 764 289 789 286 801 289 820 294 822 294 823 294 873 290 900 288 905 290 913 294 914 294 916 294 975 290 1031 288 1171 288 1181 293 1185 294 1187 294 1188 294 1229 293 1370 288 1398 294 1402 274 1401 241 1354 235 1348 235"/></Shape>
	    <String CONTENT="Prosiguiendo en ocuparse de otras cosas hizo una red para pescar,"
                    HPOS="237"
                    VPOS="235"
                    WIDTH="1165"
                    HEIGHT="59"></String>
          </TextLine>

          
          
          <TextLine ID="line_2"
                    TAGREFS="LT83"
                    BASELINE="185 321 1407 317" 
                    HPOS="183"
                    VPOS="284"
                    WIDTH="1224"
                    HEIGHT="54">
            <Shape><Polygon POINTS="185 321 185 338 1356 338 1356 337 1407 329 1407 317 1405 285 183 284 185 321"/></Shape>
	    <String CONTENT="fabricó un arco y unas flechas, á las que puso por puntas espinas de"
                    HPOS="183"
                    VPOS="284"
                    WIDTH="1224"
                    HEIGHT="54"></String>
          </TextLine>

          
          
          <TextLine ID="line_3"
                    TAGREFS="LT83"
                    BASELINE="185 364 1405 360" 
                    HPOS="183"
                    VPOS="323"
                    WIDTH="1222"
                    HEIGHT="60">
            <Shape><Polygon POINTS="185 364 185 383 249 376 278 383 280 383 281 383 282 383 304 376 370 383 375 383 376 383 393 383 552 376 577 381 589 383 590 383 605 380 637 375 820 379 980 381 982 381 1020 376 1045 374 1081 376 1142 380 1143 381 1373 381 1373 380 1374 380 1405 372 1405 360 1401 323 183 331 185 364"/></Shape>
	    <String CONTENT="peces; una lanza compuesta de un palo largo y una piedra puntia-"
                    HPOS="183"
                    VPOS="323"
                    WIDTH="1222"
                    HEIGHT="60"></String>
          </TextLine>

          
          
          <TextLine ID="line_4"
                    TAGREFS="LT83"
                    BASELINE="187 409 1406 404" 
                    HPOS="186"
                    VPOS="366"
                    WIDTH="1220"
                    HEIGHT="64">
            <Shape><Polygon POINTS="187 409 187 430 226 422 389 429 420 429 421 429 438 428 507 421 563 426 581 428 582 428 634 425 727 421 736 424 745 428 746 428 748 428 777 424 809 420 876 422 959 426 961 426 962 426 976 421 983 420 1005 421 1077 426 1078 426 1366 425 1406 416 1406 404 1403 374 1110 366 1109 366 1045 374 851 367 849 367 848 367 823 374 798 367 797 367 795 367 794 367 765 375 612 368 610 368 609 368 585 375 576 368 575 368 573 368 491 368 490 368 489 368 465 375 343 370 342 370 268 376 253 370 252 370 251 370 186 377 187 409"/></Shape>
	    <String CONTENT="guda. Arreglóse tambien como pudo é hizo un vestido de pieles, pues"
                    HPOS="186"
                    VPOS="366"
                    WIDTH="1220"
                    HEIGHT="64"></String>
          </TextLine>

          
        </TextBlock>
        
        <TextBlock HPOS="90"
                   VPOS="1549"
                   WIDTH="1407"
                   HEIGHT="777"
                   ID="block_0"
                   TAGREFS="BT226">
          <Shape><Polygon POINTS="1486 1549 1497 2326 90 2326 104 1549"/></Shape>
          
          
          <TextLine ID="line_9"
                    TAGREFS="LT83"
                    BASELINE="191 1617 1403 1617" 
                    HPOS="191"
                    VPOS="1582"
                    WIDTH="1212"
                    HEIGHT="52">
            <Shape><Polygon POINTS="191 1617 191 1634 1403 1634 1403 1617 1403 1588 191 1582 191 1617"/></Shape>
	    <String CONTENT="la ropa con que se habia librado del naufragio estaba enteramente"
                    HPOS="191"
                    VPOS="1582"
                    WIDTH="1212"
                    HEIGHT="52"></String>
          </TextLine>

          
          
          <TextLine ID="line_10"
                    TAGREFS="LT83"
                    BASELINE="191 1660 1401 1660" 
                    HPOS="191"
                    VPOS="1630"
                    WIDTH="1210"
                    HEIGHT="53">
            <Shape><Polygon POINTS="191 1660 191 1683 1401 1678 1401 1660 1401 1633 191 1630 191 1660"/></Shape>
	    <String CONTENT="inútil. En fin, ya estaba preparado para todo, cuando una enferme-"
                    HPOS="191"
                    VPOS="1630"
                    WIDTH="1210"
                    HEIGHT="53"></String>
          </TextLine>

          
          
          <TextLine ID="line_11"
                    TAGREFS="LT83"
                    BASELINE="193 1704 965 1704" 
                    HPOS="193"
                    VPOS="1670"
                    WIDTH="772"
                    HEIGHT="60">
            <Shape><Polygon POINTS="193 1704 193 1730 249 1730 249 1728 251 1728 252 1728 252 1727 261 1719 294 1727 300 1728 301 1728 302 1728 306 1727 333 1719 396 1719 412 1726 417 1728 419 1728 420 1728 421 1728 426 1726 434 1722 441 1726 445 1728 446 1728 448 1728 449 1728 486 1724 519 1722 531 1724 543 1727 544 1727 545 1727 547 1727 548 1727 552 1724 561 1719 581 1723 604 1728 605 1728 606 1728 608 1728 614 1723 621 1719 642 1723 676 1728 678 1728 741 1722 764 1719 770 1720 793 1728 794 1728 795 1728 846 1720 933 1728 934 1728 935 1728 965 1718 965 1704 965 1678 896 1678 894 1677 885 1670 884 1670 883 1670 881 1670 836 1677 834 1677 824 1670 823 1670 822 1670 820 1670 819 1670 805 1677 803 1677 802 1677 783 1670 782 1670 781 1670 703 1675 688 1677 679 1675 641 1670 639 1670 638 1670 625 1675 622 1677 617 1675 592 1670 590 1670 589 1670 575 1675 569 1677 555 1675 512 1670 511 1670 486 1675 475 1677 193 1674 193 1704"/></Shape>
	    <String CONTENT="dad que le sobrevino desbarató sus planes."
                    HPOS="193"
                    VPOS="1670"
                    WIDTH="772"
                    HEIGHT="60"></String>
          </TextLine>

          
          
          <TextLine ID="line_12"
                    TAGREFS="LT83"
                    BASELINE="190 1755 288 1747 1402 1747" 
                    HPOS="189"
                    VPOS="1712"
                    WIDTH="1213"
                    HEIGHT="59">
            <Shape><Polygon POINTS="190 1755 190 1771 355 1764 1399 1769 1402 1747 1401 1719 265 1712 264 1712 189 1719 190 1755"/></Shape>
	    <String CONTENT="Sintiéndose reducido á una absoluta privacion de socorros, se vió"
                    HPOS="189"
                    VPOS="1712"
                    WIDTH="1213"
                    HEIGHT="59"></String>
          </TextLine>

          
          
          <TextLine ID="line_17"
                    TAGREFS="LT83"
                    BASELINE="190 1790 1399 1790" 
                    HPOS="190"
                    VPOS="1761"
                    WIDTH="1209"
                    HEIGHT="54">
            <Shape><Polygon POINTS="190 1790 190 1808 231 1815 232 1815 297 1809 301 1809 306 1809 362 1815 363 1815 462 1810 489 1809 522 1810 612 1815 613 1815 635 1812 647 1809 663 1812 690 1815 691 1815 723 1812 748 1809 1398 1815 1399 1790 1398 1761 190 1763 190 1790"/></Shape>
	    <String CONTENT="amenazado del más duro trance en que puede hallarse un hombre."
                    HPOS="190"
                    VPOS="1761"
                    WIDTH="1209"
                    HEIGHT="54"></String>
          </TextLine>

          
          
          <TextLine ID="line_18"
                    TAGREFS="LT83"
                    BASELINE="193 1834 1398 1830" 
                    HPOS="191"
                    VPOS="1798"
                    WIDTH="1207"
                    HEIGHT="60">
            <Shape><Polygon POINTS="193 1834 193 1854 278 1850 323 1854 372 1858 374 1858 375 1858 384 1854 391 1850 411 1852 433 1856 434 1856 463 1852 486 1850 493 1852 501 1856 502 1856 503 1856 504 1856 522 1852 532 1850 540 1852 555 1858 556 1858 557 1858 638 1851 680 1849 688 1851 703 1856 704 1856 705 1858 818 1858 818 1856 852 1850 863 1849 867 1850 880 1856 881 1856 883 1858 961 1858 961 1856 1020 1849 1028 1849 1031 1849 1045 1855 1046 1855 1048 1856 1291 1856 1291 1855 1292 1855 1317 1847 1319 1847 1397 1847 1398 1830 1395 1806 1147 1806 1144 1805 1130 1798 1128 1798 1127 1798 988 1804 920 1806 906 1804 887 1798 885 1798 884 1798 835 1804 803 1806 779 1802 749 1798 748 1798 723 1802 701 1806 675 1802 645 1798 643 1798 642 1798 627 1802 612 1806 596 1802 585 1800 584 1800 582 1800 526 1802 393 1808 329 1801 311 1800 310 1800 300 1801 253 1808 191 1801 193 1834"/></Shape>
	    <String CONTENT="Por más que se abrigó con las pieles de llamas no pudo entrar en ca-"
                    HPOS="191"
                    VPOS="1798"
                    WIDTH="1207"
                    HEIGHT="60"></String>
          </TextLine>

          
          
          <TextLine ID="line_19"
                    TAGREFS="LT83"
                    BASELINE="190 1876 1395 1874" 
                    HPOS="189"
                    VPOS="1843"
                    WIDTH="1206"
                    HEIGHT="60">
            <Shape><Polygon POINTS="190 1876 190 1895 577 1901 579 1901 676 1895 686 1895 687 1895 699 1901 700 1901 701 1903 791 1903 791 1901 1394 1893 1395 1874 1391 1843 189 1845 190 1876"/></Shape>
	    <String CONTENT="lor hasta pasadas dos horas largas, á las que siguió un ardor como"
                    HPOS="189"
                    VPOS="1843"
                    WIDTH="1206"
                    HEIGHT="60"></String>
          </TextLine>

          
          
          <TextLine ID="line_20"
                    TAGREFS="LT83"
                    BASELINE="191 1921 1395 1917" 
                    HPOS="190"
                    VPOS="1886"
                    WIDTH="1205"
                    HEIGHT="62">
            <Shape><Polygon POINTS="191 1921 191 1948 298 1948 298 1946 302 1946 334 1938 356 1945 358 1945 359 1945 360 1945 386 1938 425 1945 446 1948 448 1948 449 1948 461 1944 483 1938 518 1944 544 1948 545 1948 604 1945 605 1945 606 1945 609 1942 621 1937 787 1937 798 1941 812 1946 814 1946 815 1946 816 1946 828 1941 835 1937 876 1940 939 1945 941 1945 942 1945 963 1940 971 1937 980 1940 1000 1945 1002 1945 1003 1946 1351 1946 1351 1945 1394 1934 1395 1917 1393 1893 1202 1893 1201 1892 1192 1886 1191 1886 1189 1886 1188 1886 1187 1886 1160 1892 1158 1892 1138 1892 998 1887 996 1887 995 1887 994 1887 988 1891 986 1893 190 1889 191 1921"/></Shape>
	    <String CONTENT="de fuego que le abrasaba interiormente, rompiendo al fin en grue-"
                    HPOS="190"
                    VPOS="1886"
                    WIDTH="1205"
                    HEIGHT="62"></String>
          </TextLine>

          
          
          <TextLine ID="line_21"
                    TAGREFS="LT83"
                    BASELINE="189 1966 1066 1963" 
                    HPOS="187"
                    VPOS="1928"
                    WIDTH="879"
                    HEIGHT="62">
            <Shape><Polygon POINTS="189 1966 189 1989 288 1979 386 1979 397 1989 399 1989 400 1989 401 1990 466 1990 466 1989 467 1989 469 1989 481 1979 493 1989 494 1989 495 1989 497 1990 553 1990 553 1989 560 1989 627 1978 687 1985 688 1985 779 1978 812 1987 814 1987 815 1987 1066 1986 1066 1963 1064 1936 736 1928 734 1928 733 1928 732 1928 721 1936 688 1928 687 1928 686 1928 650 1936 627 1928 626 1928 625 1928 623 1928 604 1937 601 1937 584 1937 465 1929 463 1929 462 1929 461 1929 453 1937 452 1938 423 1938 419 1937 374 1929 372 1929 371 1929 354 1937 313 1937 300 1937 298 1937 288 1930 286 1930 285 1930 284 1930 187 1937 189 1966"/></Shape>
	    <String CONTENT="sas gotas de sudor, que le sirvió de algun alivio."
                    HPOS="187"
                    VPOS="1928"
                    WIDTH="879"
                    HEIGHT="62"></String>
          </TextLine>

          
          
          <TextLine ID="line_22"
                    TAGREFS="LT83"
                    BASELINE="256 2008 1398 2003" 
                    HPOS="255"
                    VPOS="1969"
                    WIDTH="1143"
                    HEIGHT="59">
            <Shape><Polygon POINTS="256 2008 256 2023 584 2020 601 2022 684 2028 686 2028 732 2022 795 2028 797 2028 798 2028 827 2020 843 2027 844 2027 846 2027 847 2027 871 2020 1012 2027 1013 2027 1053 2019 1123 2019 1135 2026 1136 2026 1138 2026 1139 2026 1242 2019 1303 2026 1304 2026 1398 2015 1398 2003 1395 1969 1317 1969 1316 1969 1315 1969 1313 1969 1302 1977 846 1973 844 1973 843 1973 823 1979 789 1971 787 1971 786 1971 782 1971 602 1979 573 1971 571 1971 569 1971 568 1971 561 1971 516 1981 482 1973 481 1973 479 1973 478 1973 442 1981 400 1973 396 1973 317 1973 315 1973 314 1973 313 1973 300 1981 255 1974 256 2008"/></Shape>
	    <String CONTENT="Por fortuna la enfermedad fué solamente un calenturon que le"
                    HPOS="255"
                    VPOS="1969"
                    WIDTH="1143"
                    HEIGHT="59"></String>
          </TextLine>

          
          
          <TextLine ID="line_23"
                    TAGREFS="LT83"
                    BASELINE="191 2049 1395 2045" 
                    HPOS="190"
                    VPOS="2012"
                    WIDTH="1205"
                    HEIGHT="64">
            <Shape><Polygon POINTS="191 2049 191 2068 290 2075 292 2075 293 2075 294 2075 304 2068 308 2067 416 2067 420 2068 430 2075 432 2075 433 2075 434 2076 553 2076 553 2075 588 2068 593 2065 724 2065 729 2067 741 2072 742 2072 744 2072 772 2067 782 2065 801 2067 875 2073 876 2073 877 2073 898 2067 902 2065 904 2067 914 2073 916 2073 917 2073 918 2075 992 2075 992 2073 994 2073 1009 2065 1015 2064 1020 2065 1039 2072 1040 2072 1041 2072 1082 2065 1095 2064 1098 2065 1109 2072 1110 2072 1111 2072 1113 2072 1395 2064 1395 2045 1393 2012 1327 2012 1325 2012 1324 2012 1323 2012 1294 2023 1225 2023 1205 2014 1200 2012 1198 2012 1197 2012 1185 2014 1150 2022 1090 2015 1081 2015 1080 2015 1078 2015 1076 2015 1058 2022 1023 2016 994 2012 992 2012 966 2018 933 2023 859 2019 802 2015 801 2015 799 2015 798 2015 791 2019 786 2023 601 2023 593 2022 563 2015 561 2015 560 2015 532 2023 523 2024 471 2023 218 2015 216 2015 215 2015 190 2024 191 2049"/></Shape>
	    <String CONTENT="obligó á estar pocos dias en cama; pero en el ínterin se le apagó el"
                    HPOS="190"
                    VPOS="2012"
                    WIDTH="1205"
                    HEIGHT="64"></String>
          </TextLine>

          
          
          <TextLine ID="line_24"
                    TAGREFS="LT83"
                    BASELINE="191 2094 1391 2086" 
                    HPOS="190"
                    VPOS="2055"
                    WIDTH="1201"
                    HEIGHT="68">
            <Shape><Polygon POINTS="191 2094 191 2117 301 2113 310 2117 322 2123 323 2123 325 2123 326 2123 341 2117 352 2112 490 2112 501 2117 503 2119 504 2119 506 2119 564 2122 565 2122 567 2122 576 2117 590 2110 700 2110 715 2117 724 2122 725 2122 727 2122 728 2122 746 2117 760 2114 765 2117 769 2121 770 2121 772 2121 773 2122 909 2122 909 2121 910 2121 924 2117 955 2109 1060 2117 1090 2119 1091 2119 1391 2117 1391 2086 1390 2064 1366 2055 1365 2055 1364 2055 1255 2063 1212 2055 1210 2055 1209 2055 1187 2064 1184 2065 1041 2065 1036 2063 1011 2056 1009 2056 1008 2056 1007 2056 994 2063 988 2065 957 2063 900 2059 898 2059 897 2059 887 2063 880 2065 857 2063 831 2060 830 2060 805 2063 773 2067 753 2063 733 2059 732 2059 731 2059 729 2059 724 2063 717 2067 690 2063 670 2060 668 2060 667 2060 658 2063 643 2067 622 2063 601 2059 600 2059 598 2059 589 2063 575 2068 474 2063 425 2060 424 2060 391 2063 302 2069 190 2063 191 2094"/></Shape>
	    <String CONTENT="fuego y hubieran perecido tambien las llamas á no tener la propie-"
                    HPOS="190"
                    VPOS="2055"
                    WIDTH="1201"
                    HEIGHT="68"></String>
          </TextLine>

          
          
          <TextLine ID="line_25"
                    TAGREFS="LT83"
                    BASELINE="193 2137 1089 2137" 
                    HPOS="193"
                    VPOS="2104"
                    WIDTH="896"
                    HEIGHT="70">
            <Shape><Polygon POINTS="193 2137 193 2160 265 2159 289 2162 330 2168 331 2168 333 2168 348 2163 363 2159 419 2164 441 2166 442 2166 465 2164 553 2159 594 2167 629 2172 630 2172 631 2172 646 2167 655 2164 674 2167 703 2172 704 2172 725 2168 750 2163 793 2170 818 2172 819 2172 820 2172 822 2172 822 2171 824 2170 834 2162 868 2170 875 2171 876 2171 877 2171 880 2170 897 2162 933 2171 939 2172 941 2172 942 2172 943 2172 945 2172 946 2171 958 2162 996 2172 999 2172 1000 2172 1002 2174 1087 2174 1089 2137 1087 2113 1031 2113 1029 2112 1019 2104 1017 2104 1016 2104 939 2104 938 2104 937 2104 921 2112 920 2113 791 2113 787 2112 764 2104 762 2104 761 2104 760 2104 736 2110 732 2112 724 2110 683 2104 682 2104 650 2110 642 2112 634 2110 601 2104 600 2104 572 2110 563 2112 547 2110 498 2104 497 2104 452 2109 434 2112 423 2109 396 2104 395 2104 364 2109 348 2113 315 2113 311 2109 306 2104 305 2104 304 2104 302 2104 301 2104 281 2109 268 2113 233 2113 228 2109 223 2104 222 2104 220 2104 219 2104 193 2108 193 2137"/></Shape>
	    <String CONTENT="dad de poder pasar varios dias sin comer ni beber."
                    HPOS="193"
                    VPOS="2104"
                    WIDTH="896"
                    HEIGHT="70"></String>
          </TextLine>

          
          
          <TextLine ID="line_26"
                    TAGREFS="LT83"
                    BASELINE="321 2188 481 2186" 
                    HPOS="319"
                    VPOS="2159"
                    WIDTH="162"
                    HEIGHT="54">
            <Shape><Polygon POINTS="321 2188 321 2213 479 2207 481 2186 478 2160 319 2159 321 2188"/></Shape>
	    <String CONTENT="ROBINSON."
                    HPOS="319"
                    VPOS="2159"
                    WIDTH="162"
                    HEIGHT="54"></String>
          </TextLine>

          
        </TextBlock>
        
        <TextBlock HPOS="277"
                   VPOS="495"
                   WIDTH="1038"
                   HEIGHT="1027"
                   ID="block_4"
                   TAGREFS="BT224">
          <Shape><Polygon POINTS="1315 495 1315 1522 277 1522 277 495"/></Shape>
          
        </TextBlock>
        

        
      </PrintSpace>
    </Page>
  </Layout>
</alto>
