1693 2355
744 170 175 49 — 23 —

196 247 1234 39 petuosa. Acostáronse en cuanto cenaron y se durmieron profunda-

200 264 355 55 mente.

257 304 1157 67 A la mañana siguiente fueron ambos á reconocer el sitio donde lo

196 351 1228 65 salvajes habian celebrado su bárbaro festin. ¡Qué espectáculo se ofre-

196 392 1226 65 ció á su vista! Empapada en sangre la tierra, huesos esparcidos.....

196 440 1227 59 Robinson manda por señas á Domingo que abra un hoyo y entierre

194 482 1229 63 aquellas feas reliquias. Mientras Domingo ejecutaba este mandato

196 527 1223 65 Robinson escarbaba las cenizas esperando hallar fuego; pero nada

194 578 1224 60 consiguió. Viendo esto Domingo cortó dos palos secos, los restregó

196 618 1220 61 uno contra otro hasta que se encendieron. Los envolvió en yerbas se-

194 663 1220 60 cas, lo cogió todo junto y llevándolo por el aire echó á correr. La ra-

194 705 1224 61 pidez de aquel movimiento sopló el fuego y levantó llama. Robinson

197 748 1217 67 se llenó de gozo, y tomando un tizon se apresuró á volver con Do-

197 795 419 52 mingo á su vivienda.

213 837 1202 64 Por este medio llegó á tener fuego segunda vez, llenándole de

193 887 1223 55 alegría. En seguida pensó en fortificar su morada algo más para po-

196 932 1219 55 nerse al abrigo de cualquiera invasion de salvajes, lo que consi-

196 970 1218 62 guió en pocos dias con la ayuda de Domingo. Hizo un foso alrededor

194 1016 1220 56 de los árboles que cercaban su vivienda y plantó en su fondo una

194 1062 1217 59 estacada; luego dirigió el agua del manantial cercano, de modo que

192 1104 1219 60 llenase el foso y que pasase por el patio para en caso de verse sitiado

192 1148 1215 59 no carecer de agua. Finalizado este trabajo y ayudándole Domingo,

196 1191 1020 65 á quien enseñó un poco á hablar, concluyó su canoa.

662 1338 300 84 CAPITULO VI.

192 1456 1217 55 Consigue Robinson concluir la canoa.—Naufraga un navío cerca de la isla y Ro-

223 1495 1184 64 binson se aprovecha de los objetos abandonados en él.—Combate con los sal-

227 1537 109 57 vajes.

253 1669 1152 56 Poseia Domingo la habilidad de hacer con las cortezas estoposas

191 1715 1215 56 de los cocos ciertas telas muy á propósito para vestirse, y además

192 1754 1215 60 sabia hacer cuerdas muy superiores á las que fabricaba Robinson. En

196 1801 1210 63 poco tiempo concluyeron la canoa, poniéndola remos y una vela, é

194 1842 601 57 inmediatamente se echó al agua.

248 1881 1161 64 Embarcáronse en la canoa de allí á pocos dias llevando á bordo

193 1929 1217 59 abundantes provisiones con intencion de dirigirse al continente de

194 1974 1220 57 América; pero una tempestad les obligó á volverse, dejando la canoa

192 2017 1222 60 amarrada á la orilla: otra tempestad que se siguió se la llevó por el

194 2061 1220 59 mar adelante, dejando así desconsolados á nuestros dos amigos, que

194 2106 755 67 vieron perdido el fruto de su largo trabajo
