1671 2382
771 145 183 57 —  14 —

233 205 1222 46 pero lo halló duro é insípido. Ocurrióle echar unos cuantos en su

231 243 1225 54 morral para examinarlos cuando estuviera más despacio. Este fruto

225 287 1230 62 eran patatas, que Robinson no habia visto nunca, pues en aquel tiem-

229 338 572 52 po no se conocian en Alemania.

289 373 1168 63 Pasó adelante, pero muy despacio y con mucho tiento, asustándo-

225 419 1231 56 se al más leve rumor y echando mano á su hacha para defenderse si

229 463 1227 57 era necesario. De repente un lejano estrépito le infundió nuevo so-

227 513 1228 56 bresalto. Miró á todas partes horrorizado y á pocos instantes vió ve-

229 553 1227 61 nir un tropel de ciertos animales silvestres del tamaño de un ciervo

235 599 1221 62 y muy semejantes á los camellos aunque no tenian corcoba. Estos

234 647 1222 63 animales, desconocidos para Robinson y muy abundantes en Améri-

234 690 377 60 ca, se llaman llamas.

299 730 1157 61 En cuanto Robinson vió aquel ganado sintió un vivo deseo de co-

233 776 1224 62 mer carne. Se escondió detrás de un árbol y empuñando el hacha

234 823 1222 60 aguardó que pasasen junto á él. Al primero que se acercó le sacudió

234 865 1218 61 un golpe con el hacha y le rindió muerto á sus piés. Hasta que le hu-

234 913 1225 59 bo muerto no pensó de qué modo guisaria la carne: cargó con él al

235 956 1218 61 hombro y se dirigió á su morada. Al paso encontró siete ú ocho árbo-

234 999 1071 63 les de limones, recogió algunos maduros y siguió su camino.

299 1045 1156 59 Lo primero que hizo en cuanto llegó fué desollar el llama, sirvién-

234 1085 1221 64 dole de cuchillo una cortante piedra, tendiendo la piel al sol para

234 1132 1219 61 que algun dia le fuese útil. Luego cortó un cuarto trasero para asar-

234 1175 1221 63 le. Para esto su primer cuidado fué disponer un asador; dió por el pié

234 1220 1219 60 á un árbol delgado, le quitó la corteza y aguzó por la punta. Buscó

234 1267 1218 60 luego un par de ramas en figura de horquilla para sostenerle y clavó-

233 1310 1219 59 las en el suelo. Todo estaba ya dispuesto, pero no tenia lumbre. Ha-

230 1352 1223 62 bia oido decir en su tierra que los salvajes encendian fuego frotando

229 1404 1223 46 dos palos uno contra otro: para esto cortó de un tronco seco dos zo-

230 1445 1219 58 quetes y los refregó tanto el uno contra el otro que se le bañó el ros-

229 1488 1222 58 tro en sudor. Sin embargo, no podia conseguir su intento, porque

230 1531 1221 63 cuando los maderos llegaban á calentarse hasta humear ya él estaba

227 1577 1222 57 tan cansado que por fuerza tenia que parar para recobrar aliento; en-

227 1618 1171 58 tretanto se le enfriaba la madera y quedaba inutilizado su trabajo.

292 1662 1159 60 Desesperado tiró los maderos, y recordando haber oido decir que

226 1707 1223 57 los tártaros ponian la carne debajo de la silla del caballo y cocerla á

226 1752 1223 59 fuerza de galopar, quiso hacer otra prueba. Buscó dos piedras anchas

229 1794 1219 56 y lisas y colocando entre ellas la carne empezó á dar con el mazo en

227 1838 1221 59 la piedra de encina. A poco rato advirtió que la carne se habia calen-

223 1881 1225 61 tado, y animándose á continuar los golpes, en poco más de media ho-

223 1928 1225 59 ra halló la carne tan tierna que se podia comer. Esprimió sobre ella

223 1971 1225 69 un poco de zumo de limon, con lo que le pareció deliciosísima. Como

230 2019 612 53 ya era tarde, se acostó en seguida.

284 2055 1149 64 Al dia siguiente quiso hacer otra cacería; pero no pudo. Una fu

218 2104 1225 63 riosa tempestad le impidió salir de la cueva, mas esta misma tem-
