1690 2359
823 132 165 31 — 20 —

296 154 1215 59 tampadas en la arena, y apenas las divisó se figuró que eran senales

294 203 1213 56 ciertas de habitar allí hombres bárbaros y crueles prontos á comerle,

298 247 1212 55 ó degollarle. Fué tanto su pavor que echó á correr como si alguien

297 289 1213 59 le siguiese para matarle; mas parándose de repente se le convirtió el

301 335 1210 55 miedo en horror. Vió un hoyo redondo y en su centro las cenizas de

302 377 1209 55 una hoguera recien apagada. Alrededor de este hoyo advirtió sembra-

301 425 1210 55 das aquí y allí manos, calaveras, piés y varios huesos de cuerpos hu-

302 465 1209 55 manos, que eran indicios ciertos de haberse comido en aquel sitio

302 512 277 48 carne humana.

368 549 1143 63 Apartó Robinson la vista de aquel espectáculo, sintióse removido

305 596 1206 61 y hubiera caido desmayado á no haberse desahogado su naturaleza

305 643 1206 58 en provocar cuanto tenia en el estómago. Recobrada algun tanto su

305 686 1206 61 serenidad se puso en tan precipitada fuga que apenas el llama podia

305 732 1208 58 seguirle; pero el fiel animal corria tras él sin pararse. Era tal

305 774 1206 60 su miedo que los pasos del llama se le figuraban que eran los de un

305 819 1206 68 salvaje que le perseguia; mas al fin empezó á andar con paso menos

306 872 198 46 acelerado.

373 902 1136 59 Tanto se habia conmovido que en todo el dia no sintió hambre,

308 950 1041 64 y solo se detuvo una vez á apagar la sed en un manantial.

368 997 1146 55 Creyó llegar con sol á su morada, pero no le fué posible, pues al

305 1036 1208 60 anochecer se halló á cosa de una legua de ella, en una espaciosa lla-

306 1089 1209 52 nura donde hacia apacentar sus llamas, y determinó quedarse allí á

306 1128 1207 63 pesar de lo arriesgado que era. En toda la noche no pudo conciliar

305 1172 1208 54 el sueño; contínuamente se le representaba el sangriento espectáculo

306 1218 620 55 que tanto horror le habia causado.

367 1255 1147 58 Al dia siguiente y una vez en su vivienda, conoció que el miedo

305 1304 1208 64 del dia anterior habia sido excesivo; pero no por eso dejó de tomar

305 1356 397 56 algunas precauciones.

365 1385 1153 67 Empezó por plantar á la parte exterior de la empalizada que ro-

305 1436 1210 55 deaba su habitacion un bosque espeso que le ocultase por todos los

305 1483 1210 54 lados. Con este objeto empleó varios dias en plantar más de dos mil

305 1526 1210 55 sauces, que con tanta facilidad prendian; pero tuvo cuidado de plan-

305 1572 1211 50 tarlos desordenadamente con el fin de que pareciese una espesura

308 1613 1208 57 y no un plantío ordenado. Luego hizo un camino subterráneo desde el

306 1656 1210 55 interior de la gruta hasta la espalda de la montaña, á fin de tener en

304 1701 1212 53 caso necesario una salida para escaparse. Por último, para en caso

304 1745 1214 57 de que los salvajes le sitiasen, procuró tener provisiones en abun-

305 1791 1213 56 dancia y uno de los llamas en disposicion de dar leche, reservando

304 1838 1211 51 para los animales gran porcion de yerba seca. De esta suerte se pasa-

305 1876 1214 58 ron algunos años sin haber acaecido cosa alguna de contarse, hasta

305 1919 1215 59 que le sobrevino un rarísimo acontecimiento que influyó en la fortuna

305 1964 1214 75 de nuestro amigo más que cuanto le habia pasado desde que estaba

305 2006 186 62 en la isla.

367 2028 1151 97 Una mañana que trabajaba en ahondar su canoa, observó que á lo
