1672 2355
514 329 525 151 AL LECTOR.

225 911 1160 42 La historia verdadera del NUEVO ROBINSON que damos al publi-

159 948 1231 60 co, es una de aquellas historias que son buscadas con afan y avides

159 998 1227 60 por todas las personas que gustan instruirse con aquellos libros que,

158 1049 1229 65 lejos de perjudicar la moral y buenas costumbres, las mejoran por

157 1104 460 59 los ejemplos que ofrecen.

221 1153 1169 62 En la historia de Robinson encontrarán los lectores un sinnúme-

155 1206 1234 61 ro de ejemplos saludables y dignos de imitarse, porque todos ellos

157 1261 1232 59 tienden á manifestar el agradecimiento que debe darse á Dios por los

157 1312 1228 60 contínuos beneficios que nos prodiga á todas horas, y que aun en me-

157 1367 1232 55 dio de las mayores adversidades no abandona á sus criaturas, antes

158 1416 1228 65 al contrario, les tiende su mano protectora para sacarles de la infeli-

155 1469 129 56 cidad.

221 1520 1166 53 Robinson es una prueba de esta verdad, pues si bien por su ca-

157 1573 1232 59 pricho, ya mal aconsejado y desobedeciendo á sus padres se apartó

155 1624 1231 63 del camino que le impusieran las leyes de la naturaleza, aunque su-

157 1678 1233 56 frió mil trabajos y penalidades, como siempre tuvo confianza en Dios

158 1729 1232 64 y le dirigió humildemente sus súplicas, no le abandonó jamás, y per-

154 1781 1239 65 mitió que despues de sus miserias volviese al seno de la familia, de

154 1834 799 61 donde tan sin fundamento se habia apartado.

219 1886 1174 59 Pero de todos modos, debemos procurar huir de los escollos que

154 1938 1240 59 se presentan á nuestra vista en medio de la vida fugaz, para lo cual

154 1991 1240 59 creemos bastarán los ejemplos que le ponemos delante con la historia

154 2043 1240 64 de un hombre que pasó inmensos trabajos por no escuchar los salu-

157 2093 535 64 dables consejos de sus padres.
