1753 2480
704.0 146.0 155.0 83.0 — 4—

134.0 206.0 479.0 64.0 Mentres que pendré la fresca

136.0 262.0 442.0 50.0 vindrá l' mes estimát meu

138.0 301.0 405.0 52.0 y la causa de mas penas,

138.0 338.0 418.0 50.0 vindrá lo home mes airós

136.0 376.0 451.0 58.0 dels que trepitjan la terra,

138.0 415.0 455.0 58.0 vindrá aquell que jo voldria

136.0 462.0 397.0 52.0 véurermi seva de veras,

136.0 487.0 467.0 71.0 que encara quem te promés

138.0 543.0 391.0 56.0 y crech sa paraula certa

140.0 576.0 515.0 58.0 ¡no s' pot fiá gaire dels homes

140.0 617.0 473.0 77.0 ni tampoch de sas promesas!

231.0 690.0 320.0 58.0 (Tocan dos cuarts.)

140.0 764.0 416.0 70.0 ¡Peró massa tarda abuy!

142.0 816.0 414.0 56.0 ¡Si tal volta altra bellesa

136.0 851.0 397.0 56.0 entretingút mel tindrá!

138.0 892.0 535.0 62.0 No crech de éll semblant baxesa

140.0 936.0 405.0 51.0 perque me estima de cor

140.0 952.0 535.0 79.0 y n' tinch probas bastant certas.

142.0 1014.0 575.0 77.0 Mentres que éll ve, men vas dins ,

142.0 1056.0 424.0 57.0 no fos cas que las raresas

140.0 1097.0 366.0 52.0 del pare, tan obstinát

138.0 1130.0 413.0 60.0 ab sas tan rancias tareas

142.0 1178.0 376.0 49.0 si acás me trobes faltá

142.0 1219.0 397.0 54.0 aixequés alguna gresca,

146.0 1256.0 358.0 48.0 y sapigués lo vehinat

142.0 1291.0 449.0 68.0 lo que pasa en casa agena.

136.0 1359.0 556.0 71.0 (Hix D. Policarpio ab lo Sereno.)

109.0 1428.0 486.0 84.0 Ser. Don Pulicarpu, cuidadu,

142.0 1494.0 455.0 60.0 tinga comta no ensopeguia,

146.0 1537.0 439.0 54.0 vinga prop de la llanterna

146.0 1574.0 447.0 58.0 y vagi alerta ab las pedras

146.0 1616.0 436.0 58.0 perque si vosté as fes mal

142.0 1657.0 401.0 54.0 sabria greu á la Roseta.

113.0 1690.0 469.0 72.0 Pol. Estimo mucho el favor,

146.0 1738.0 381.0 51.0 pero no tenga cuidado

146.0 1777.0 554.0 76.0 que á aquel que anda enamorado

148.0 1812.0 389.0 103.0 sus pasos guia el amor.

270.0 1897.0 327.0 80.0 (Tocan tres cuarts.)

144.0 1971.0 441.0 72.0 Entre tanto que yo espero

146.0 2025.0 410.0 52.0 que salga Rosa al balcon

146.0 2064.0 356.0 48.0 vos á cierta comision

146.0 2091.0 422.0 70.0 tendreis que partir lijero.

144.0 2141.0 368.0 62.0 En el callejon tercero

144.0 2167.0 434.0 69.0 que os indiqué el otro dia:

146.0 2223.0 416.0 85.0 os llegareis de orden mia

868.0 208.0 339.0 46.0 donde músicos están

874.0 237.0 432.0 64.0 y al momento os seguirán

872.0 285.0 409.0 53.0 sirviéndoles vos de guia.

872.0 324.0 324.0 54.0 Acompañadles aqui

874.0 365.0 374.0 52.0 y va quedad advertido

870.0 398.0 496.0 62.0 de que no hagan ningun ruido

839.0 481.0 471.0 62.0 Ser. No tinga vusté cuidado

870.0 450.0 411.0 50.0 porque me conviene asi.

872.0 529.0 384.0 51.0 y quedia ben descansát

837.0 595.0 514.0 74.0 Pol. En vos me quedo confiado

870.0 566.0 395.0 56.0 que ja serém aqui abiát.

876.0 651.0 380.0 49.0 y el regalo será bueno.

841.0 684.0 546.0 55.0 Ser. Ja l' entench visca mols añs.

1004.0 744.0 288.0 66.0 (Tocan las dose.)

835.0 818.0 607.0 70.0 (ap) Deu nos conservi aquets guañs.

1062.0 882.0 151.0 66.0 (Canta.)

872.0 950.0 570.0 85.0 Las doce han dado sereno. (vas.)

841.0 1016.0 475.0 56.0 Pol. La casa de Rosa es esta,

880.0 1054.0 399.0 51.0 vamos á hacerle la seña

880.0 1099.0 519.0 68.0 que el amor cuando se empeña

878.0 1134.0 364.0 81.0 en todo se manifiesta.

981.0 1196.0 337.0 79.0 (Dona 5 palmadas.)

882.0 1283.0 474.0 70.0 ¡Válgame Dios! no se asoma

880.0 1333.0 488.0 66.0 al balcon ¿ qué habrá tenido ?

886.0 1384.0 447.0 48.0 Puede que la hayan reñido

882.0 1421.0 482.0 60.0 o hava habido alguna broma.

886.0 1461.0 424.0 62.0 Voy otra vez á llamar.....

884.0 1504.0 368.0 50.0 pero no que llegan ya

884.0 1543.0 414.0 58.0 y el instrumento hablará

884.0 1589.0 358.0 70.0 esta vez en mi lugar.

851.0 1653.0 624.0 83.0 (Hixen lo Sereno, musichs y si pot ser

1085.0 1707.0 157.0 64.0 cantors.)

849.0 1767.0 513.0 82.0 Ser. Don Pulicarpu, aqui l's te,

884.0 1831.0 451.0 49.0 ¿vol que sonian tot seguit,

882.0 1868.0 422.0 51.0 que si Rosa se ha durmit

882.0 1901.0 379.0 60.0 se despertará mes bé?

849.0 1936.0 507.0 72.0 Pol. Toquen una contradanza ,

888.0 1984.0 354.0 59.0 un bolero ú otra cosa

882.0 2023.0 443.0 56.0 para dispertar la hermosa

886.0 2070.0 455.0 64.0 y el norte de mi esperanza.

849.0 2118.0 639.0 68.0 (Tocan, y si ha cantors cantan. Al cap

843.0 2178.0 632.0 60.0 de un rato ix Hipolit á altra finestra,

845.0 2211.0 556.0 72.0 ab gorra de dormir y en camisa.)
