1860 2629
647 254 609 127 EL NEGUITO

800 398 296 105 AMERICANA

790 533 164 51 Al arma

753 563 250 56 Al arma ya. .

755 611 156 46 Silencio

753 644 247 57 Silencio ya. .

720 683 380 60 Triste está el negrito

718 727 315 57 por su situacion.

723 766 261 59 si una mirada

718 804 250 65 dirige el amo

720 845 317 57 le oruza el rostro

721 876 402 66 sin compacion..... Sí.

486 896 821 95 Yo mas esclavo yo mas esclavo no quiero ser

454 961 672 78 y mi dinero y mi dinero voy á poner

447 996 777 80 en un billete en un billete que hoy saldrá

451 1029 897 105 y si saco la gorda compro enseguida mi libertad.

771 1086 240 54 Al arma etc.

732 1126 359 59 Compacion señores

734 1168 331 64 compasion de mi,

734 1209 303 57 que culpa tengo

736 1247 308 57 de no ser blanco

740 1292 297 59 si por mi llanto

743 1324 314 57 negro nací.... Sí.

505 1343 823 89 Yo mas esclavo yo mas esclavo no quiero ser

470 1397 789 85 y mis cadenas y mis cadenas voy á romper

467 1431 885 89 al son de guerra al son de guerra me marcho ya

470 1464 1049 109 y mientras tenga aliento cual rayo y viento he de luchar.

789 1532 236 55 Al arma etc.

751 1554 438 78 Por que Dios al hombre

752 1605 314 67 tanto distinguió;

753 1651 268 57 el uno esclavo

758 1685 258 69 y el otro libre

761 1723 298 63 esto es horrible

759 1761 349 67 válgame Dios... Si.

524 1781 827 100 Yo mas esclavo yo mas esclavo no quiero ser

488 1844 772 79 y verme libre y verme libre será un placer,

485 1873 948 87 si esclavos quieren si esclavos quieren por trabajar

482 1901 1031 127 que vengan aqui los blancos, á latigazos podrán chupar.

806 1973 222 58 Alarma etc.

768 1998 342 75 Antes que naciera

772 2053 277 58 esclavo ya fuí,

772 2088 309 69 ¡oh! ley bárbara

774 2132 270 54 ¡oh! ley tirana

770 2164 337 72 que á los negritos

774 2211 308 61 tratais asi.... Sí.

544 2228 820 94 Yo mas esclavo yo mas esclavo no quiero ser

502 2287 772 76 voy á la guerra voy á la guerra á defender

502 2322 824 76 la santa causa la santa causa de la igualdad

502 2360 848 93 mueren los blancos y vive siempre la libertad.

824 2414 239 108 Al arma etc.
