1860 2629
480.0 1448.0 735.0 153.0 MONOLECH

206.0 1627.0 1300.0 143.0 HISTORIA DE UN CASSADÒ, EXPLICADA PER ELL MATEIX

524.0 1757.0 677.0 78.0 Escrita en vers, per J. F. (a) Queri

87.0 1860.0 535.0 67.0 Si senyors; la meva historia

52.0 1921.0 450.0 61.0 me dirán que no val re;

54.0 1956.0 380.0 63.0 pero jo la explicaré

57.0 1984.0 535.0 77.0 ara que 'm ve á la memoria.

89.0 2041.0 553.0 64.0 Donchs yo soch un cassadó...

61.0 2087.0 610.0 68.0 ¿Que diuhen? ¿Que no hu sabian?

59.0 2136.0 502.0 67.0 ¿Hay! cuan abaltits vivian!

57.0 2177.0 570.0 66.0 ¡y en tan de nom que tinch jó.

92.0 2232.0 541.0 68.0 Donchs un dia vaig promete

61.0 2280.0 480.0 64.0 lo deixá corre 'ls gallets,

61.0 2326.0 456.0 72.0 vaig arreplegá cuartets

888.0 1868.0 599.0 62.0 y 'm vaig comprá una escopeta.

921.0 1910.0 511.0 61.0 Y au, á comprá municions,

890.0 1960.0 428.0 57.0 vaig aná sense peresa,

888.0 2000.0 506.0 63.0 pólvora bona, de Manresa

888.0 2048.0 423.0 63.0 y pistons y perdigons.

923.0 2098.0 441.0 51.0 Al han demá al dematí

888.0 2131.0 592.0 72.0 vaig di: avuy si que me escapo;

892.0 2190.0 496.0 51.0 com feya un dia tan macu

894.0 2230.0 426.0 57.0 cap á cassá vaig surtí.

929.0 2269.0 468.0 62.0 Veyèu si vaig aná lluny,

897.0 2326.0 493.0 66.0 que buscant la dressereta
