1860 2629
247 157 522 94 si quiero correr, tomates;

252 230 467 74 si no corro, calabazas;

263 267 531 92 primero dije, já qué oreja?

258 328 511 70 y despues dije, ¡caramba!

265 374 487 70 y aunque dije todo esto

261 420 515 70 ello, en fin, se meneaba.

261 464 585 92 Mas viendo que estoy perdido

263 530 531 70 y que nada aprovechaba,

261 569 486 66 le dije á mi corpezuelo;

267 620 483 70 ¿cuál es la mejor hazaña?

261 663 438 70 Me dijo: saber correr

263 705 577 88 cuando se encuentra ventaja.

263 764 566 72 Cobro valor, suelto el miedo

258 808 566 85 átome muy bien las bragas.

263 860 539 64 emboco el Orates fratres,

265 904 561 84 las tres potencias del alma:

271 957 505 85 y aunque hice todo esto.

267 1012 498 72 ello, en fin, se meneaba

267 1051 511 86 Echéme á correr cual gar

269 1121 470 86 hasta llegar á mi casa.

938 140 542 103 encontré la puerta abierta,

943 221 517 65 y con la prisa que llevaba

938 267 452 74 hasta la casa tambien

945 319 467 64 pensé que se meneaba.

943 376 561 55 Me metí entro ron cozenenen

943 416 537 61 me tapé muy bien la cara,

943 464 544 59 dormi como un descosido,

945 514 498 57 desperté por la mañana,

945 563 465 59 almorcé fuera de susto,

947 606 540 73 comí con muy buena gana,

949 657 489 63 y me vine á esta funcion

947 705 421 66 solo con la confianza

947 747 502 67 de que mé digan ustedes

945 797 504 68 si mi historia les agrada.

951 847 474 77 ¿Qué seria aquella cosa

949 893 467 70 que tanto se meneaba?

949 942 560 70 Pues, segun he discurrido,

949 994 533 72 hablando fuera de chanza,

951 1040 472 66 digo que seria el VINO

958 1088 551 116 ene llevé en la CÁLADAT

883 1573 88 56 FIN

302 2140 1275 145 Manato. — Despacho: Librenta y Caza Batcorlal Hornando (S A), Arenal, 11.
