1753 2480
241 285 507 66 aunque las fuerzas tuviera

242 337 416 59 del nazareno Sanson:

241 383 384 57 pero vence la razon

242 422 462 64 al mas brioso arrogante,

243 469 470 61 y por que no se adelante

243 513 465 60 en volverte á pretender,

241 556 486 59 he de darle yo á entender

238 603 459 56 como te adoro constante.

286 644 411 55 Y si falso y desatento

239 693 397 60 no te deja, vida mia,

239 735 415 66 yo daré á su alevosía

238 781 506 56 el castigo mas sangriento,

241 823 515 65 probando que no consiento

241 873 463 77 ofensa contra mi honor;

933 294 486 50 es un infame, un traidor,

934 336 496 60 yo te estimo y te venero,

931 385 572 55 mas que intente un desafuero,

928 424 434 49 si es hombre de valor.

972 464 564 63 En fin, tema á mi arrogancia

928 520 492 47 que le daré muerte cruel,

928 558 494 57 aunque vienieran con el

931 602 491 59 los doce pares de Francia;

930 646 456 64 dile que con vigilancia

930 691 563 61 le busco y que no se espante,

927 737 608 55 porque no hay cobarde amante;

928 782 503 61 dile, niña, en dos razones

931 828 448 57 que si él ciñe calzones

927 868 474 70 que se me ponga delante.

651 956 495 63 Por donde quiera que voy

606 1001 398 57 me parece que te veo,

606 1047 455 62 y es la sombra del deseo

607 1096 441 51 en que vacilando estoy.

277 1138 503 71 Pues creer que sin sentido

235 1187 488 58 estoy entre penas tantas,

237 1235 505 49 no tienen número cuantas

237 1266 515 74 lágrimas por tí he vertido:

234 1317 495 63 hasta la salud he perdido,

235 1364 488 59 no me conozco quien soy,

234 1405 488 65 perdiendo el juicio estoy;

237 1452 469 56 esta es verdad evidente,

234 1496 485 65 pues que te miro patente

232 1541 497 61 por donde quiera que voy.

277 1583 450 57 En mi corazon grabado

232 1629 487 60 tu retrato está esculpido,

235 1675 477 61 un instante no te olvido,

234 1719 488 58 siento no estar á tu lado;

232 1758 517 68 á la pena me he entregado,

237 1807 445 55 suspiros doy en trofeo,

235 1857 520 56 el que estoy sin tí no creo:

234 1898 482 55 así es que de noche y dia

235 1944 452 63 á mi lado, prenda mia,

234 1986 406 79 me parece que te veo.

948 1140 500 57 Hasta en mi imaginacion

930 1183 464 58 estás, mi vida, presente,

930 1230 428 54 tanto que yo diligente

928 1266 410 66 te tributo adoracion,

928 1313 479 62 y con ardiente intencion

927 1364 445 50 solo en tí es mi recreo,

924 1402 518 63 pensando en tí me desvelo,

931 1449 470 63 y he llegado á imaginar

924 1492 498 64 que contigo voy á hablar,

924 1536 484 60 y es la sombra del deseo.

966 1584 470 56 Te busco á solas y lloro,

924 1628 523 58 dos mil requiebros te digo,

926 1672 540 64 pienso que me hallo contigo

930 1713 450 61 y que de dicha mejoro;

930 1766 434 56 y como tanto te adoro,

924 1811 427 49 solo á la pena me doy,

924 1848 462 65 y te advierto desde hoy,

923 1893 540 68 que me ha de quitar la vida,

923 1942 411 51 esta pena tan crecida

921 1982 435 75 en que vacilando estoy.

646 2065 488 76 ¡Qué largas las horas son

605 2120 427 54 en el reloj de mi afan,

606 2164 423 59 y qué poco á poco dan

606 2208 397 63 alivio á mi corazon!

277 2252 540 76 Para mi no hay sol ni luna,

234 2299 445 61 noche, mañana, ni dia,

921 2245 497 65 pensando en tí, vida mia,

923 2295 503 77 perseguido en mi fortuna,
