1753 2480
168 212 464 71 y tambien venga con ellos

163 268 436 51 una nube de pan blanco.

201 305 450 65 En fin, venga contra mí,

165 352 413 57 y sobre todo cristiano,

159 394 465 60 buena carne de marrano,

158 443 460 64 hablando medio en latin:

869 208 394 67 venga un ajo cabañil,

866 257 436 57 buen estofado de carne,

866 305 419 61 su rico aceite, vinagre

868 348 457 61 y un librillo de ensalada,

866 395 473 63 cien docenas de granadas

866 442 429 60 en seguida le acompañe.

607 487 520 68 Soy el hombre de mas fuerza

562 540 459 57 que el sol llega á calentar;

565 582 432 54 solo al oirme nombrar.

565 625 405 65 tiembla la naturaleza.

206 673 575 64 Ni en Méjico, ni en la Habana

166 719 557 60 ni en Rusia, ni en Inglaterra,

166 761 521 62 ni en toda la Francia entera

166 807 549 67 hay quien llegue á tanta fama:

172 852 399 62 yo peleé con la rana,

176 894 411 64 y con grande ligereza

169 943 413 58 la corté rabo y cabeza,

172 985 471 67 y en el cieno la enterré;

169 1031 369 67 por eso digo y diré

172 1074 507 68 soy el hombre de mas fuerza.

212 1122 445 64 Señores, mi esfuerzo es

170 1173 531 60 mucho mayor que del gato;

172 1213 464 65 cuando reñí con el zapo,

173 1260 502 64 con la mosca y el cien-pies,

173 1304 517 65 de un golpe maté á los tres,

181 1347 561 66 y volviéndome hácia atrás

175 1394 476 66 dejé herido á un alacran,

180 1435 543 72 y á un raton muy maltratado;

176 1485 495 65 pues soy el mas esforzado

176 1532 459 70 que el sol llega á calentar.

906 672 477 58 Yo maté á tres mosquitos

870 713 537 64 de cuatro ó cinco trompadas,

872 759 522 62 dí á un grillo dos estocadas,

873 799 609 71 las mas grandes que se han visto,

873 854 540 63 porque aunque soy pequeñito

875 892 403 61 soy valiente sin igual:

875 938 446 69 pues yo he solido entrar

875 986 406 61 en algarrobos espesos,

876 1023 510 72 les han temblado los huesos

872 1071 435 69 solo al oirme nombrar.

921 1117 414 62 En un lechugar entré,

879 1164 511 67 y abrí con fuerza los brazos,

880 1209 371 65 todo lo hice pedazos

877 1256 466 68 con las manos y los pies:

877 1303 447 62 un dia una pulga maté.

883 1343 499 69 y un piojo sobre una mesa;

876 1392 459 65 en fin, tengo la grandeza

877 1438 384 56 de tener tanto valor,

875 1490 384 53 tan solo con una voz

877 1527 397 76 tiembla la naturaleza.

635 1584 449 50 A los hombres vino puro,

584 1620 504 63 que así lo mandan las leyes;

584 1667 422 67 el agua para los bueyes

584 1716 457 62 que tienen el cuerno duro.

234 1759 495 61 Ví á un hombre de talento

186 1803 483 65 que en altas voces decia:

190 1848 559 72 ¿quién se emborrachára un dia

186 1898 471 62 para no sentir tormentos?

187 1944 515 62 Esto es todo mi argumento;

192 1986 443 66 y apostara un peso duro:

201 2034 417 61 y por esta cruz lo juro,

181 2080 452 54 decia un anciano viejo,

179 2120 459 62 empinándose un pellejo:

177 2171 472 62 para el hombre vino puro.

228 2214 422 64 Yo soy tan entretenido

181 2262 450 60 y tan jocoso en hablar,

177 2306 410 74 que le hago disparatar

888 1752 479 58 al bombre mas entendido:

888 1796 481 69 á muchos quito el sentido,

893 1847 456 66 y los pongo muy alegres,

887 1890 482 62 algunos por mi se pierden;

886 1935 446 66 soy guapo y adelantado,

886 1981 428 59 mi color es encarnado;

886 2025 496 67 que así lo mandan las leyes.

927 2070 452 65 Ni los árboles frondosos,

887 2116 489 65 ni el mas abundante pino,

888 2163 451 60 es para mi mas hermoso

888 2197 597 80 que aquel árbol que echa el vino:

887 2256 502 61 á él de corazon me inclino,

887 2298 440 95 decia el autor Valverde,
