1753 2480
1465 109 44 58 3

226.0 166.0 525.0 57.0 Laurel florido y hermoso

179.0 203.0 500.0 64.0 aplaudído de las flores,

183.0 248.0 641.0 74.0 ¿qué se han hecho tus verdores

179.0 301.0 643.0 69.0 que ya no estás tan frondoso!

227.0 347.0 553.0 66.0 Entré en el jardin un dia

181.0 398.0 502.0 63.0 donde te ví floreciendo,

181.0 450.0 524.0 61.0 entre las flores viviendo,

183.0 498.0 522.0 66.0 pues de ver flores vivia,

190.0 551.0 521.0 62.0 y con tan dulce armonía

181.0 597.0 503.0 62.0 me llené de tanto gozo,

183.0 646.0 601.0 63.0 que cuando me fué forzoso

186.0 694.0 453.0 66.0 salir del jardin, lloré,

186.0 741.0 547.0 62.0 porque entonces te dejé,

184.0 790.0 551.0 61.0 laurel florido y hermoso.

235.0 837.0 521.0 62.0 Tú al deleite provocabas

186.0 885.0 498.0 58.0 con toda la inmunidad,

179 930 509 59 y tú propia en realidad

187.0 980.0 504.0 54.0 de tus delicias gozabas:

188.0 1029.0 430.0 66.0 bizarría publicabas,

187.0 1080.0 577.0 64.0 lo hermoso de tus verdores

191.0 1128.0 460.0 63.0 y los fragantes olores

190.0 1178.0 529.0 59.0 que las rosas te rendían,

190.0 1230.0 501.0 58.0 eran voces que decian,

188.0 1274.0 503.0 65.0 aplaudido de las flores.

237.0 1324.0 441.0 60.0 Ayer sin duda te ví,

192.0 1370.0 531.0 61.0 laurel florido y hermoso,

191.0 1420.0 551.0 61.0 hoy no verte tan frondoso,

191.0 1471.0 437.0 55.0 laurel, no te conocí;

194.0 1512.0 552.0 65.0 ¿dí de aquellos gustos, dí,

194.0 1562.0 594.0 61.0 en dónde están los honores?

192.0 1610.0 625.0 66.0 ¿qué se han hecho los favores

194.0 1660.0 579.0 62.0 que todo el campo te hacia?

194.0 1708.0 506.0 63.0 di, laurel del alma mia,

195.0 1756.0 644.0 64.0 ¿qué se han hecho tus verdores?

242.0 1807.0 550.0 57.0 Hermoso, verde y florido,

195.0 1857.0 556.0 58.0 con tanto aire te elevaste,

195.0 1904.0 582.0 57.0 que hasta el aire desairaste

199.0 1949.0 510.0 63.0 dejando el aire abatido,

198.0 1999.0 536.0 59.0 de las flores aplaudido:

202.0 2044.0 511.0 64.0 yo te ví, laurel precioso,

205.0 2105.0 572.0 51.0 y que estando tan hermoso,

198.0 2149.0 464.0 55.0 gozando tantos loores

201.0 2190.0 647.0 61.0 ¿qué se han hecho tus verdores

199.0 2240.0 609.0 84.0 que ya no estás tan frondoso?

956.0 161.0 451.0 62.0 Sepa mi afecto pagar

913.0 210.0 466.0 53.0 á quien le trate mejor;

912.0 250.0 544.0 60.0 á comerciar á otro puerto,

912.0 301.0 468.0 62.0 ni esclavo ni labrador.

960.0 352.0 525.0 54.0 Fino amante, enamorado

915.0 396.0 493.0 61.0 á tu belleza he servido,

913.0 454.0 574.0 53.0 el premio que he merecido

916.0 497.0 518.0 56.0 tan solo es haber penado;

919.0 545.0 563.0 66.0 ya estoy de amarte cansado,

920.0 596.0 498.0 61.0 ya no quíero mas penar,

919.0 642.0 472.0 71.0 en fin, quiero celebrar

916.0 695.0 475.0 54.0 otra hermosura divina,

917.0 741.0 530.0 60.0 que constante, fiel y fina

917.0 789.0 447.0 59.0 sepa mí afecto pagar.

963.0 834.0 570.0 61.0 El soldado que en campaña

920.0 885.0 495.0 61.0 sirve leal en su gremio,

917.0 932.0 593.0 64.0 al ver que no le dán premio,

917.0 980.0 519.0 56.0 deja las armas con saña;

924.0 1027.0 546.0 65.0 y el esclavo que con maña

921.0 1076.0 422.0 63.0 sirve fiel á su señor,

920.0 1125.0 423.0 62.0 si le trata con rigor,

927.0 1175.0 433.0 60.0 y no le puede sufrir,

920.0 1222.0 473.0 64.0 le deja y se vá á servir

921.0 1274.0 477.0 56.0 á quien le trate mejor.

968.0 1321.0 461.0 51.0 La tierra con el arado

921.0 1365.0 520.0 65.0 sulca el labrador astuto, .

930.0 1416.0 545.0 62.0 y al ver que no le dá fruto

924.0 1464.0 450.0 61.0 la deja muy enojado;

926.0 1511.0 565.0 62.0 surca el mercader cargado,

926.0 1559.0 521.0 62.0 el mar con peligro cierto,

931.0 1607.0 536.0 64.0 y el señor en tal concierto,

928.0 1661.0 495.0 61.0 al ver que no logra ya,

927.0 1707.0 408.0 66.0 gíra la proa y se vá

927.0 1756.0 572.0 64.0 á comerciar á otro puerto.

974.0 1809.0 552.0 55.0 Esclavo en tu amor me ví

928.0 1854.0 448.0 54.0 de finezas mercader,

928.0 1901.0 452.0 56.0 labrador para querer,

930.0 1950.0 474.0 51.0 soldado á tu órden fuí:

928.0 1999.0 474.0 52.0 como esclavo te serví,

931.0 2044.0 568.0 61.0 te mostré el mas fino amor,

930.0 2094.0 472.0 58.0 sufrí batallas de ardor;

930.0 2147.0 430.0 57.0 pero ya no quiero ser

933.0 2192.0 453.0 55.0 soldado ni mercader,

931.0 2236.0 474.0 85.0 ni esclavo ni labrador.
