1680 2350
760.0 152.0 147.0 64.0 —5—

219.0 241.0 1223.0 29.0 tro de este habia otro mas pequeño que solo tenia cuarenta y cinco piés de

220.0 249.0 1223.0 51.0 diámetro horizontal y sesenta y ocho de vertical; en capacidad interior 67 mil

224.0 285.0 1218.0 57.0 piés cúbicos; desde un globo al otro se abria una válvula, que, en caso de nece-

224.0 322.0 1219.0 57.0 sidad, los ponia en comunicacion Con este medio, en el caso de rotura ó cual-

222.0 359.0 1222.0 56.0 quier accidente al globo exterior, les quedaba el pequeño, con el que no era

223.0 398.0 1220.0 48.0 difícil restablecer el equilibrio. Ambas capacidades se henchirian de gas hi-

224.0 432.0 1220.0 48.0 drógeno que es catorce veces y media mas lig o que el aire, es decir, que dicha

224.0 468.0 1222.0 51.0 diferencia es lo que constituiria la fuerza ascensional del globo. Segun un cál-

224.0 505.0 1220.0 48.0 culo aproximado, el globo debia levantar un peso de cuatro mil libras represen-

223.0 544.0 1219.0 44.0 tadas por los siguientes objetos: Peso de Fergusson 135 libras; de Kennedy 153;

224.0 578.0 1216.0 53.0 Juan 120; ambos globos, la barquilla y red 1440; instrumentos, ropas, armas y

224.0 617.0 1220.0 51.0 menudencias 190; víveres 386; agua 400; aparato para manejar el globo y lastre

229.0 650.0 412.0 52.0 1.176. Total 4.000 libras.

280.0 685.0 1166.0 48.0 Estando todo dispuesto solo faltaba celebrar la despedida, y efectivamente

224.0 721.0 1222.0 50.0 así se hizo el dia 20, costeando la Real Sociedad Geográfica una gran comida en

224.0 758.0 1222.0 51.0 honor de Fergusson y Kennedy; menudearon los brindis en gracia de los espe-

224.0 795.0 1223.0 52.0 dicionarios, y á los postres llegó un mensaje de la reina cumplimentándolos. Con-

223.0 835.0 1223.0 46.0 cluido el banquete pasaron al Resolute, buque de vapor que el gobierno tuvo la

226.0 872.0 1218.0 47.0 galantería de ofrecer para conducirles á Zanzibar, y en donde el dia antes ha-

226.0 908.0 796.0 43.0 bian sido colocados el globo y los demas accesorios.

280.0 937.0 1164.0 52.0 Al dia siguiente, á las tres de la mañana, se levó el ancla, é impulsado por

224.0 975.0 1219.0 56.0 su hélice, el Resolute se deslizó hácia la embocadura del Támesis. Las buenas

226.0 1018.0 1217.0 44.0 condiciones de la navegacion hacian augurar el feliz éxito de la empresa;

226.0 1049.0 1220.0 48.0 como es de suponer, las conversaciones que se sostenian á bordo todas versaban

227.0 1084.0 1216.0 50.0 sobre este asunto, deseando los oficiales del buque conocer los planes del doctor

228.0 1124.0 1218.0 51.0 y por qué éste tenia tal seguridad de buen éxito. Fergusson se prestó á satisfa-

226.0 1161.0 1166.0 49.0 cer tan justa curiosidad usando de la palabra en estos ó parecidos términos:

266.0 1194.0 1177.0 52.0 Casi todas las espediciones aerostáticas han fracasado á causa de la inefica-

224.0 1233.0 1222.0 46.0 cia de los medios empleados parala locomocion; por lo tanto yo, prescindo de álas

226.0 1267.0 1221.0 50.0 ni hélices y me propongo emplear el aire para caminar, y el calórico para ele-

227.0 1309.0 1220.0 43.0 varme y descender á voluntad. Con la mitad del globo lleno de gas tiene la su-

226.0 1344.0 1221.0 45.0 ficiente potencia para elevarse y arrastrar las cuatro mil libras de peso que

226.0 1381.0 1220.0 51.0 debe llevar. Por medio de un calorifero alimentado con gas oxígeno é hidrógeno,

228.0 1416.0 1219.0 48.0 que me proporciono descomponiendo el agua por medio de una pila de Buntzen,

226.0 1450.0 1222.0 47.0 elevo la temperatura del interior del globo; y como que al aumentar el calórico

226.0 1484.0 1222.0 51.0 el gas se dilata aumentando de volúmen, esto hace que se desaloje aire atmos-

224.0 1523.0 1224.0 54.0 férico; de modo, que por cada diez grados mas de calórico el hidrógeno del globo

226.0 1557.0 1224.0 52.0 se dilatará sesenta y dos metros cúbicos próximamente, y la fuerza ascensional

224.0 1596.0 1223.0 52.0 del aparato aumentará ciento sesenta libras. Esto equivale á arrojar el mismo

224.0 1630.0 1223.0 56.0 peso de lastre, y en esta proporcion puedo á mi placer elevarme ó descender

224.0 1667.0 1134.0 52.0 solo con avivar ó amortiguar la luz del mechero que da vida al calorifero.

279.0 1699.0 1171.0 53.0 En cuanto á la direccion que llevará el globo, será indudablemente, salvo

222.0 1741.0 1228.0 50.0 cualquier accidente pasajero, de Este á Oeste, pues trato de aprovechar los

226.0 1778.0 1226.0 45.0 vientos alíseos, que son los que reinan siempre en la zona tórrida con la dicha

222.0 1816.0 1231.0 52.0 direccion; ademas que pudiendo elevarme á voluntad, es fácil buscar en otra re-

229.0 1847.0 1175.0 57.0 gion mas ó menos elevada un viento que marque la direccion conveniente.

275.0 1881.0 1175.0 59.0 El objeto del viaje no es otro que comprobar la certeza de las relaciones que

222.0 1917.0 1231.0 57.0 respecto al Africa nos han dado los viajeros que nos han precedido; solo que con

222.0 1955.0 1233.0 52.0 nuestro método adelantaremos mas que ellos, sin tener que sufrir ninguna de

223.0 2000.0 519.0 61.0 sus penalidades.
