1695 2371
717.0 255.0 170.0 53.0 — 19—

187.0 335.0 1221.0 19.0 opondrá mi amo a que les mandemos una bala. Samuel tomó el anteojo y des-

189.0 349.0 1217.0 40.0 pues de mirar atentamente respondió:—¡Ojalá no se acercaran á nosotros esas

189.0 378.0 1219.0 50.0 aves! son condores, Juan, y de los mas grandes: si nos atacan...—Nos defende-

188.0 421.0 1076.0 40.0 remos, Samuel; tenemos un arsenal pára recibirlas, repuso Kennedy.

243.0 453.0 1165.0 50.0 Diez minutos despues, la banda estaba á tiro; los catorce buitres lanzaban

195.0 493.0 1152.0 44.0 roncos gritos, avanzando hácia el Victoria con mas irritacion que miedo.

243.0 524.0 878.0 49.0 —En vedad que tienen terrible aspecto, dijo el cazador.

243.0 561.0 1164.0 46.0 Los condores volaban describiendo inmensos circulos que cada vez se estre-

188.0 600.0 1219.0 46.0 chaban mas en derredor del Victoria. Iquieto el doctor resolvió élevarse para

188.0 633.0 1218.0 51.0 escapar á los alados enemigos; pero los condores subieron á la par sin querer

189.0 674.0 1214.0 41.0 abandonarlos; permanecian á corta distancia, viéndose perfectamente su des-

191.0 711.0 1214.0 42.0 nudo cuello, su cartilaginosa crestá que enderezaban con furor; su cuerpo ten-

188.0 745.0 1218.0 49.0 dria mas de tres piés de longitud.—Nos siguen, dijo el doctór al verlos elevarse

187.0 781.0 974.0 43.0 con el globo; estar prevenidos por si es necesario espantarlos.

242.0 815.0 1160.0 50.0 En aquel momento uno de los buitres se lanzó en línea recta hácia el Vie-

189.0 852.0 1152.0 47.0 toria, con el pico y las garras abiertas.—¡Fuego! ¡Fuego! gritó el doctor.

239.0 889.0 1164.0 47.0 Apenas pronunciada esta palabra, cuando, herido de muerte el buitre, caia

188.0 926.0 1214.0 44.0 dando vueltas por el espacio. Kennedy de un segundo balazo cortó el cuello al

187.0 962.0 1212.0 48.0 mas cercano, y Juan rompió un ala à otro: los restantes cambiaron de táctica,

185.0 999.0 1218.0 48.0 elevándose sobre el Victoria. Samuel, á pesar de su energia, palidéció. Hubo

187.0 1036.0 1215.0 46.0 un momento de terrible silencio; despues se oyó un ruido estridente como de

185.0 1074.0 1119.0 43.0 seda desgarrada, y la barquilla se hundió bajo los piés de los aeronantas.

241.0 1103.0 1160.0 53.0 —¡Estamos perdidos! exclamó Fergusson, ¡á fuera el lastre! ¡pronto! ¡pron-

183.0 1139.0 1218.0 53.0 to! En pocos segundos habian desaparecido todos los pedazos de cuarzo. Fer-

187.0 1177.0 1216.0 50.0 gusson miró por el borde de la barquilla; el lago parecia subir hácia ellos; los

183.0 1214.0 1218.0 51.0 objetos agrandaban por instantes; la barquilla apenas distaba doscientos piés

183.0 1256.0 1219.0 61.0 de la superficie del lago—¡Fuera las provisiones! ¡el agua! ¡pronto! Al punto fué

183.0 1286.0 613.0 49.0 ejecutado. ¡Que caemos aún! ¡aligerad!

217.0 1313.0 1181.0 74.0 —Ya no hay nada, dijo Kennedy.—¡Si tal! respondió lacónicamente Juan, y

180.0 1355.0 772.0 55.0 haciendo la señal de la cruz, saltó de la barquilla.

216.0 1388.0 1185.0 63.0 —¡Juan! ¡Juan! esclamaron á una sus amigos; pero Juan no podia oirles. Ali-

181.0 1442.0 1218.0 43.0 gerado el Victoria recobró su marcha ascensional, subiendo á mil pies de altu-

180.0 1470.0 1217.0 65.0 ra, y el viento, hinchando la desgarrada envoltura, le arrastró hácia las cos-

180.0 1505.0 442.0 69.0 tas septentrionales del lago.

607.0 1597.0 349.0 85.0 CAPITULO VI.

246.0 1697.0 1035.0 57.0 El nuevo Victoria.—Pesquisas inútiles.—Salvado al vuelo.

230.0 1778.0 1163.0 76.0 Despues de un viaje de sesenta millas descendió el Victoria en una parte

180.0 1834.0 1213.0 54.0 desierta de la costa septentrional: las anclas engancharon en un árbol, y el ca-

177.0 1871.0 1217.0 53.0 zador las sujetó fuerten ente. Ni Fergusson ni Kennedy durmieron un mo-

176.0 1907.0 1214.0 51.0 mento durante aquella noche. Al dia siguiente empezaron el trabajo de resta-

172.0 1945.0 1221.0 46.0 blecer el equilibrio; para ello arrancaron á pedazos el tupido tafetan del globo

173.0 1983.0 1209.0 52.0 exterior, teniendo que sacarlo á largas tiras por entre las mallas de la red que

175.0 2016.0 1216.0 52.0 le envolvia; en esta operacion tardaron unas cuatro horas, y terminada, se vió

172.0 2054.0 701.0 48.0 que el globo interior estaba al parecer intacto.

228.0 2070.0 1163.0 83.0 Mientras Samuel se ocupaba en inspeccionar y arreglar los objetos que habia
