1699 2289
778.0 135.0 163.0 55.0 —12—

283.0 209.0 1194.0 30.0 —¡Viva el Nilo! esclamaron á una Kennedy y Juan, á quienes el entusiasmo

241.0 227.0 1239.0 54.0 de Samuel se les habia comunicado grandemente; el globo marchaba á viento

244.0 265.0 188.0 54.0 moderado.

291.0 298.0 1185.0 50.0 De pronto llegaron al oido de los viajeros gritos y silbidos; inclináronse so-

242.0 340.0 1234.0 49.0 bre la barquilla y vieron un espectáculo conmovedor: dos tribus se batian en-

244.0 372.0 1231.0 51.0 carnizadamente lanzándose nubes de flechas: el número de combatientes po-

245.0 412.0 1227.0 49.0 dria llegar á trescientos, y la mayor parte estaban llenos de sangre y heridas,

244.0 451.0 493.0 43.0 ofreciendo repugnante aspecto.

301.0 480.0 1175.0 50.0 Al aparecer el globo detuviéronse un poco; pero redoblando su furor lanza-

244.0 518.0 1233.0 56.0 ron algunas flechas al Victoria, llegando tan cerca de la barquilla que Juan pu-

245.0 562.0 361.0 43.0 do coger una al vuelo.

300.0 590.0 1173.0 54.0 Samuel avivó el mechero, consiguiendo ponerse fuera del alcance de aque-

246.0 628.0 1231.0 48.0 llos energúmenos, que volvieron á la pelea con nuevo encarnizamiento; pusieron

247.0 672.0 1228.0 43.0 en juego las hachas y zagayas, cortando la cabeza al enemigo que caia; las mu-

246.0 703.0 1227.0 49.0 jeres, dignas compañeras de aquellos caníbales, recogian tales trofeos, usando

247.0 746.0 900.0 39.0 tambien las uñas y dientes por disputarse tan triste botin.

281.0 775.0 1195.0 46.0 —¡Terrible escena! dijo Kennedy.—¡Valientes canallas! esclamó Juan.—Ganas

246.0 815.0 1227.0 43.0 tengo de intervenir en el combate, repuso el cazador empuñando la carabina.—

245.0 846.0 1230.0 54.0 No hagas tal, respondió vivamente el doctor; ¿quién sabe de parte de quién es-

247.0 883.0 226.0 49.0 tará la razon?

301.0 920.0 1172.0 46.0 Entre tanto, el jefe de uno de los bandos hacia horrible carnicería entre

247.0 961.0 1226.0 42.0 sus contrarios. Hubo un momento en que hacha en mano se precipitó sobre un

246.0 993.0 1180.0 45.0 enemigo, cuyo brazo cortó de un solo golpe, lo cogió y empezó á comérselo.

283.0 1028.0 1194.0 49.0 —¡Ah! dijo Kennedy. ¡No puedo mas! y disparó. Herido el guerrero de un

247.0 1064.0 587.0 48.0 balazo en la frente, cayó de espaldas.

277.0 1097.0 1196.0 56.0 —Busquemos en lo alto una corriente que nos aleje de aquí, dijo el doctor.

247.0 1136.0 1229.0 50.0 Pero no se alejó tan pronto que no vieran á la tribu vencedora precipitarse so-

249.0 1171.0 1218.0 52.0 bre muertos y heridos, disputarse la carne palpitante, y devorarla con avidez.

281.0 1211.0 1190.0 49.0 Cuan lo llegó la noche soltaron el ancla, que enganchó á un árbol muy ele-

249.0 1243.0 1218.0 57.0 vado, y rendidos de tantas emociones, despues de un viaje de doscientas millas,

247.0 1281.0 602.0 49.0 se quedaron profundamente dormidos.

696.0 1500.0 306.0 81.0 CAPITULO IV

247.0 1678.0 1219.0 88.0 Salvacion de un prisionero.—El mártir.—La sepultura de oro.—

662.0 1753.0 371.0 51.0 Tortura de la sed.

295.0 1902.0 1175.0 52.0 No habia mucho que nuestros amigos estaban durmiendo, cuando Fergusson

246.0 1938.0 1225.0 48.0 creyó percibir un silbido prolongado: se incorporó, escuchó atentamente, y con

245.0 1972.0 1230.0 66.0 el auxilio del anteojo de noche trató de penetrar la profunda oscuridad que ha-
