1701 2297
803.0 162.0 175.0 52.0 — 18—

326.0 213.0 1173.0 52.0 Poco despues les advirtió Juan la presencia de la ciudad, al paso que el

277.0 248.0 1222.0 53.0 viento habia cesado totalmente; el doctor amortiguó el mechero y no tardaron

275.0 285.0 1224.0 49.0 en estar inmóviles á 200 pies del suelo. La capital del Loggoum se presentaba

274.0 321.0 1225.0 55.0 á la vista como un plano desarrollado; era una verdadera ciudad con calles lar-

275.0 359.0 1225.0 50.0 gas tiradas á cordel y plazas espaciosas; se notaba gran movimiento en sus

273.0 394.0 1223.0 53.0 mercados y talleres. La presencia del Victoria produjo, primero gritos, des-

274.0 433.0 1223.0 54.0 pues profunda estupefaccion; los viajeros se aprovecharon de ella y descen-

273.0 469.0 574.0 56.0 dieron hasta sesenta piés del suelo.

326.0 502.0 1173.0 53.0 No tardó en presentarse el cheik ó gobernador, rodeado de su córte y pre-

268.0 535.0 1228.0 59.0 cedido de la musica: llegado bajo del Victoria impuso silencio y dirigió un dis-

270.0 578.0 1227.0 52.0 curso del que nuestros amigos no entendieron ni unapalabra; en el lenguaje

272.0 612.0 1224.0 51.0 de los gestos reconoció Samuel que se les invitaba á irse, y no hubieran deseado

270.0 650.0 926.0 51.0 cosa mejor; pero como no soplaba viento les era imposible.

320.0 687.0 1175.0 53.0 Esta inmovilidad exasperó al gobernador, y dictó varias órdenes á sus cor-

268.0 722.0 1227.0 50.0 tesanos: no tardaron en aparecer los arcos y flechas, y hasta el cheik se armó

268.0 763.0 1226.0 51.0 de un mosquete; pero el doctor avivó el mechero y el globo se puso fuera del

269.0 795.0 1225.0 52.0 alcance de las flechas: Kennedy de un balazo desarmo al cheik, á cuyo suceso

268.0 838.0 1177.0 48.0 cada cual huyó por donde pudo, ocultándose á la vista de nuestros viajeros.

320.0 870.0 1170.0 52.0 Llegó la noche; el viento continuaba en calma, y el Victoria, inmóvil á tres-

268.0 904.0 1223.0 58.0 cientos piés de altura; reinaba profunda oscuridad y silencio, sin que por esto

268.0 937.0 1223.0 55.0 los tres amigos descuidaran la vigilancia; y tuvieron razon, pues á media noche

266.0 974.0 1224.0 59.0 tóda la ciudad pareció como incendiada. Centenares de rayos de fuego se cruza-

266.0 1011.0 1224.0 59.0 ban como cohetes formando una verdadera red de líneas luminosas; al mismo

265.0 1047.0 1079.0 53.0 tiempo se armó un gran estruendo de gritos y disparos de mosquetes.

314.0 1087.0 1173.0 58.0 Los habitantes hahian lanzado contra el Victoria millares de palomas, que

263.0 1120.0 1220.0 60.0 llevaban sujetas a la cola materias inflamables y espantándose con los gritos y

263.0 1158.0 1224.0 59.0 disparos subian hacia el globo trazando en el aire un zig-zags de fuego. Las

263.0 1194.0 1227.0 56.0 palomas rodeaban ya la barquilla y el globo, cuando el doctor, arrojando unos

261.0 1232.0 1224.0 69.0 cuantos pedazos de cuarzo, se puso fuera del alcance de aquellas peligrosas

269.0 1273.0 121.0 47.0 aves.

314.0 1293.0 1168.0 71.0 Durante dos horas se las vió revolotear en medio de la oscuridad de la noche.

260.0 1337.0 1222.0 64.0 Cerca de las tres de la mañana, impulsados por un fuerte Noroeste, abandona-

260.0 1374.0 324.0 55.0 ron aquellos parajes.

315.0 1397.0 1167.0 78.0 Grande era la confianza que Samuel tenia en su buque, habiéndole demos-

259.0 1449.0 1223.0 55.0 trado la esperiencia lo acertado de sus cálculos, cuando, á pesar de las tormen-

259.0 1489.0 1222.0 58.0 tas, terribles huracanes y ardientes soles se mantenia sujeto á las leyes mecá-

259.0 1522.0 1219.0 62.0 nicas que rigieron á su construccion; y sin embargo, un secreto presentimiento

259.0 1556.0 1219.0 72.0 le inquietaba, por lo cual no cesaba de recomendarle la prudencia á sus com-

259.0 1597.0 148.0 47.0 pañeros.

311.0 1624.0 1169.0 64.0 Los viajeros seguian en aquel momento la corriente del Shari, cuyas encau-

255.0 1669.0 1222.0 55.0 tadoras riberas desaparecian bajo la sombra de frondosos árboles. Cerca de las

255.0 1704.0 1168.0 62.0 nueve de la mañana llegó el Victoria á la orilla meridional del lago Tchad.

309.0 1738.0 1167.0 66.0 Este lago, ó mejor dicho mar interior, tiene bastantes islas y algunas pobla-

254.0 1773.0 1214.0 67.0 das de los salvajes mas sanguinarios y feroces; sus aguas son poco potables y

252.0 1809.0 1220.0 68.0 los muchos pantanos que hay en sus riberas y en las islas en él enclavadas ha-

250.0 1847.0 1187.0 64.0 cen que haya frecuentes hundimientos y que varíe su forma incesantemente.

269.0 1882.0 1200.0 65.0 Muchas ganas le pasaban á Dick de enviar una bala, á, los, hipopótamos y

249.0 1917.0 1223.0 67.0 otros anfibios enormes que se divisaban; pero el doctor le disuadió haciéndole

249.0 1953.0 1222.0 68.0 ver lo inútil de su obra. Mirando en aquel momento al horizante, dijo Juan:-

246.0 1990.0 1227.0 78.0 Me parece que si la banda de buitres que allá abajo diviso se nos acerca, no se
