<?xml version="1.0" encoding="UTF-8"?>
<alto xmlns:xsi="http://www.w3.org/2001/XMLSchema-instance"
      xmlns="http://www.loc.gov/standards/alto/ns-v4#"
      xsi:schemaLocation="http://www.loc.gov/standards/alto/ns-v4# http://www.loc.gov/standards/alto/v4/alto-4-2.xsd">
  <Description>
    <MeasurementUnit>pixel</MeasurementUnit>
    <sourceImageInformation>
      <fileName>Varios_434_7.jpg</fileName>
      
    </sourceImageInformation>
  </Description>
  
  <Tags>
    <OtherTag ID="BT221" LABEL="CustomZone:impresorNum" DESCRIPTION="block type CustomZone:impresorNum"/><OtherTag ID="BT222" LABEL="CustomZone:numero_pliego" DESCRIPTION="block type CustomZone:numero_pliego"/><OtherTag ID="BT223" LABEL="CustomZone:title" DESCRIPTION="block type CustomZone:title"/><OtherTag ID="BT224" LABEL="GraphicZone:illustration" DESCRIPTION="block type GraphicZone:illustration"/><OtherTag ID="BT225" LABEL="GraphicZone:ornamentation" DESCRIPTION="block type GraphicZone:ornamentation"/><OtherTag ID="BT226" LABEL="MainZone" DESCRIPTION="block type MainZone"/><OtherTag ID="BT227" LABEL="MainZone:columns" DESCRIPTION="block type MainZone:columns"/><OtherTag ID="BT228" LABEL="MarginTextZone:colophon" DESCRIPTION="block type MarginTextZone:colophon"/><OtherTag ID="BT229" LABEL="MarginTextZone:note" DESCRIPTION="block type MarginTextZone:note"/><OtherTag ID="BT230" LABEL="MusicZone" DESCRIPTION="block type MusicZone"/><OtherTag ID="BT231" LABEL="NumberingZone:page" DESCRIPTION="block type NumberingZone:page"/><OtherTag ID="BT232" LABEL="QuireMarksZone:catchwords" DESCRIPTION="block type QuireMarksZone:catchwords"/><OtherTag ID="BT233" LABEL="QuireMarksZone:signature" DESCRIPTION="block type QuireMarksZone:signature"/><OtherTag ID="BT234" LABEL="RunningTitleZone" DESCRIPTION="block type RunningTitleZone"/>
    <OtherTag ID="LT81" LABEL="CustomLine:propriedad" DESCRIPTION="line type CustomLine:propriedad"/><OtherTag ID="LT82" LABEL="CustomLine:trailer" DESCRIPTION="line type CustomLine:trailer"/><OtherTag ID="LT83" LABEL="DefaultLine" DESCRIPTION="line type DefaultLine"/><OtherTag ID="LT84" LABEL="HeadingLine" DESCRIPTION="line type HeadingLine"/>
  </Tags>
  
  <Layout>
    <Page WIDTH="1676"
          HEIGHT="2371"
          PHYSICAL_IMG_NR="180"
          ID="eSc_dummypage_">
      <PrintSpace HPOS="0"
                  VPOS="0"
                  WIDTH="1676"
                  HEIGHT="2371">
        
        <TextBlock HPOS="705.0"
                   VPOS="166.0"
                   WIDTH="257.0"
                   HEIGHT="121.0"
                   ID="block_2"
                   TAGREFS="BT231">
          <Shape><Polygon POINTS="705 166 962 166 962 287 705 287 705 166"/></Shape>
          
          
          <TextLine ID="line_0"
                    TAGREFS="LT83"
                    BASELINE="773 268 913 268" 
                    HPOS="773.0"
                    VPOS="237.0"
                    WIDTH="140.0"
                    HEIGHT="48.0">
            <Shape><Polygon POINTS="773 268 773 285 913 277 913 268 913 247 877 239 876 239 874 239 860 245 859 246 857 245 844 237 843 237 841 237 840 237 773 242 773 268"/></Shape>
	    <String CONTENT="— 7—"
                    HPOS="773.0"
                    VPOS="237.0"
                    WIDTH="140.0"
                    HEIGHT="48.0"></String>
          </TextLine>

          
        </TextBlock>
        
        <TextBlock HPOS="197.0"
                   VPOS="290.0"
                   WIDTH="1313.0"
                   HEIGHT="1887.0"
                   ID="block_0"
                   TAGREFS="BT226">
          <Shape><Polygon POINTS="197 290 1510 290 1510 2177 197 2177 197 290"/></Shape>
          
          
          <TextLine ID="line_1"
                    TAGREFS="LT83"
                    BASELINE="222 317 1437 317" 
                    HPOS="222.0"
                    VPOS="291.0"
                    WIDTH="1215.0"
                    HEIGHT="43.0">
            <Shape><Polygon POINTS="1434 291 1421 291 1408 291 1395 291 1382 291 1368 291 1355 291 1342 291 1329 291 1316 291 1303 291 1289 291 1276 291 1263 291 1250 291 1237 291 1224 291 1210 291 1197 291 1184 291 1171 291 1158 291 1145 291 1131 291 1118 291 1105 291 1092 291 1079 291 1065 291 1052 291 1039 291 1026 291 1013 291 1000 291 986 291 973 291 960 291 947 291 934 291 921 291 907 291 894 291 881 291 868 291 855 291 841 291 828 291 815 291 802 291 789 291 776 291 762 291 749 291 736 291 723 291 710 291 697 291 683 291 670 291 657 291 644 291 631 291 617 291 604 291 591 291 578 291 565 291 552 291 538 291 525 291 512 291 499 291 486 291 473 291 459 291 446 291 433 291 420 291 407 291 393 291 380 291 367 291 354 291 341 291 328 291 314 291 301 291 288 291 275 291 262 291 249 291 235 291 222 291 222 317 222 329 1436 334 1437 317 1437 291 1434 291"/></Shape>
	    <String CONTENT="tes de árboles indicaban los bosques; los habitantes de la isla parecian insectos;"
                    HPOS="222.0"
                    VPOS="291.0"
                    WIDTH="1215.0"
                    HEIGHT="43.0"></String>
          </TextLine>

          
          
          <TextLine ID="line_2"
                    TAGREFS="LT83"
                    BASELINE="222 354 1218 350" 
                    HPOS="221.0"
                    VPOS="320.0"
                    WIDTH="997.0"
                    HEIGHT="54.0">
            <Shape><Polygon POINTS="222 354 223 374 237 367 422 372 467 372 469 372 495 371 575 366 737 368 884 371 885 371 1217 363 1218 350 1214 320 221 322 222 354"/></Shape>
	    <String CONTENT="los hurras y los gritos se estinguian poco á poco en la atmóstera."
                    HPOS="221.0"
                    VPOS="320.0"
                    WIDTH="997.0"
                    HEIGHT="54.0"></String>
          </TextLine>

          
          
          <TextLine ID="line_3"
                    TAGREFS="LT83"
                    BASELINE="259 388 1441 388" 
                    HPOS="259.0"
                    VPOS="355.0"
                    WIDTH="1182.0"
                    HEIGHT="48.0">
            <Shape><Polygon POINTS="259 388 259 403 1441 403 1441 388 1441 363 1407 355 1405 355 1089 355 1088 355 1087 355 1059 363 936 356 935 356 753 363 714 356 712 356 538 363 459 356 458 356 341 363 326 356 325 356 324 356 259 363 259 388"/></Shape>
	    <String CONTENT="—¡Qué magnífico espectáculo! exclamó Juan; pero nadie le contestó. El doctor"
                    HPOS="259.0"
                    VPOS="355.0"
                    WIDTH="1182.0"
                    HEIGHT="48.0"></String>
          </TextLine>

          
          
          <TextLine ID="line_4"
                    TAGREFS="LT83"
                    BASELINE="221 426 1442 424" 
                    HPOS="220.0"
                    VPOS="392.0"
                    WIDTH="1222.0"
                    HEIGHT="47.0">
            <Shape><Polygon POINTS="221 426 221 439 1441 437 1442 424 1440 399 881 392 880 392 220 399 221 426"/></Shape>
	    <String CONTENT="observaba las inflexiones del buque que iba á dirigir, y Kennedy miraba sin tener"
                    HPOS="220.0"
                    VPOS="392.0"
                    WIDTH="1222.0"
                    HEIGHT="47.0"></String>
          </TextLine>

          
          
          <TextLine ID="line_5"
                    TAGREFS="LT83"
                    BASELINE="221 463 1442 461" 
                    HPOS="220.0"
                    VPOS="434.0"
                    WIDTH="1222.0"
                    HEIGHT="44.0">
            <Shape><Polygon POINTS="221 463 221 475 1440 478 1442 461 1440 436 220 434 221 463"/></Shape>
	    <String CONTENT="bastantes ojos para ver; muy pronto se encontraron á 2.500 piés, y habiéndose"
                    HPOS="220.0"
                    VPOS="434.0"
                    WIDTH="1222.0"
                    HEIGHT="44.0"></String>
          </TextLine>

          
          
          <TextLine ID="line_6"
                    TAGREFS="LT83"
                    BASELINE="222 500 1440 497" 
                    HPOS="221.0"
                    VPOS="467.0"
                    WIDTH="1219.0"
                    HEIGHT="50.0">
            <Shape><Polygon POINTS="222 500 222 517 1438 515 1440 497 1437 471 221 467 222 500"/></Shape>
	    <String CONTENT="fijado el aire con mas firmeza, Samuel dejó el mechero á media llama, con lo que,"
                    HPOS="221.0"
                    VPOS="467.0"
                    WIDTH="1219.0"
                    HEIGHT="50.0"></String>
          </TextLine>

          
          
          <TextLine ID="line_7"
                    TAGREFS="LT83"
                    BASELINE="223 536 998 533" 
                    HPOS="222.0"
                    VPOS="505.0"
                    WIDTH="776.0"
                    HEIGHT="42.0">
            <Shape><Polygon POINTS="223 536 223 547 997 545 998 533 994 505 222 507 223 536"/></Shape>
	    <String CONTENT="sin descender el Victoria, avanzaba rápidamente."
                    HPOS="222.0"
                    VPOS="505.0"
                    WIDTH="776.0"
                    HEIGHT="42.0"></String>
          </TextLine>

          
          
          <TextLine ID="line_8"
                    TAGREFS="LT83"
                    BASELINE="278 571 1441 567" 
                    HPOS="276.0"
                    VPOS="534.0"
                    WIDTH="1165.0"
                    HEIGHT="50.0">
            <Shape><Polygon POINTS="278 571 278 584 1440 580 1441 567 1437 534 1318 541 1239 534 1226 534 1225 534 1200 536 1051 542 1018 536 1013 536 1011 536 1010 536 1009 536 996 544 797 544 781 537 776 536 774 536 773 536 737 538 649 544 276 541 278 571"/></Shape>
	    <String CONTENT="Repuestos de las emociones de la partida y algo serenos, entablaron conver-"
                    HPOS="276.0"
                    VPOS="534.0"
                    WIDTH="1165.0"
                    HEIGHT="50.0"></String>
          </TextLine>

          
          
          <TextLine ID="line_9"
                    TAGREFS="LT83"
                    BASELINE="225 608 1442 604" 
                    HPOS="223.0"
                    VPOS="575.0"
                    WIDTH="1219.0"
                    HEIGHT="50.0">
            <Shape><Polygon POINTS="225 608 225 625 1441 617 1442 604 1440 576 239 575 238 575 237 575 223 580 225 608"/></Shape>
	    <String CONTENT="sacion espresando cada cual lo grato que les era aquella situacion. Juan, sobre"
                    HPOS="223.0"
                    VPOS="575.0"
                    WIDTH="1219.0"
                    HEIGHT="50.0"></String>
          </TextLine>

          
          
          <TextLine ID="line_10"
                    TAGREFS="LT83"
                    BASELINE="226 642 1444 642" 
                    HPOS="226.0"
                    VPOS="617.0"
                    WIDTH="1218.0"
                    HEIGHT="44.0">
            <Shape><Polygon POINTS="226 642 226 661 1444 655 1444 642 1444 617 226 617 226 642"/></Shape>
	    <String CONTENT="todo, estaba loco de contento; verdad es que él se tenia por demasiado dichoso"
                    HPOS="226.0"
                    VPOS="617.0"
                    WIDTH="1218.0"
                    HEIGHT="44.0"></String>
          </TextLine>

          
          
          <TextLine ID="line_11"
                    TAGREFS="LT83"
                    BASELINE="223 679 1446 677" 
                    HPOS="222.0"
                    VPOS="652.0"
                    WIDTH="1224.0"
                    HEIGHT="40.0">
            <Shape><Polygon POINTS="223 679 223 692 1445 690 1446 677 1444 653 222 652 223 679"/></Shape>
	    <String CONTENT="con hacer lo que su amo deseaba; esto no obstante su estómago le recordó que"
                    HPOS="222.0"
                    VPOS="652.0"
                    WIDTH="1224.0"
                    HEIGHT="40.0"></String>
          </TextLine>

          
          
          <TextLine ID="line_12"
                    TAGREFS="LT83"
                    BASELINE="225 716 1446 713" 
                    HPOS="223.0"
                    VPOS="682.0"
                    WIDTH="1223.0"
                    HEIGHT="50.0">
            <Shape><Polygon POINTS="225 716 225 732 1445 731 1446 713 1444 688 868 682 866 682 739 688 280 683 279 683 223 690 225 716"/></Shape>
	    <String CONTENT="no habian comido nada desde la tarde antes, y por lo tanto propuso pensar en"
                    HPOS="223.0"
                    VPOS="682.0"
                    WIDTH="1223.0"
                    HEIGHT="50.0"></String>
          </TextLine>

          
          
          <TextLine ID="line_13"
                    TAGREFS="LT83"
                    BASELINE="223 753 1445 749" 
                    HPOS="222.0"
                    VPOS="721.0"
                    WIDTH="1223.0"
                    HEIGHT="46.0">
            <Shape><Polygon POINTS="223 753 223 767 1444 767 1445 749 1442 721 222 721 223 753"/></Shape>
	    <String CONTENT="el desayuno, cuya idea fué aceptada por unanimidad. En un instante sirvió Juan"
                    HPOS="222.0"
                    VPOS="721.0"
                    WIDTH="1223.0"
                    HEIGHT="46.0"></String>
          </TextLine>

          
          
          <TextLine ID="line_14"
                    TAGREFS="LT83"
                    BASELINE="225 789 1445 783" 
                    HPOS="223.0"
                    VPOS="754.0"
                    WIDTH="1222.0"
                    HEIGHT="50.0">
            <Shape><Polygon POINTS="225 789 225 804 1444 799 1445 783 1441 754 223 762 225 789"/></Shape>
	    <String CONTENT="el almuerzo, compuesto de galleta y sendos trozos de carne en conserva, segui-"
                    HPOS="223.0"
                    VPOS="754.0"
                    WIDTH="1222.0"
                    HEIGHT="50.0"></String>
          </TextLine>

          
          
          <TextLine ID="line_15"
                    TAGREFS="LT83"
                    BASELINE="225 823 1445 823" 
                    HPOS="225.0"
                    VPOS="791.0"
                    WIDTH="1220.0"
                    HEIGHT="50.0">
            <Shape><Polygon POINTS="225 823 225 841 1444 837 1445 823 1442 791 225 794 225 823"/></Shape>
	    <String CONTENT="do de buenas tazas de café, confeccionado por el inimitable Juan, á la luz del"
                    HPOS="225.0"
                    VPOS="791.0"
                    WIDTH="1220.0"
                    HEIGHT="50.0"></String>
          </TextLine>

          
          
          <TextLine ID="line_16"
                    TAGREFS="LT83"
                    BASELINE="225 860 378 857" 
                    HPOS="223.0"
                    VPOS="825.0"
                    WIDTH="155.0"
                    HEIGHT="50.0">
            <Shape><Polygon POINTS="225 860 225 875 376 870 378 857 375 832 300 825 299 825 223 833 225 860"/></Shape>
	    <String CONTENT="mechero."
                    HPOS="223.0"
                    VPOS="825.0"
                    WIDTH="155.0"
                    HEIGHT="50.0"></String>
          </TextLine>

          
          
          <TextLine ID="line_17"
                    TAGREFS="LT83"
                    BASELINE="280 894 1445 894" 
                    HPOS="280.0"
                    VPOS="857.0"
                    WIDTH="1165.0"
                    HEIGHT="53.0">
            <Shape><Polygon POINTS="280 894 280 907 1442 910 1445 894 1445 866 1429 857 1428 857 1426 857 1425 857 1374 865 1324 857 1322 857 1094 864 1075 857 1073 857 1072 857 1071 857 1044 864 1002 857 1001 857 1000 857 984 866 982 866 976 866 932 860 931 860 812 865 778 866 772 865 745 858 744 858 743 858 741 858 727 865 723 866 702 865 648 860 646 860 577 864 540 866 530 864 509 857 508 857 507 857 505 857 504 857 494 864 490 866 467 864 433 860 432 860 430 860 422 864 416 866 280 864 280 894"/></Shape>
	    <String CONTENT="Saciado el apetito volvieron las esclamaciones sobre la comodidad y buen"
                    HPOS="280.0"
                    VPOS="857.0"
                    WIDTH="1165.0"
                    HEIGHT="53.0"></String>
          </TextLine>

          
          
          <TextLine ID="line_18"
                    TAGREFS="LT83"
                    BASELINE="227 932 1446 932" 
                    HPOS="227.0"
                    VPOS="902.0"
                    WIDTH="1219.0"
                    HEIGHT="49.0">
            <Shape><Polygon POINTS="227 932 227 951 1445 951 1446 932 1444 902 227 903 227 932"/></Shape>
	    <String CONTENT="gusto del globo: ¡Al diablo las diligencias! decia uno.—¡Y los vapores! añadia el"
                    HPOS="227.0"
                    VPOS="902.0"
                    WIDTH="1219.0"
                    HEIGHT="49.0"></String>
          </TextLine>

          
          
          <TextLine ID="line_19"
                    TAGREFS="LT83"
                    BASELINE="227 969 1445 965" 
                    HPOS="226.0"
                    VPOS="933.0"
                    WIDTH="1219.0"
                    HEIGHT="56.0">
            <Shape><Polygon POINTS="1101 933 1100 933 1075 940 988 935 986 935 985 935 972 941 971 941 953 941 790 935 789 935 758 941 757 941 756 941 739 935 737 935 736 935 735 935 712 941 711 941 685 935 683 935 682 935 620 941 607 943 594 941 548 936 546 936 500 941 490 943 480 941 446 936 445 936 226 941 227 969 227 982 370 989 371 989 415 982 419 982 421 982 444 989 445 989 446 989 447 989 463 982 465 982 523 982 1036 987 1038 987 1039 987 1055 981 1063 986 1064 986 1065 986 1067 986 1444 980 1445 965 1442 941 1102 933 1101 933"/></Shape>
	    <String CONTENT="otro.—¡Y las locomotoras! replicaba Kennedv.—¡Qué espectáculo!—¡Qué admi-"
                    HPOS="226.0"
                    VPOS="933.0"
                    WIDTH="1219.0"
                    HEIGHT="56.0"></String>
          </TextLine>

          
          
          <TextLine ID="line_20"
                    TAGREFS="LT83"
                    BASELINE="227 1006 774 1001" 
                    HPOS="226.0"
                    VPOS="970.0"
                    WIDTH="548.0"
                    HEIGHT="52.0">
            <Shape><Polygon POINTS="227 1006 227 1022 774 1018 774 1001 772 977 644 970 642 970 641 970 620 978 619 978 614 978 541 972 540 972 538 972 537 972 528 980 446 980 392 973 391 973 324 981 234 974 233 974 231 974 230 974 230 976 226 978 227 1006"/></Shape>
	    <String CONTENT="racion!—¡Esto es soñar en hamaca!"
                    HPOS="226.0"
                    VPOS="970.0"
                    WIDTH="548.0"
                    HEIGHT="52.0"></String>
          </TextLine>

          
          
          <TextLine ID="line_21"
                    TAGREFS="LT83"
                    BASELINE="283 1040 1445 1037" 
                    HPOS="281.0"
                    VPOS="1001.0"
                    WIDTH="1164.0"
                    HEIGHT="54.0">
            <Shape><Polygon POINTS="502 1003 458 1011 451 1012 281 1012 283 1040 283 1055 1444 1051 1445 1037 1441 1005 1391 1010 1378 1005 1371 1002 1370 1002 1368 1002 1367 1002 1362 1005 1357 1007 1351 1005 1343 1001 1342 1001 1177 1001 1176 1001 1139 1006 1110 1010 1064 1006 986 1001 985 1001 984 1001 969 1007 963 1010 924 1007 880 1005 878 1005 863 1008 848 1011 843 1008 835 1002 834 1002 832 1002 831 1002 830 1002 815 1008 809 1012 562 1012 550 1010 505 1003 502 1003"/></Shape>
	    <String CONTENT="A caso hecho, Samuel amortiguó el mechero hasta que estuvieron á unos"
                    HPOS="281.0"
                    VPOS="1001.0"
                    WIDTH="1164.0"
                    HEIGHT="54.0"></String>
          </TextLine>

          
          
          <TextLine ID="line_22"
                    TAGREFS="LT83"
                    BASELINE="227 1077 1445 1074" 
                    HPOS="226.0"
                    VPOS="1043.0"
                    WIDTH="1219.0"
                    HEIGHT="52.0">
            <Shape><Polygon POINTS="227 1077 227 1095 1444 1088 1445 1074 1442 1049 836 1043 835 1043 766 1049 760 1051 226 1051 227 1077"/></Shape>
	    <String CONTENT="quinientos pies del suelo, del que distinguian perfectamente todos los acciden-"
                    HPOS="226.0"
                    VPOS="1043.0"
                    WIDTH="1219.0"
                    HEIGHT="52.0"></String>
          </TextLine>

          
          
          <TextLine ID="line_23"
                    TAGREFS="LT83"
                    BASELINE="229 1111 1442 1114" 
                    HPOS="227.0"
                    VPOS="1085.0"
                    WIDTH="1215.0"
                    HEIGHT="46.0">
            <Shape><Polygon POINTS="229 1111 227 1127 1440 1131 1442 1114 1441 1085 229 1085 229 1111"/></Shape>
	    <String CONTENT="tes del territorio que atravesaban. Pasaban sobre campos cultivados de maiz,"
                    HPOS="227.0"
                    VPOS="1085.0"
                    WIDTH="1215.0"
                    HEIGHT="46.0"></String>
          </TextLine>

          
          
          <TextLine ID="line_24"
                    TAGREFS="LT83"
                    BASELINE="229 1148 1444 1151" 
                    HPOS="227.0"
                    VPOS="1115.0"
                    WIDTH="1217.0"
                    HEIGHT="52.0">
            <Shape><Polygon POINTS="229 1148 227 1159 1441 1167 1444 1151 1444 1126 1423 1117 1421 1117 1287 1117 1285 1117 1284 1117 1266 1124 1239 1117 1238 1117 1237 1117 1235 1117 1210 1124 1209 1124 1208 1124 1177 1117 1176 1117 1175 1117 1092 1124 1080 1124 1076 1124 1054 1117 1052 1117 890 1117 889 1117 888 1117 886 1117 877 1123 874 1123 835 1115 834 1115 723 1122 699 1123 689 1122 653 1117 652 1117 650 1117 631 1122 624 1123 229 1120 229 1148"/></Shape>
	    <String CONTENT="tabaco, centeno y arroz; carneros y cabras veíanse dentro de grandes jaulas"
                    HPOS="227.0"
                    VPOS="1115.0"
                    WIDTH="1217.0"
                    HEIGHT="52.0"></String>
          </TextLine>

          
          
          <TextLine ID="line_25"
                    TAGREFS="LT83"
                    BASELINE="229 1185 1383 1185" 
                    HPOS="229.0"
                    VPOS="1152.0"
                    WIDTH="1154.0"
                    HEIGHT="50.0">
            <Shape><Polygon POINTS="229 1185 229 1202 1383 1197 1383 1185 1383 1160 1317 1152 1316 1152 1231 1159 1222 1159 1220 1159 1199 1152 1197 1152 1196 1152 1151 1159 1143 1159 1139 1157 1122 1152 1121 1152 1119 1152 1061 1157 1044 1159 1042 1157 1030 1152 1029 1152 1027 1152 951 1157 917 1159 876 1156 806 1152 805 1152 768 1156 740 1159 731 1156 720 1152 719 1152 718 1152 694 1156 669 1159 229 1153 229 1185"/></Shape>
	    <String CONTENT="formadas sobre postes, para librar á las reses de la rapacidad de las fieras."
                    HPOS="229.0"
                    VPOS="1152.0"
                    WIDTH="1154.0"
                    HEIGHT="50.0"></String>
          </TextLine>

          
          
          <TextLine ID="line_26"
                    TAGREFS="LT83"
                    BASELINE="283 1221 1445 1223" 
                    HPOS="281.0"
                    VPOS="1186.0"
                    WIDTH="1164.0"
                    HEIGHT="48.0">
            <Shape><Polygon POINTS="761 1186 719 1190 687 1193 616 1190 490 1186 488 1186 487 1186 469 1192 461 1193 283 1193 283 1221 281 1231 1442 1234 1445 1223 1444 1188 1324 1188 1322 1188 1321 1188 1300 1194 1276 1188 1275 1188 1274 1188 1272 1188 1268 1188 1228 1194 1189 1188 1183 1188 1181 1188 1175 1188 1141 1194 1102 1189 1093 1188 1092 1188 1090 1188 1087 1189 1069 1194 975 1189 940 1188 939 1188 884 1189 795 1193 781 1190 762 1186 761 1186"/></Shape>
	    <String CONTENT="El paso del Victoria sobre las aldeas, era causa de infinita algazara, de gritos"
                    HPOS="281.0"
                    VPOS="1186.0"
                    WIDTH="1164.0"
                    HEIGHT="48.0"></String>
          </TextLine>

          
          
          <TextLine ID="line_27"
                    TAGREFS="LT83"
                    BASELINE="235 1256 1446 1260" 
                    HPOS="234.0"
                    VPOS="1223.0"
                    WIDTH="1212.0"
                    HEIGHT="54.0">
            <Shape><Polygon POINTS="235 1256 234 1267 288 1275 289 1275 761 1272 1030 1271 1444 1277 1446 1260 1446 1234 1430 1227 1429 1227 1428 1227 1359 1232 1349 1226 1347 1226 1346 1226 1345 1226 1297 1232 1272 1226 1271 1226 1270 1226 1154 1232 1141 1226 1139 1226 1031 1225 1030 1225 963 1231 943 1225 942 1225 940 1225 906 1231 906 1232 778 1232 777 1231 760 1225 758 1225 757 1225 716 1231 710 1231 706 1231 687 1225 686 1225 685 1225 650 1230 642 1231 629 1230 562 1223 561 1223 559 1223 545 1230 544 1230 540 1230 498 1223 496 1223 495 1223 471 1230 466 1230 235 1228 235 1256"/></Shape>
	    <String CONTENT="y exclamaciones, y algunos llevaban su atrevimiento á lanzar flechas y aun á"
                    HPOS="234.0"
                    VPOS="1223.0"
                    WIDTH="1212.0"
                    HEIGHT="54.0"></String>
          </TextLine>

          
          
          <TextLine ID="line_28"
                    TAGREFS="LT83"
                    BASELINE="229 1293 1445 1296" 
                    HPOS="227.0"
                    VPOS="1267.0"
                    WIDTH="1218.0"
                    HEIGHT="46.0">
            <Shape><Polygon POINTS="229 1293 227 1304 272 1311 274 1313 1444 1313 1445 1296 1444 1269 229 1267 229 1293"/></Shape>
	    <String CONTENT="disparar sus espingardas; verdad es que el doctor procuraba mantenerse á una"
                    HPOS="227.0"
                    VPOS="1267.0"
                    WIDTH="1218.0"
                    HEIGHT="46.0"></String>
          </TextLine>

          
          
          <TextLine ID="line_29"
                    TAGREFS="LT83"
                    BASELINE="229 1329 1448 1333" 
                    HPOS="227.0"
                    VPOS="1301.0"
                    WIDTH="1221.0"
                    HEIGHT="51.0">
            <Shape><Polygon POINTS="229 1329 227 1340 329 1350 330 1350 374 1343 375 1343 378 1343 577 1350 578 1350 579 1350 581 1350 588 1344 591 1343 606 1344 653 1351 654 1351 708 1346 739 1343 774 1347 811 1350 812 1350 839 1347 876 1343 888 1347 897 1351 898 1351 899 1351 932 1348 980 1343 990 1348 993 1350 994 1350 996 1350 997 1350 1000 1348 1014 1343 1044 1350 1063 1352 1064 1352 1090 1350 1135 1344 1200 1351 1224 1352 1225 1352 1257 1351 1383 1344 1445 1352 1448 1333 1446 1302 229 1301 229 1329"/></Shape>
	    <String CONTENT="distancia respetuosa, pues de otra manera el globo no dejaba de ofrecer un buen"
                    HPOS="227.0"
                    VPOS="1301.0"
                    WIDTH="1221.0"
                    HEIGHT="51.0"></String>
          </TextLine>

          
          
          <TextLine ID="line_30"
                    TAGREFS="LT83"
                    BASELINE="229 1368 575 1365" 
                    HPOS="227.0"
                    VPOS="1334.0"
                    WIDTH="348.0"
                    HEIGHT="46.0">
            <Shape><Polygon POINTS="229 1368 229 1380 574 1377 575 1365 573 1342 513 1342 512 1340 505 1334 504 1334 503 1334 502 1334 419 1339 363 1342 227 1336 229 1368"/></Shape>
	    <String CONTENT="blanco para una bala."
                    HPOS="227.0"
                    VPOS="1334.0"
                    WIDTH="348.0"
                    HEIGHT="46.0"></String>
          </TextLine>

          
          
          <TextLine ID="line_31"
                    TAGREFS="LT83"
                    BASELINE="281 1401 1448 1404" 
                    HPOS="281.0"
                    VPOS="1365.0"
                    WIDTH="1167.0"
                    HEIGHT="51.0">
            <Shape><Polygon POINTS="281 1401 281 1416 1446 1414 1448 1404 1448 1375 1423 1367 1421 1367 1420 1367 1332 1375 1318 1375 1316 1375 1299 1368 1297 1368 1117 1367 1116 1367 1018 1373 998 1375 989 1373 946 1367 944 1367 880 1373 866 1375 864 1373 855 1365 853 1365 852 1365 851 1365 812 1373 810 1375 743 1375 741 1373 726 1365 724 1365 723 1365 632 1373 624 1373 623 1373 607 1367 606 1367 604 1367 553 1373 545 1373 281 1373 281 1401"/></Shape>
	    <String CONTENT="Al medio dia, consultado el mapa, reconocieron se encontraban sobre la al-"
                    HPOS="281.0"
                    VPOS="1365.0"
                    WIDTH="1167.0"
                    HEIGHT="51.0"></String>
          </TextLine>

          
          
          <TextLine ID="line_32"
                    TAGREFS="LT83"
                    BASELINE="227 1437 1446 1441" 
                    HPOS="227.0"
                    VPOS="1408.0"
                    WIDTH="1219.0"
                    HEIGHT="46.0">
            <Shape><Polygon POINTS="227 1437 227 1454 1445 1451 1446 1441 1445 1408 227 1408 227 1437"/></Shape>
	    <String CONTENT="dea de Tunda: en sus alrededores habia unos magníficos árboles, que llamaron"
                    HPOS="227.0"
                    VPOS="1408.0"
                    WIDTH="1219.0"
                    HEIGHT="46.0"></String>
          </TextLine>

          
          
          <TextLine ID="line_33"
                    TAGREFS="LT83"
                    BASELINE="227 1472 1448 1475" 
                    HPOS="226.0"
                    VPOS="1443.0"
                    WIDTH="1222.0"
                    HEIGHT="50.0">
            <Shape><Polygon POINTS="227 1472 226 1485 1445 1493 1448 1475 1445 1443 227 1446 227 1472"/></Shape>
	    <String CONTENT="extraordinariamente la atencion de Juan: son boabales, les dijo el doctor ; allí"
                    HPOS="226.0"
                    VPOS="1443.0"
                    WIDTH="1222.0"
                    HEIGHT="50.0"></String>
          </TextLine>

          
          
          <TextLine ID="line_34"
                    TAGREFS="LT83"
                    BASELINE="229 1512 1449 1512" 
                    HPOS="229.0"
                    VPOS="1479.0"
                    WIDTH="1220.0"
                    HEIGHT="48.0">
            <Shape><Polygon POINTS="229 1512 229 1527 1448 1524 1449 1512 1448 1485 229 1479 229 1512"/></Shape>
	    <String CONTENT="hay uno cuyo tronco tendrá cien pies de circunferencia. Tal vez al pié de ese árbol"
                    HPOS="229.0"
                    VPOS="1479.0"
                    WIDTH="1220.0"
                    HEIGHT="48.0"></String>
          </TextLine>

          
          
          <TextLine ID="line_35"
                    TAGREFS="LT83"
                    BASELINE="227 1549 1444 1549" 
                    HPOS="227.0"
                    VPOS="1521.0"
                    WIDTH="1217.0"
                    HEIGHT="46.0">
            <Shape><Polygon POINTS="227 1549 227 1567 1444 1567 1444 1549 1444 1521 227 1521 227 1549"/></Shape>
	    <String CONTENT="fué donde pereció el viajero Maizan en 1845; el jefe de esta comarca le cogió,"
                    HPOS="227.0"
                    VPOS="1521.0"
                    WIDTH="1217.0"
                    HEIGHT="46.0"></String>
          </TextLine>

          
          
          <TextLine ID="line_36"
                    TAGREFS="LT83"
                    BASELINE="229 1584 1448 1584" 
                    HPOS="229.0"
                    VPOS="1555.0"
                    WIDTH="1219.0"
                    HEIGHT="49.0">
            <Shape><Polygon POINTS="229 1584 229 1604 1446 1604 1448 1584 1446 1559 229 1555 229 1584"/></Shape>
	    <String CONTENT="le ató al pié de un boabal y le cortó lentamente las articulaciones, despues le"
                    HPOS="229.0"
                    VPOS="1555.0"
                    WIDTH="1219.0"
                    HEIGHT="49.0"></String>
          </TextLine>

          
          
          <TextLine ID="line_37"
                    TAGREFS="LT83"
                    BASELINE="229 1621 1449 1621" 
                    HPOS="229.0"
                    VPOS="1595.0"
                    WIDTH="1220.0"
                    HEIGHT="43.0">
            <Shape><Polygon POINTS="229 1621 229 1633 1446 1638 1449 1621 1448 1596 229 1595 229 1621"/></Shape>
	    <String CONTENT="taladró la garganta y por último le arrancó la cabeza al desgraciado antes de"
                    HPOS="229.0"
                    VPOS="1595.0"
                    WIDTH="1220.0"
                    HEIGHT="43.0"></String>
          </TextLine>

          
          
          <TextLine ID="line_38"
                    TAGREFS="LT83"
                    BASELINE="229 1658 1446 1658" 
                    HPOS="229.0"
                    VPOS="1632.0"
                    WIDTH="1217.0"
                    HEIGHT="43.0">
            <Shape><Polygon POINTS="229 1658 229 1675 1446 1675 1446 1658 1446 1632 229 1632 229 1658"/></Shape>
	    <String CONTENT="que estuviese completamente cortada. Aquel infortunado era francés y tenía"
                    HPOS="229.0"
                    VPOS="1632.0"
                    WIDTH="1217.0"
                    HEIGHT="43.0"></String>
          </TextLine>

          
          
          <TextLine ID="line_39"
                    TAGREFS="LT83"
                    BASELINE="230 1691 1446 1695" 
                    HPOS="229.0"
                    VPOS="1663.0"
                    WIDTH="1217.0"
                    HEIGHT="54.0">
            <Shape><Polygon POINTS="230 1691 229 1707 773 1715 774 1715 855 1712 1010 1707 1139 1715 1175 1716 1176 1716 1201 1715 1300 1708 1316 1716 1317 1716 1318 1716 1320 1717 1445 1717 1446 1695 1445 1667 230 1663 230 1691"/></Shape>
	    <String CONTENT="veintisiete años; Francia reclamó justicia del Said de Zanzibar, mas el asesino"
                    HPOS="229.0"
                    VPOS="1663.0"
                    WIDTH="1217.0"
                    HEIGHT="54.0"></String>
          </TextLine>

          
          
          <TextLine ID="line_40"
                    TAGREFS="LT83"
                    BASELINE="230 1728 571 1730" 
                    HPOS="229.0"
                    VPOS="1699.0"
                    WIDTH="342.0"
                    HEIGHT="45.0">
            <Shape><Polygon POINTS="230 1728 229 1744 570 1744 571 1730 570 1705 230 1699 230 1728"/></Shape>
	    <String CONTENT="no se pudo encontrar."
                    HPOS="229.0"
                    VPOS="1699.0"
                    WIDTH="342.0"
                    HEIGHT="45.0"></String>
          </TextLine>

          
          
          <TextLine ID="line_41"
                    TAGREFS="LT83"
                    BASELINE="268 1762 1444 1765" 
                    HPOS="268.0"
                    VPOS="1726.0"
                    WIDTH="1176.0"
                    HEIGHT="54.0">
            <Shape><Polygon POINTS="268 1762 268 1780 1442 1778 1444 1765 1442 1728 1400 1728 1399 1728 1397 1728 1396 1728 1379 1738 1267 1738 1245 1729 1242 1728 1241 1728 1079 1728 1077 1728 1076 1728 1067 1730 1033 1740 978 1740 961 1730 955 1728 953 1728 952 1728 878 1732 798 1736 781 1732 752 1726 751 1726 703 1733 671 1737 653 1733 620 1726 619 1726 578 1734 558 1737 268 1737 268 1762"/></Shape>
	    <String CONTENT="—Subamos, señor, dijo Juan, no nos atrapen esos animales, y con mas moti-"
                    HPOS="268.0"
                    VPOS="1726.0"
                    WIDTH="1176.0"
                    HEIGHT="54.0"></String>
          </TextLine>

          
          
          <TextLine ID="line_42"
                    TAGREFS="LT83"
                    BASELINE="229 1801 1446 1799" 
                    HPOS="227.0"
                    VPOS="1771.0"
                    WIDTH="1219.0"
                    HEIGHT="46.0">
            <Shape><Polygon POINTS="229 1801 229 1816 1444 1817 1446 1799 1444 1776 227 1771 229 1801"/></Shape>
	    <String CONTENT="vo si hemos de salvar el monte aquel, á donde el aire nos lleva rectamente.—"
                    HPOS="227.0"
                    VPOS="1771.0"
                    WIDTH="1219.0"
                    HEIGHT="46.0"></String>
          </TextLine>

          
          
          <TextLine ID="line_43"
                    TAGREFS="LT83"
                    BASELINE="229 1837 1450 1840" 
                    HPOS="229.0"
                    VPOS="1805.0"
                    WIDTH="1221.0"
                    HEIGHT="64.0">
            <Shape><Polygon POINTS="229 1837 229 1857 272 1852 305 1858 320 1861 321 1861 339 1858 383 1852 393 1858 395 1858 396 1858 397 1858 399 1858 415 1850 438 1859 446 1862 447 1862 449 1862 450 1862 451 1862 455 1859 471 1850 491 1857 492 1857 494 1857 596 1850 644 1861 645 1861 646 1861 648 1861 649 1861 660 1853 789 1850 807 1861 809 1861 810 1861 811 1861 812 1861 836 1852 866 1861 868 1861 869 1861 870 1861 885 1853 1017 1852 1090 1865 1093 1865 1094 1865 1096 1865 1127 1855 1163 1866 1170 1867 1171 1867 1172 1869 1449 1869 1450 1840 1449 1805 229 1805 229 1837"/></Shape>
	    <String CONTENT="Subiremos, dijo el doctor, pues á la opuesta caida de aquella eminencia trato"
                    HPOS="229.0"
                    VPOS="1805.0"
                    WIDTH="1221.0"
                    HEIGHT="64.0"></String>
          </TextLine>

          
          
          <TextLine ID="line_44"
                    TAGREFS="LT83"
                    BASELINE="229 1875 521 1873" 
                    HPOS="227.0"
                    VPOS="1842.0"
                    WIDTH="294.0"
                    HEIGHT="52.0">
            <Shape><Polygon POINTS="229 1875 229 1894 520 1891 521 1873 519 1850 379 1842 378 1842 376 1842 375 1842 375 1844 374 1844 370 1850 227 1850 229 1875"/></Shape>
	    <String CONTENT="de pasar la noche."
                    HPOS="227.0"
                    VPOS="1842.0"
                    WIDTH="294.0"
                    HEIGHT="52.0"></String>
          </TextLine>

          
          
          <TextLine ID="line_45"
                    TAGREFS="LT83"
                    BASELINE="283 1912 1450 1909" 
                    HPOS="281.0"
                    VPOS="1875.0"
                    WIDTH="1169.0"
                    HEIGHT="54.0">
            <Shape><Polygon POINTS="366 1875 364 1875 281 1882 283 1912 283 1929 1449 1921 1450 1909 1448 1875 374 1875 366 1875"/></Shape>
	    <String CONTENT="En efecto, á las siete de la tarde pasaban sobre la cumbre del monte Duthu-"
                    HPOS="281.0"
                    VPOS="1875.0"
                    WIDTH="1169.0"
                    HEIGHT="54.0"></String>
          </TextLine>

          
          
          <TextLine ID="line_46"
                    TAGREFS="LT83"
                    BASELINE="227 1948 1445 1945" 
                    HPOS="226.0"
                    VPOS="1915.0"
                    WIDTH="1219.0"
                    HEIGHT="51.0">
            <Shape><Polygon POINTS="227 1948 227 1966 1444 1958 1445 1945 1441 1915 226 1920 227 1948"/></Shape>
	    <String CONTENT="mí, para lo cual tuvieron que alcanzar una elevacion de mas de tres mil pies."
                    HPOS="226.0"
                    VPOS="1915.0"
                    WIDTH="1219.0"
                    HEIGHT="51.0"></String>
          </TextLine>

          
          
          <TextLine ID="line_47"
                    TAGREFS="LT83"
                    BASELINE="230 1985 1448 1982" 
                    HPOS="229.0"
                    VPOS="1949.0"
                    WIDTH="1219.0"
                    HEIGHT="49.0">
            <Shape><Polygon POINTS="230 1985 230 1998 1446 1996 1448 1982 1444 1950 1177 1956 1075 1953 960 1949 959 1949 895 1954 869 1956 863 1954 843 1949 841 1949 840 1949 809 1954 794 1957 786 1954 772 1950 770 1950 769 1950 587 1957 553 1957 541 1957 459 1950 458 1950 425 1957 388 1950 387 1950 305 1957 263 1950 262 1950 260 1950 229 1958 230 1985"/></Shape>
	    <String CONTENT="Al descender á la vertiente opuesta dejaron colgar las anclas, y encontrando"
                    HPOS="229.0"
                    VPOS="1949.0"
                    WIDTH="1219.0"
                    HEIGHT="49.0"></String>
          </TextLine>

          
          
          <TextLine ID="line_48"
                    TAGREFS="LT83"
                    BASELINE="231 2021 1440 2019" 
                    HPOS="230.0"
                    VPOS="1987.0"
                    WIDTH="1210.0"
                    HEIGHT="46.0">
            <Shape><Polygon POINTS="231 2021 231 2033 1438 2031 1440 2019 1437 1994 864 1987 863 1987 732 1994 272 1989 271 1989 230 1995 231 2021"/></Shape>
	    <String CONTENT="una de ellas las ramas de un enorme nopal, quedó perfectamente enganchada."
                    HPOS="230.0"
                    VPOS="1987.0"
                    WIDTH="1210.0"
                    HEIGHT="46.0"></String>
          </TextLine>

          
          
          <TextLine ID="line_49"
                    TAGREFS="LT83"
                    BASELINE="230 2053 1450 2057" 
                    HPOS="229.0"
                    VPOS="2025.0"
                    WIDTH="1221.0"
                    HEIGHT="49.0">
            <Shape><Polygon POINTS="230 2053 229 2071 1448 2074 1450 2057 1448 2025 230 2027 230 2053"/></Shape>
	    <String CONTENT="Juan se deslizó por la cuerda y la aseguró mejor, despues le arrojaron la escala"
                    HPOS="229.0"
                    VPOS="2025.0"
                    WIDTH="1221.0"
                    HEIGHT="49.0"></String>
          </TextLine>

          
          
          <TextLine ID="line_50"
                    TAGREFS="LT83"
                    BASELINE="230 2091 1449 2094" 
                    HPOS="229.0"
                    VPOS="2062.0"
                    WIDTH="1220.0"
                    HEIGHT="58.0">
            <Shape><Polygon POINTS="230 2091 229 2107 266 2118 267 2118 268 2118 332 2108 334 2108 338 2108 396 2118 397 2119 588 2119 588 2118 590 2118 612 2111 619 2108 624 2111 640 2118 641 2118 642 2119 731 2119 731 2118 732 2118 744 2111 749 2108 830 2112 892 2115 893 2115 926 2112 973 2110 981 2114 988 2116 989 2116 990 2116 992 2116 997 2114 1006 2110 1084 2110 1092 2114 1098 2119 1100 2119 1101 2119 1102 2120 1172 2120 1172 2119 1173 2119 1175 2119 1180 2115 1185 2111 1204 2115 1224 2119 1225 2119 1226 2119 1235 2115 1249 2110 1446 2116 1449 2094 1448 2068 230 2062 230 2091"/></Shape>
	    <String CONTENT="de seda por la que trepó ágilmente. Midiendo sobre el mapa calcularon haber"
                    HPOS="229.0"
                    VPOS="2062.0"
                    WIDTH="1220.0"
                    HEIGHT="58.0"></String>
          </TextLine>

          
        </TextBlock>
        

        
      </PrintSpace>
    </Page>
  </Layout>
</alto>
