1676 2371
783.0 126.0 147.0 70.0 —6—

303.0 179.0 1151.0 63.0 De esta manera terminó su discurso el doctor, mereciendo la aprobacion

252.0 229.0 1143.0 56.0 del auditorio. Nada se le podia objetar, todo lo habia previsto y resuelto.

687.0 450.0 318.0 80.0 CAPÍTULO II.

278.0 625.0 1137.0 62.0 Los preparativos.—Nombre alegórico del globo.—Primeros dias de

530.0 675.0 618.0 78.0 navegacion.—Los hijos de la Luna.

289.0 829.0 1156.0 28.0 Viento constantemienite favorable apresuró la marcha del Resolute que ancló

229.0 848.0 1220.0 45.0 en el puerto de la ciudad é isla de Zanzibar el 15 de Abril á las once de la

230.0 886.0 1219.0 45.0 mañana, é inmediatamente se procedió al desembarco; mas al enterarse la po-

230.0 922.0 1215.0 46.0 blacion de que habia llegado un cristiano que trataba de elevarse por los aires,

227.0 957.0 1219.0 48.0 su ciego fanatismo les sugirió la idea de que se trataba de algun proyecto sa-

227.0 990.0 1218.0 54.0 crílego y quiso oponerse á la ejecucion. Enterado el cónsul de estas disposicio-

226.0 1027.0 1220.0 49.0 nes, conferenció con el doctor y el comandante del buque; éste no queria

226.0 1062.0 1219.0 51.0 dejarse intimidar; mas Samuel le atrajo á la razon, indicándole que aunque por

225.0 1099.0 1216.0 54.0 sí nada temiesen, era muy fácil que el globo recibiera cualquier rasguño,

229.0 1143.0 1213.0 43.0 y comprometiera la expedicion; por lo tanto, escogieron para desembarco una

223.0 1180.0 1215.0 43.0 isla desierta fuera del puerto. En ella se procodió al henchimiento del globo,

223.0 1215.0 1218.0 45.0 operacion que exigió los mayores cuidados y que fué ejecutada con felicidad;

221.0 1250.0 1220.0 46.0 despues colocaron en la barquilla la tienda, ropas, armas, instrumentos y vi-

221.0 1289.0 1220.0 41.0 veres necesarios. Sacos de tierra sustituyeron con exceso el peso de los viajeros

218.0 1323.0 1219.0 46.0 que pasaron en tierra con sus compatriotas la noche del 17 al 18 de Abril.

221.0 1358.0 1216.0 48.0 A las nueve de la mañana entraron los tres viajeros en la barquilla, despues de

218.0 1396.0 1216.0 46.0 haber abrazado con efusion á los bravos marinos que los habian acompañado:

218.0 1433.0 1218.0 44.0 el doctor encendió el mechero abriendo toda la llave para que produjera intensa

217.0 1468.0 1219.0 48.0 llama; á los pocos minutos, el globo que se mantenia en perfecto equilibrio, em-

217.0 1504.0 1219.0 52.0 pezó á levantarse. Los marinos dejaron correr las cuerdas, con que provisio-

218.0 1539.0 1145.0 52.0 nalmente habia sido sujeto, y la barquilla se elevó á veinte piés del suelo.

252.0 1576.0 1184.0 46.0 — Amigos mios, exclamó el doctor colocado entre sus dos compañeros, y qui-

216.0 1612.0 1217.0 51.0 tándose el sombrero; demos á nuestro buque aéreo un nombre de buen agüero:

221.0 1646.0 375.0 50.0 llamémosle El Victoria.

221.0 1683.0 785.0 51.0 Un hurra formidable respondió á sus palabras.

267.0 1724.0 1167.0 46.0 En aquel momento la fuerza ascendente del globo aumentó prodigiosamente.

214.0 1758.0 1214.0 46.0 Fergusson, Kennedy y Juan dirigieron el último adios á sus amigos, y á una se-

213.0 1791.0 1211.0 57.0 ña del doctor, sueltas del todo las cuerdas, el Victoria se elevó rápidamente,

212.0 1836.0 1092.0 42.0 mientras que los cuatro cañones del Resolute disparaban en su honor.

255.0 1870.0 1174.0 45.0 El ambiente era puro y el viento moderado; el Victoria subió casi perpen-

208.0 1902.0 1221.0 48.0 dicularmente á mil quinientos pies de altura; allí encontró una corriente mas

209.0 1940.0 1217.0 52.0 marcada que los llevó hácia el Sudoeste. Magnífico espectáculo se desarrollaba

206.0 1974.0 1219.0 66.0 á los ojos de los viajeros; los campos presentaban diferentes matices; ramille-
