1730 2371
807.0 187.0 173.0 51.0 — 24—

285.0 223.0 1203.0 72.0 Victoria, que subió á mas de ochocientos piés, rápido viento le cogió entonces,

285.0 263.0 1209.0 72.0 mientras el doctor y sus compañeros contemplaban el abismo de las cataratas

285.0 309.0 821.0 55.0 del Gouina abierto bajo sus piés.

301.0 329.0 1198.0 80.0 Diez minutos despues, sin haber cambiado una palabra, descendian poco á

287.0 364.0 1213.0 78.0 poco en la otra ribera del rio. Allí habia un grupo compuesto de una docena de

287.0 405.0 1215.0 75.0 hombres que llevaban el uniforme frances. ¡Júzguese de su asombro cuando vie-

288.0 438.0 1216.0 75.0 ron elevarse aquel globo desde la ribera del rio! Poco les faltó para creer o un

291.0 472.0 1216.0 79.0 milagro. Pero el jefe, teniente de marina, conocia por los periódicos de Europa

292.0 512.0 1214.0 76.0 la audaz tentativa del doctor Fergusson, y comprendió desde luego la causa de

293.0 574.0 268.0 62.0 aquel fenómeno.

350.0 586.0 1158.0 76.0 El globo se vaciaba poco á poco, cayendo con los intrépidos aeronautas co-

296.0 619.0 1211.0 85.0 gidos a la red; los franceses temieron no llegase á tierra, por lo que se precipi-

297.0 655.0 1214.0 77.0 taron al rio en una barca, recibiendo á los ingleses en los brazos.—¿El doctor

297.0 696.0 1214.0 78.0 Fergusson? exclamó el teniente.—El mismo, y sus dos amigos, respondió tran-

297.0 756.0 356.0 46.0 quilanente el doctor.

346.0 757.0 1166.0 82.0 Todos se dirigieron á la orilla, mientras que la corriente arrastraba al Vic-

299.0 807.0 1216.0 72.0 toria medio deshenchido, llevándole á sepultarle con las aguas del Senegal en

299.0 849.0 907.0 71.0 las cataratas del Gouina.—¡Pobre Victoria! exclamó Juan.

351.0 875.0 1166.0 74.0 El doctor no pudo contener una lagrima; abrió los brazos, y sus dos amigos

301.0 923.0 883.0 70.0 se precipitaron en ellos dominados por grande emocion.

353.0 948.0 1164.0 79.0 Los ingleses fueron conducidos al campamento francés, donde se les trató

301.0 997.0 952.0 60.0 con gran miramiento. Allí se redactó el testimonio siguiente:

355.0 1023.0 1164.0 72.0 «Los infrascritos declaramos, que en el dia de la fecha hemos visto llegar

304.0 1062.0 1219.0 70.0 suspendidos á la red de un globo al doctor Fergusson y á sus dos compañeros

304.0 1094.0 1217.0 77.0 Ricardo Kennedy y Juan Wilson. El globo ha caido en el lecho del rio des-

303.0 1130.0 1222.0 75.0 apareciendo en las cataratas del Gouina. En fé de lo cual firmamos este testimo-

303.0 1167.0 1224.0 73.0 nio con los interesados. Cataratas del Gouina á 24 de Mayo de 1962.—Samuel

304.0 1209.0 1220.0 67.0 Fergusson.—Ricardo Kennedy.—Juan Wilson.—Dufraise, teniente de infante-

303.0 1238.0 1221.0 76.0 ría de marina.—Rodamel, alférez de navío.—Dufays, sargento.—Felipeau, Ma-

308.0 1288.0 958.0 68.0 yor.—Pellisier, Lorois, Rascagnet, Guillon, Lebel, soldados.»

357.0 1314.0 1170.0 73.0 Catorce días despues llegaron á San Luis, donde les recibió el gobernador

306.0 1351.0 1186.0 72.0 espléndidamente: los viajeros estaban repuestos de sus emociones y fatigas.

357.0 1387.0 1172.0 79.0 Una fragata inglesa aparejaba para partir; los tres viajeros tomaron pasaje

310.0 1425.0 1202.0 73.0 en ella, y el 25 de Junio llegaban á Portsmonth y al dia siguiente á Lóndres..

366.0 1460.0 1172.0 74.0 Nada diremes de la recepcion que tuvieron en la Sociedad Geográfica, ni.

312.0 1498.0 1221.0 72.0 de las felicitaciones que recibieron. además de la medalla de oro destinada á

313.0 1546.0 878.0 59.0 recompensar la exploracion mas notable del año 1862.

370.0 1560.0 1162.0 90.0 Todos los periódicos de Europa publicaron elogios á los audaces explorado-

316.0 1605.0 1218.0 78.0 res y el Daily Telegraph, tiró trescientos setenta y siete mil numeros el dia

318.0 1661.0 577.0 54.0 en que publico el estracto del viaje.

374.0 1679.0 1163.0 80.0 Kennedy partió para Edimburgo, porque tenia prisa por tranquilizar á su

317.0 1737.0 250.0 64.0 ama de llaves.

372.0 1751.0 1166.0 74.0 El doctor Fergusson y su fiel Juan permanecieron como siempre, aunque en

318.0 1803.0 725.0 87.0 vez de amo y criado, ahora eran dos amigos.

885.0 1873.0 93.0 92.0 FIN.
