1689 2335
732.0 149.0 168.0 44.0 — 11 —

193.0 201.0 1226.0 49.0 las anclas colgando, que rozaban las altas yerbas, trazando un surco semejante

194.0 232.0 409.0 48.0 á la estela de un buque.

247.0 271.0 1170.0 45.0 De pronto el globo se detuvo por haber sin duda mordido el ancla en algun

190.0 303.0 1227.0 51.0 objeto oculto bajo las yerbas: ya se preparaban á descender cuando un grito

193.0 341.0 1224.0 50.0 agudo resonó en el aire y el Victoria se puso en marcha arrastrado por el bicho

191.0 381.0 1228.0 45.0 á que el ancla habia agarrado. Avanzaban con cierta rapidez, y pronto llegaron

190.0 417.0 1227.0 47.0 á un claro donde se dejó ver un magnífico elefante con el ancla del Victoria

190.0 457.0 1226.0 39.0 sujeta á uno de sus largos colmillos. Intentaba con la trompa desembarazarse de

191.0 492.0 1226.0 45.0 aquel lazo. Tomó un galope rápido, dando fuertes sacudidas á la barquilla en

189.0 521.0 1228.0 48.0 su trote. El doctor con un hacha en la mano estaba dispuesto á cortar la cuerda

189.0 561.0 1226.0 47.0 si habia necesidad, interin que Dick preparaba su certera carabina: la primera

189.0 595.0 1224.0 48.0 bala disparada contra el cráneo se aplastó como sobre una plancha de hierro;

189.0 630.0 1228.0 51.0 este golpe solo sirvió para hacerle acelerar el paso; las balas cónicas tampoco le

188.0 673.0 1229.0 44.0 detuvieren; pero la situacion apremiaba, pues á unas cien toesas daba principio,

186.0 704.0 1227.0 47.0 un bosque en cuyas ramas no tardaría el globo en hacerse pedazos; mas Kennedy

186.0 739.0 1230.0 49.0 le dirigió un balazo á un ojo, en un momento que levantó la cabeza. El golpe

186.0 774.0 1231.0 51.0 fué decisivo: el animal se detuvo, vaciló, sus rodillas se doblaron y presentó el

185.0 814.0 1228.0 49.0 flanco al cazador. En aquella postura fué fácil dirigirle una bala al corazon, que

185.0 848.0 791.0 53.0 puse fin á la desesperacion y agonía del mónstruo.

241.0 888.0 1171.0 46.0 Con sumo placer se aproximaron al elefante y trataron sacar el mejor partido

184.0 919.0 1227.0 53.0 de tan notable caza; al efecto le cortó Juan la trompa, que tendria unos diez

184.0 962.0 1227.0 47.0 piés de ancha en su nacimiento; escogió lo mas delicado de ella, y en union de

186.0 1000.0 1226.0 44.0 uno de sus piés la envolvió en yerbas aromáticas, colocándolo todo en el fondo

185.0 1036.0 1223.0 44.0 de un horno préviamente caldeado; sobre la carne formó una segunda fogata,

184.0 1074.0 1227.0 41.0 quemada la cual el asado estaba en toda sazon. Entretando Dick se habia inter-

184.0 1107.0 1226.0 42.0 nado en el bosque próximo haciendo repetidos disparos, y al cabo de dos horas

184.0 1144.0 1224.0 46.0 volvió con un rosario de gordas perdices y las dos piernas traseras de un antílope.

238.0 1176.0 1173.0 45.0 La comida, sobre un magnífico césped, estuvo deliciosa y amenizada con

182.0 1219.0 1228.0 44.0 galleta, aguardiente, café y agua fresca y clara de un arroyo próximo. La tarde

181.0 1247.0 1008.0 48.0 concluyó sin novedad, y la noche determinaron pasarla en tierra.

236.0 1289.0 1174.0 41.0 A las cinco de la mañana siguiente se emprendió la partida, llevándolos una

180.0 1319.0 1228.0 48.0 fuerte brisa en direccion al Ecuador, cuya línea atravesaron á las once de la

181.0 1356.0 1227.0 48.0 mañana; por manera que al anunciar el doctor que entraban en el hemisferio

180.0 1395.0 1226.0 52.0 boreal, estuvo muy oportuna la ocurrencia de Juan proponiendo que tan grato

181.0 1429.0 606.0 47.0 suceso se festejase con un vaso de ron.

234.0 1460.0 1168.0 55.0 El viento, continuaba del Este con una velocidad de treinta millas por hora,

179.0 1500.0 1228.0 54.0 por le que se encontraron muy pronto sobre el lago Nyanza, presumible depó-

179.0 1543.0 1224.0 46.0 sito de las aguas del Nilo; varias son las islas que en este lago se encuentran, y

179.0 1577.0 1224.0 47.0 una es tan considerable que está gobernada por tres sultanes. Habiéndose diri-

180.0 1611.0 1227.0 50.0 gido el Victoria hácia el Oeste, les dijo Samuel:—Dentro de poco veremos el

176.0 1651.0 1230.0 45.0 fundamento de los relatos que suponen que este gran lago engendra el Nilo; pues

177.0 1691.0 1227.0 43.0 tardaremos poco en llegar á la parte mas occidental donde necesariamente debe

175.0 1718.0 451.0 52.0 estar el principio de él.

228.0 1751.0 1178.0 56.0 Efectivamente, antes de dos horas llegaron á la estremidad del lago, pasan-

175.0 1792.0 1227.0 50.0 do sobre los elevados picos de altas montañas; pero entre ellas, y por una gar-

175.0 1830.0 1227.0 49.0 ganta profunda y sinuosa, escapaba un agitado rio.—Ved, amigos mios, esclamó,

175.0 1865.0 1228.0 45.0 el doctor; los relatos de los árabes eran exactos: hablaban de un rio por donde

175.0 1903.0 1222.0 44.0 este lago, que ellos llaman Ukereoué, derramaba sus aguas hácia el Norte. Si,

175.0 1943.0 1229.0 50.0 ese hilo de agua que huve bajo nuestros pies, va á confundirse con las olas del

176.0 1974.0 733.0 67.0 Mediterráneo. ¡Es el Nilo! ¡Hurrah por el Nilo!
