1693 2329
830.0 143.0 136.0 52.0 — 14—

344.0 205.0 1166.0 42.0 En el momento en que el globo tocaba al suelo, el cazador cogió al sacerdote

291.0 231.0 1216.0 49.0 por debajo de los brazos y lo colocó en la barquilla, al mismo tiempo que Juan

288.0 269.0 1217.0 46.0 arrojaba fuera las doscientas libras de lastre; pero el globo solo se elevó tres ó

287.0 309.0 1215.0 41.0 cuatro pies y permaneció inmóvil. Un negro, mas audaz que sus compañeros,

287.0 342.0 1214.0 47.0 se habia cogido á la barquilla, impidiendo así que el globo ascendiera.—¡Ali-

286.0 385.0 833.0 45.0 gerad! ¡Aligerad! gritó el doctor, ¡pronto! ¡el agua!

337.0 414.0 1168.0 51.0 Juan, comprendiendo el pensamiento de su amo, arrojó una caja llena de agua

284.0 450.0 1220.0 50.0 que no bajaria de ciento cincuenta libras. Libre el Victoria de aquel peso dió un

283.0 492.0 1219.0 42.0 salto de trescientos piés, en medio de los rugidos de la tríbu, que veia escapar

282.0 527.0 1218.0 44.0 el prisionero, y arrebatarles uno de sus jefes; pero no siendo este tan buen gi-

280.0 560.0 1218.0 49.0 nete como el de Kazeh, perdió el equilibrio y fué á estrellarse contra el suelo.

280.0 599.0 1221.0 47.0 Entonces dió otro salto el globo subiendo á mas de mil piés. El doctor separó los

280.0 640.0 1220.0 41.0 dos hilos eléctricos, volviendo á reinar igual oscuridad, hasta que colocados los

282.0 675.0 831.0 45.0 conductores en el calorífero se encendió el mechero.

291.0 707.0 974.0 53.0 El francés abrió los ojos.—Estais en salvo, le dijo el doctor.

291.0 740.0 1206.0 54.0 ——¡Salvado! murmuró con triste sonrisa; gracias, hermanos mios; pero me

276.0 777.0 1220.0 48.0 quedan pocas horas de vida. Al decir esto se desmayó. Se muere, exclamó Dick.

276.0 815.0 1220.0 50.0 No, respondió Fergusson; pero está muy débil. Inmediatamente acostaron sobre

276.0 852.0 1218.0 48.0 las mantas aquel pobre cuerpo cubierto de cicatrices y de recientes heridas. El

275.0 890.0 1219.0 46.0 docior se las lavó, y vendó con un pañuelo, haciendo esto con la habilidad de un

275.0 923.0 1217.0 48.0 médico; despues bajó los lienzos de la tienda, dejándolo reposar tranquilamente.

328.0 961.0 1163.0 50.0 Magnífica fué la siguiente aurora; el sol derramando torrentes de brillante

276.0 997.0 1216.0 44.0 luz saludó á nuestros amigos, que gozosos velaban el tranquilo descansar del

274.0 1032.0 1219.0 50.0 rescatado: únicamente el doctor abrigaba algunos recelos en vista de la aridez

274.0 1068.0 1218.0 48.0 que en lontananza se descubria, puesto queno distaban mucho de los intermina-

271.0 1102.0 1220.0 53.0 bles desiertos, donde de todo punto falta el agua y la vegetacion. Estas medita-

273.0 1139.0 1099.0 48.0 ciones fueron interrumpidas por un triste quejido que salió de la tienda.

327.0 1174.0 1164.0 51.0 Los tres amigos acudieron inmediatamente, teniendo el gusto de encontrarse

273.0 1214.0 1218.0 43.0 al sacerdote algun tanto mejorado, gracias al descanso y á la pureza del am-

270.0 1249.0 1221.0 44.0 biente; nuestros viajeros le dirigieron palabras de consuelo, mostrando tambien

270.0 1283.0 1219.0 48.0 deseos de saber los acontecimientos que le habian traido á tal estado: entonces

269.0 1321.0 1219.0 47.0 el enfermo les contó que era francés, de la Bretaña; á los veinte años entró en

267.0 1358.0 1220.0 44.0 la órden de Sacerdotes misioneros, marchando á poco tiempo al Africa en busca

267.0 1393.0 1221.0 49.0 de almas para el cielo. Seis años estuvo catequizando las diversos tribus, donde

265.0 1427.0 1222.0 46.0 su estrella y las circunstancias le llevaron, y las mas veces sufriendo el trato

265.0 1465.0 1220.0 47.0 mas cruel; últimamente, habiendo muerto el jefe del país donde se hallaba, le

265.0 1502.0 1219.0 45.0 culparon de aquella desgracia y trataban hacérsela pagar arrebatándole la vida.

264.0 1538.0 1219.0 47.0 Pero la Providencia dispuso mandar en su socorro á nuestros viajeros la noche

262.0 1573.0 1221.0 48.0 antes del sacrificio, aunque á decir verdad este estaba medio consumado, pues

262.0 1613.0 1220.0 43.0 hacia cuarenta horas le estaban martirizando. Concluvó el relato de sus aven-

262.0 1647.0 1220.0 50.0 turas, dando á Dios infinitas gracias por haberle dejado estrechar manos amigas

264.0 1684.0 485.0 52.0 antes de partir al otro mundo.

315.0 1718.0 1167.0 53.0 Poco anduvieron aquel dia, cifrando todos los cuidados en atender al enfer-

260.0 1755.0 1222.0 44.0 mo, cuya postracion iba en aumento. Al principio de la noche, (que fué esplén-

260.0 1790.0 1220.0 46.0 dida, como todas las de ese país donde nunca llueve) el misionero llamó á sus

262.0 1826.0 1217.0 52.0 amigos con voz débil.— Voy á morir, les dijo, ¡que el Dios de las misericordias

262.0 1865.0 1214.0 52.0 os lleve á tranquilo puerto! ¡Él os pague mi deuda de agradecimiento!—Eso

260.0 1898.0 1218.0 53.0 será un desmayo, no morireis, le dijo Kennedy.—La muerte se adelanta, la

264.0 1934.0 1212.0 53.0 siento, rehuso el misionero, ¡ponedme de rodillas, os lo ruego! El cazador le

260.0 1969.0 1214.0 63.0 levantó, viendo en la pesadez de su cuerpo un síntoma fatal. Fergusson le pulsó
