1704 2287
735.0 176.0 172.0 53.0 —23—

209.0 217.0 1214.0 62.0 momento á veinticinco millas del Senegal. Aunque no habian visto habitantes

209.0 254.0 1210.0 67.0 determinaron vigilar con el mayor cuidado, dividiendo la noche en tres guardias.

266.0 296.0 1154.0 53.0 Kennedy estaba de vigilante, cuando sin apercibirse de ello y al arrullo de

207.0 330.0 1213.0 63.0 la dulce brisa que corria, se quedó tranquilamente dormido; pero no pasó mucho

209.0 363.0 1211.0 60.0 de este modo, siendo despertado al ruido de un chisporroteo inesperado. Frotóse

209.0 402.0 1206.0 63.0 los ojos y se puso de pié, sintiendo intenso calor: la selva estaba ardiendo.—

210.0 435.0 1215.0 66.0 ¡Fuego! ¡Fuego! gritó á sus compañeros.—¿Qué es eso? preguntó Samuel. En

209.0 473.0 1207.0 63.0 aquel momento se oyeron terribles aullidos que salian del incendiado follage.—

209.0 513.0 627.0 58.0 ¡Hazañas de los salvajes! esclamó Juan.

261.0 545.0 1158.0 61.0 Un círculo de fuego rodeaba al Victoria; el incendio se reflejaba en las nu-

210.0 584.0 1209.0 62.0 bes, y los viajeros se croyeron envueltos en una esfera de fuego. Fergusson con

210.0 620.0 1208.0 63.0 mano firme cortó de un hachazo la cuerda del ancla cuando las llamas querian

208.0 656.0 1207.0 64.0 rodear el globo; pero éste, libre de sujecion, subió mas de mil piés en los aires,

261.0 693.0 1158.0 55.0 Gritos horribles resonaron entoncos en la selva con violentas detonaciones

207.0 728.0 1212.0 63.0 de armas de fuego. El globo aprovechó una corriente que se levantaba con el

207.0 764.0 1211.0 56.0 dia, y se dirigió hácia el Oeste; paro los salvajes emprendieron tambien la mar-

205.0 809.0 1045.0 52.0 cha en la misma direccion, haciendo al Victoria frecuentes disparos.

261.0 839.0 1157.0 58.0 Samuel arrojó el calorífero, la pila de Runtzon y otrosaccesorios, aligerando

205.0 874.0 1211.0 61.0 al Victoria de mas de novecientas libras de peso; con este alivio pudo trasponer

205.0 917.0 1210.0 52.0 un elevado monte, que sirvió de barrera entre los viajeros y sus perseguidores;

204.0 947.0 1214.0 56.0 pero estos no renunciaban á su empeño y emprendieron la marcha rodando el

207.0 991.0 1209.0 45.0 monte para salirles al encuentro Habian obsenvado la decadencia del globo y le

205.0 1026.0 1213.0 56.0 tenian por segura presa; sin embango, con aquel rodeo adelantaban nuestros

204.0 1060.0 411.0 50.0 amigos mas de tres horas.

259.0 1093.0 1156.0 59.0 Al franquear la colina, y á dos millas delante de ellos, aparecia el rio Sene-

202.0 1132.0 822.0 59.0 gal presentando una gran estension de masa líquida.

251.0 1168.0 1167.0 50.0 A pié hubieran llegado antes que los árabes les alcanzasen: pero no teniendo

200.0 1204.0 1213.0 51.0 barca era preciso trasponerlo en globo; mas las fuerzas de éste iban tan á menos,

202.0 1241.0 1216.0 54.0 que á cien pasos de la orilla y despues de tocar varias veces en tierra, como una

202.0 1278.0 1213.0 53.0 inmensa pelota de goma, quedó cogido por la parte superior de la red á las ra-

202.0 1312.0 1216.0 56.0 mas de un boabal.—¡Maldicion! dijo Kennedy.—¡Todo ha concluido! añadió

202.0 1353.0 1216.0 45.0 Juan—No tanto, amigos mios, replicó el doctor; juntad mas de cien libras de

200.0 1389.0 1216.0 50.0 las yerbas secas que abundan en esta pradera, mientras preparo al globo para

207.0 1425.0 316.0 46.0 otro procedimiento.

251.0 1457.0 1164.0 52.0 Juan y Kennedy obedecieron al punto, mientras que Samuel cortó las cuer-

196.0 1495.0 1219.0 53.0 das que sujetaban la barquilla, agrandó el orificio del globo, dió salida al hidró-

198.0 1539.0 1216.0 47.0 geno y en seguida colocó cierta cantidad de verba bajo el agujero y la pren-

196.0 1574.0 1219.0 42.0 dió fuego. Poco tiempo se necesita para henchir un globo con aire caliente; un

198.0 1605.0 1213.0 49.0 calor de cien grados basta para reducir á la mitad el peso del aire que encierra;

198.0 1645.0 1216.0 53.0 así es que el Victoria empezó á tomar su forma redonda, y como no escaseaba

195.0 1679.0 691.0 45.0 la yerba, el globo engrosaba sensiblemente.

249.0 1715.0 1165.0 49.0 Entonces, dos millas al Norte apareció la banda de árabes, oyéndose sus gri-

193.0 1749.0 1220.0 53.0 tos y el galope de los caballos lanzados á toda brida.—Dentro de veinte mint-

194.0 1788.0 1215.0 53.0 tos estarán aquí, ¡yerba, yerba, Juan! antes que nos alcancen, dijo el doctor:

193.0 1825.0 1221.0 51.0 Al cabo de diez minutos, algunas sacudidas del globo indicaron su tendencia

190.0 1866.0 1221.0 46.0 á elevarse: los árabes distaban quinientos pasos.—Agarraos á las mallas de la

190.0 1898.0 1221.0 57.0 red, ¡firmes! gritó Samuel, mientras que amontonaba con el pié gran cantidad

190.0 1936.0 169.0 51.0 de yerba.

247.0 1969.0 1166.0 52.0 El globo, completamente dilatado por el aumento de temperatura, ascendió

186.0 2011.0 1225.0 52.0 rozando las ramas del boabal. Gritos de rabia lanzaron los salvajes á la fuga der
