1696 2389
743.0 240.0 169.0 54.0 —21—

640.0 329.0 417.0 86.0 CAPITULO VII.

215.0 430.0 1216.0 66.0 Historia de Juan.—Decadencia del Victoria.—Rápida travesía.—Paso

674.0 483.0 310.0 83.0 de una montaña.

237.0 601.0 1198.0 36.0 —¡Amo mio! ¡Señor Dick! fueron las primeras palabras del rescatado cuando

216.0 618.0 1218.0 50.0 entró en la barqulla; y sucumbiendo á la emocion y á la fatiga, cayo desmayado

216.0 647.0 1218.0 63.0 mientras que gritaba Kennedy:—¡Salvado! ¡Salvado!—¡Pardiez! dijo el doctor

224.0 696.0 315.0 45.0 con pastosa calma.

235.0 724.0 1202.0 52.0 Juan estaba casi desnudo; las heridas de sus brazos y cuerpo manifestaban

215.0 761.0 1223.0 52.0 sus sufrimientos. Su amo le curó y acostó bajo la tienda. Dos dias tardó en

220.0 798.0 1215.0 59.0 restablecerse y descansar completamente; entonces le permitió Samuel referir

219.0 837.0 747.0 48.0 sus aventuras, haciéndolo él en éstos términos:

269.0 869.0 1168.0 53.0 Grande fué mi alegria cuando al salir del zampucon dirigí la vista al cielo y

221.0 910.0 1217.0 54.0 vi el Victoria elevarse rápidamente y marchar con viento moderado; me puse

219.0 941.0 1220.0 55.0 á nadar con vigor para ganar una isla próxima: estaba á pocas brazas de ella

224.0 978.0 1215.0 58.0 cuando sentí nadar tras de mí, y casi al mismo tiempo me asieron por los bra-

224.0 1015.0 1217.0 58.0 zos; vuelvo la vista y me encuentro entre dos negros muy negros, que desde

221.0 1052.0 1220.0 56.0 entonces me llevaron á remolque hácia la isla. Unas cien personas de todos

221.0 1089.0 1221.0 59.0 sexos y edades me recibieron, dando muestras de gran alegría y haciéndome mil

223.0 1132.0 1219.0 51.0 arrumacos; no me mostré esquivo y creo que gane algo; me sirvieron una con-

224.0 1161.0 1219.0 61.0 fortable comida de arroz, grasa y leche, que acepté gustoso. Cuando llegó la

224.0 1201.0 1218.0 53.0 noche me encerraron en una barraca de cañizo y barro, ignorando yo la suerte

231.0 1240.0 313.0 45.0 que me reservaban.

276.0 1275.0 1163.0 52.0 Mas de media noche seria cuando desperté sobresaltado nadando en agua, y

229.0 1312.0 1214.0 53.0 sin comprender de dónde viniese; la marea subia por momentos; dí un fuerte

231.0 1345.0 1211.0 51.0 golpe á un costado de la barraca y me encontré en pleno lago: la isla y sus

232.0 1381.0 1210.0 56.0 habitantes habian sido sumergidos. Me puse á nadar sin direccion alguna, y tuve

231.0 1417.0 1212.0 53.0 la suerte de á los pocos momentos encontrar una barca abandonada; entré en

232.0 1453.0 1211.0 52.0 ella, y remando al acaso cuando fué de dia estaba próximo á la costa desembarqué

231.0 1491.0 1210.0 56.0 prontamente y tierra adentro marché errante todo el dia, sin ver á nadie y

228.0 1531.0 1216.0 43.0 comiendo algunas raices; al dia siguiente y dos mas llevé la misma vida: ¡cuanto

227.0 1566.0 1217.0 50.0 eché de menos el guisote del dia primero! Por otro lado las espinas y mosquitos

233.0 1599.0 1213.0 57.0 martirizaban mi desnudo cuerpo cuanto no es decible, llegando por la noche á

233.0 1637.0 1211.0 52.0 tenerque enterrarme en la arena para librarme de su voracidad. Un dia marcha-

235.0 1672.0 1209.0 56.0 ba á la ventura, cuando dí de manos á boca con una horda de negros, que se

236.0 1710.0 1208.0 52.0 ocupaban en envenenar sus flechas. Inmóvil y conteniendo la respiracion, me

236.0 1749.0 1210.0 48.0 mantuve oculto entre unos matorrales, cuando levantando los ojos ví al Victoria

236.0 1789.0 802.0 50.0 que se dirigia al lago á cien pies sobre mi cabeza.

290.0 1823.0 1156.0 47.0 Las lágrimas brotaron de agradecimiento al ver que no me tenian ustedes

232.0 1856.0 1212.0 57.0 olvidado. Cuando partieron los negros, salí de los matorrales y corrí hácia el

239.0 1893.0 1204.0 51.0 Tchad; pero en aquel momento se perdia el Victoria á lo lejos; mi corazon des-

233.0 1931.0 1210.0 49.0 falleció, creyéndome perdido para siempre. Pasé la noche no sé dónde. A otro

235.0 1965.0 1209.0 51.0 dia, caí como un necio en un campamento de árabes. ¡Ay qué cacería! señor

235.0 1998.0 1207.0 53.0 Kennedy, ningun cazador sabelo que es cazar como no haya sido pieza él

233.0 2037.0 808.0 48.0 mismo. Entonces ví al globo, y ya sabeis lo demás.

285.0 2070.0 1157.0 64.0 Grandes alabanzas y norabuenas recibió Juan por su heróico comportamiento;
