1731 2395
731.0 150.0 171.0 54.0 —17—

207.0 222.0 1211.0 37.0 se agitaba como el mar en un dia de tempestad. Una tromba imponente venía

209.0 243.0 1209.0 48.0 del Este con estremada rapidez. Un rayo de esperanza brilló en los ojos del doc-

210.0 274.0 1206.0 54.0 tor:—¡El Simoun! esclamó.—¡El Simoun! repitió Juan sin comprender qué fue-

213.0 314.0 1202.0 57.0 se.—¡Tanto mejor! añadió Kennedy, asi moriremos pronto.—¡Tanto mejor, re-

213.0 345.0 1203.0 55.0 puso Fergusson; porque así nos salvamos! Y se puso á echar fuera con rapidez

213.0 381.0 1207.0 60.0 la arena que en equivalencia al peso de los viajeros habian depositado en la bar-

214.0 419.0 1205.0 60.0 quilla; sus compañeros le ayudaron con igual ahinco, y bien pronto el globo

215.0 456.0 1207.0 60.0 principió á elevarse; un enorme pedazo de mineral que arrojaron fué suficiente

217.0 490.0 1205.0 62.0 para que el Victoria se colocara por encima de la tromba, que llegaba con la

217.0 533.0 1202.0 56.0 rapidez del rayo: pero envuelto en un inmenso desalojamiento de aire fué arras-

217.0 564.0 1107.0 54.0 trado con una velocidad incalculable por encima de aquel espantoso mar.

276.0 596.0 1151.0 61.0 A las tres cesó la tormenta: la arena al caer formaba numerosas colinas. El

230.0 637.0 1197.0 69.0 Victoria paró su carrera á la vista de un oásis que parecia una isla salida de la

223.0 678.0 425.0 48.0 superficie de aquel Oceano.

260.0 686.0 1163.0 84.0 —¡El agua! ¡el agua está allí! esclamó el doctor, é hizo descender el globo,

226.0 753.0 849.0 51.0 que tocó en tierra a doscientos pasos del salvador asilo.

229.0 770.0 1202.0 74.0 En cuatro horas los viajeros habian franqucado un espacio de doscientas

226.0 828.0 455.0 42.0 cuarenta millas (100 leguas).

278.0 830.0 1153.0 82.0 Colocaron bastante arena en la barquilla y saltaron á tierra. Avanzaron há-

227.0 883.0 1205.0 65.0 eia los árboles y penetraron hajo la fresca enramada, que les anunciaba abun-

227.0 918.0 1208.0 63.0 dantes manantiales; pero no habian andado mucho cuando divisaron bajo una pal-

227.0 954.0 1207.0 67.0 mera un enorme leon de negras crines: la fiera dió un rugido horrible y se puso

230.0 989.0 1206.0 68.0 en guardia. Mas nuestro cazador le encaró con su certera carabina, y disparó al

233.0 1028.0 1201.0 68.0 mismo tiempo que el rey de los bosques daba un salto, el cual no pudo terminar,

233.0 1069.0 802.0 59.0 pues una bala le atravesó el corazon y cayó muerto.

287.0 1092.0 1149.0 73.0 Llegaron por fin al borde de un pozo cuyos húmedos peldaños descendieron,

235.0 1129.0 1204.0 71.0 é inclinandose ante un fresco manantial sumergieron en el sus labios con avidez:

235.0 1170.0 1207.0 60.0 por un rato no se oyó mas que el ruido que producian al beber—Cuidado, se-

237.0 1204.0 1206.0 66.0 ñor Dick, dijo Juan respirando: no abusemos; pero Dick, sin responder, seguia

237.0 1241.0 1205.0 60.0 betiendo. Despues sumergio las manos y la cabeza en aquella agua bienhecho-

237.0 1277.0 1205.0 68.0 ra.—¿Y el señor Fergusson? preguntó Juan. Esta palabra hizo volver en sí á

237.0 1310.0 1207.0 85.0 Kennedy: llenó una botella, que a prevencion llevaba, y volvieron á salir del

241.0 1370.0 170.0 47.0 pozo.

292.0 1383.0 1152.0 67.0 Fergusson apuró la botella de un solo trago y los tres amigos dieron fervo-

239.0 1417.0 1116.0 71.0 rosas gracias á la Providencia, que los habia salvado tan milagrosamente.

300.0 1451.0 1148.0 72.0 Tres dias pasaron los atrevidos viajeros en aquel delicioso paraje, y no lo

241.0 1486.0 1207.0 73.0 hubieran abandnado tan pronto si el Simoun, soplando de nuevo, no les hiciera

242.0 1526.0 1205.0 71.0 largarse, so pena de que el globo fuese destrozado y ellos sepultados vivos; pe-

242.0 1559.0 1208.0 69.0 ro al emprender la marcha las cajas estaban repletas de provisiones sólidas

245.0 1600.0 1157.0 72.0 y liqudas, contando por consiguiente para muchos dias á racion completa.

296.0 1633.0 1148.0 70.0 Desde el momento de su partida los viajeros marcharon con gran rapidez,

250.0 1667.0 1201.0 69.0 y ansiaban abandonar aquel desierto que tan funesto les habia sido. El país se

245.0 1705.0 1207.0 67.0 iba accidentando por momentos, presintiéndose la proximidad de terrenos fera-

246.0 1745.0 1208.0 63.0 ces: una hora despues divisaron algunos arboles y un terreno menos llano, menos

246.0 1777.0 1208.0 73.0 desnudo.—Advertid, amigos mios, que estamos en país conocido, dijo el doctor;

248.0 1810.0 1204.0 70.0 nos dirigimos en linea recta haca el reino de Loggoum, y acaso hacia Kernah,

248.0 1852.0 1210.0 64.0 su capital; en ella murio el pobre Toole, joven inglés, que apenas contaba 22

248.0 1886.0 1210.0 67.0 años; á esta comarca se la puede llamar el cementerio de los curopeos, pues son

246.0 1918.0 1209.0 77.0 infinitos los que han sido sacrificados; sentiré que la calma nos sorprenda en

250.0 1967.0 701.0 91.0 estos parajes, y el viento tiende a disminuir.

388.0 2019.0 135.0 77.0 GLOBO.
