1695 2389
797.0 252.0 171.0 55.0 — 20 —

286.0 318.0 1191.0 36.0 en la barquilla, Kennedy tomó su carabina y entró en el próximo bosque, dan-

288.0 347.0 1022.0 48.0 do á conocer las frecuentes detonaciones que su caza era fructuosa.

295.0 387.0 1187.0 43.0 La fuerza ascensional del nuevo Victoria era de unas tres mil libras; el pe-

289.0 418.0 1192.0 46.0 so del aparato, barquilla, viajeros, provisiones de agua, caza y demas útiles su-

288.0 453.0 1190.0 44.0 maban dos mil ochocientos treinta libras; podian, pues, llevar ciento setenta li-

289.0 487.0 1190.0 51.0 bras de lastre para los casos imprevistos; se reemplazó el peso de Juan con un

290.0 532.0 1188.0 42.0 suplemento de lastre, quedando todo dispuesto aquel dia, y en disposicion de

297.0 561.0 457.0 45.0 buscar á Juan en el inmediato.

314.0 602.0 1165.0 41.0 A las siete de la mañana desataron el ancla del árbol y dilatado el gas se ele-

292.0 633.0 1189.0 45.0 vó el Victoria á doscientos pies en la asmósfera. Al principio vaciló girando

290.0 668.0 1192.0 50.0 sobre sí mismo; pero impulsado en seguida por una fuerte brisa, avanzó sobre

289.0 706.0 883.0 45.0 el lago con una velocidd de veinticinco millas por hora.

325.0 741.0 1157.0 47.0 El doctor lo mantuvo constantemente á unos doscientos pies de altura; Ken-

290.0 776.0 1191.0 49.0 nedy disparó repetidas veces su carabina al pasar sobre las islas del lago, exa-

290.0 816.0 1191.0 48.0 minando cuidadosamente los bosques y las aldeas, todos los sitios, an fin, donde

292.0 846.0 1189.0 56.0 pudiera ocultarse su compañero—No vemos nada, dijo Kennedy despues de dos

293.0 886.0 1188.0 48.0 horas de pesquisas inútiles.—Esperemos, Dick, y no perdamos el ánimo: lo que

292.0 923.0 1189.0 52.0 mas me alarma es el viento Norte cada vez mas fuerte; a continuar así, antes

292.0 955.0 1190.0 57.0 de mucho estaremos en los desiertos donde tanto hemos padecido.—Opino nos

292.0 991.0 1191.0 53.0 elevemos algo; tal vez hallemos viento distinto en regiones mas altas. Lo hicie-

292.0 1033.0 1191.0 53.0 ron así, y a unos tres mil piés de altura, les cojió una corriente del Este, im-

298.0 1063.0 489.0 53.0 pulsándoles en nueva direccion.

347.0 1076.0 1135.0 76.0 Tres dias contnuaron de este modo, juguetes del viento; pero cruzando el

292.0 1129.0 1190.0 60.0 lago en todas direcciones, aunque sin encontrar rastro alguno del infortunado

293.0 1166.0 1186.0 61.0 Juan. El viento se fijó del Sur y los amigos resolvieron abandonarse á él, reser-

295.0 1205.0 875.0 57.0 vándose para mas adelante hacer las pesquisas necesarias.

345.0 1231.0 1133.0 64.0 Tristes reflexiones ocupaban el ánino de los viajeros, cuando creyeron oir

293.0 1272.0 1188.0 57.0 alaridos y gritos a alguna distancia de ellos. Tomó Kennedy el anteojo, y á cosa

294.0 1311.0 1187.0 57.0 de mil pasos distinguió un grupo de árabes á caballo, persiguiendo, al parecer,

293.0 1345.0 1188.0 55.0 á un europeo: el corazon le palpitó violentamente y comunicó á Samuel sus

294.0 1386.0 1188.0 67.0 congeturas de que seria Juan el perseguido, poniéndose ambos á observar con

298.0 1414.0 446.0 61.0 mas cuidado lo que acontecia.

345.0 1442.0 1142.0 65.0 El simpatico Juan, pues tal era el fugitivo, habia divisado el Victoria, y sa-

295.0 1485.0 1190.0 55.0 ludado de lejos á sus amigos; el arabe que mas de cerca lo tenia le apontó con

297.0 1531.0 1188.0 45.0 una flecha, y le hubiera disparado, si el diestro Kennedy, de un balazo, no lo

297.0 1560.0 1188.0 53.0 impidiera; rodó el arabe, y su caballo pasó tan cerca de Juan que éste pudo mon-

297.0 1596.0 1189.0 55.0 tar de un salto en él, y seguir así su carrera con mas ventaja. Sus perseguido-

297.0 1632.0 1185.0 50.0 res, que vieron caer á un compañero, se pararon algo á ver de dónde venia aquel

297.0 1672.0 1188.0 46.0 nuevo enemigo: entre tanto adelantaba Juan su carrera caminando en la misma

295.0 1700.0 480.0 54.0 direccion que llevaba el globo.

351.0 1738.0 1139.0 53.0 Kennedv arrojo la escala y Samuel hizo descender el globo á treinta pies

295.0 1774.0 1191.0 46.0 del suelo: despues gritó:—¡Juan, prepárate! A este grito Juan se volvió sin dete-

294.0 1806.0 1195.0 57.0 ner el caballo; la escala llegó á él. se cogió á ella y en el mismo instante ar-

295.0 1846.0 636.0 46.0 rojó Dick ciento cincuenta libras de lastre.

351.0 1878.0 1139.0 51.0 Aligerado el Victoria de un peso superior al de Juan, se elevó á doscientos

299.0 1912.0 241.0 53.0 pies en el are.

345.0 1948.0 1152.0 54.0 Juan se cogió fuertemente á la escala, y haciendo un gesto de burla á los

295.0 1986.0 1200.0 47.0 árabes trepó con la agilidad de un mono hasta caer en brazos de sus compañeros.

354.0 2022.0 1139.0 47.0 Los árabes lanzaron un grito de sorpresa y rábia viendo que les arrebata-

294.0 2058.0 1023.0 94.0 ban al vuelo al fugitivo, y que el Victoria se alejaba rápidamente.
