1654 2333
785.0 277.0 152.0 56.0 — 10—

239.0 314.0 1229.0 70.0 chero, se aproximó á tierra; al llegar á unos veinte pies del suelo el negro se

239.0 361.0 1227.0 64.0 lanzó á tierra, cayendo en pié, y echando á correr en seguida hácia Kazeh,

242.0 401.0 1098.0 79.0 mientras que, súbicamente aligerado el Victoria, se elevaba de nuevo.

685.0 585.0 329.0 79.0 CAPÍTULO III.

239.0 766.0 1221.0 89.0 La tormenta.—Muerte de un elefante.—Paso del Ecuador.—Las fuentes

556.0 830.0 582.0 66.0 del Nilo.—Combate de dos tribus.

291.0 979.0 1167.0 60.0 Hay un refran español que afirma que el que se viste de prestado en la calle

238.0 1004.0 1217.0 75.0 lo desnudan; y esto fué lo que sucedió á nuestros aventureros por adoptar un

239.0 1047.0 442.0 48.0 carácter que no era el suyo.

294.0 1077.0 1161.0 70.0 Mientras comentaban alegremente el pasado lance, el cielo se iba cargando

239.0 1117.0 1214.0 68.0 hácia el N. de nubes siniestras y pesadas. Un viento bastante vivo arrastraba

239.0 1154.0 1214.0 64.0 al Victoria con una velocidad de treinta y cinco millas por hora. Poco á poco

237.0 1189.0 1216.0 72.0 fué estableciéndose un silencio sepulcral; la atmósfera parecia acolchada y la

237.0 1228.0 1008.0 59.0 naturaleza entera presentaba síntomas de un cataclismo próximo.

290.0 1258.0 1160.0 70.0 De repente un relámpago violento rasgó las sombras, seguido de un espantoso

234.0 1301.0 1215.0 66.0 trueno.—¡Alerta! gritó Fergusson. Kennedy y Juan, alarmados ya, se pusieron

234.0 1328.0 1213.0 78.0 al lado del doctor.—¿Bajamos? dijo Kennedy.— No, el globo no resistiria. Su-

235.0 1363.0 1210.0 78.0 bamos antes que esas nubes se conviertan en agua y el viento se desencadene:

234.0 1402.0 1213.0 71.0 esto dijo Samuel activando la llama del mechero. Un segundo relampago rasgó

235.0 1437.0 1212.0 70.0 las nubes, seguido de otros muchos continuados y repetidos. El viento se des-

234.0 1477.0 1210.0 75.0 encadenaba con una violencia horrible, dividiendo las nubes incandescentes;

235.0 1512.0 953.0 65.0 diríase que era un inmenso ventilador activando un incendio.

290.0 1546.0 1155.0 75.0 El doctor tenia el mechero á toda llama; el globo se dilataba y subia á pesar

233.0 1581.0 1211.0 78.0 de los relámpagos que dibujaban inflamadas tangentes en su derredor; estaban

233.0 1621.0 1211.0 71.0 en pleno fuego.—Que Dios nos asista, dijo Samuel; nuestra vida está en sus ma-

233.0 1656.0 1208.0 75.0 nos y solo él puede salvarnos. La voz del doctor apenas llegaba á los oidos de

232.0 1688.0 1210.0 81.0 sus compañeros, en medio de los truenos y exhalaciones; pero el Victoria subia

232.0 1730.0 1208.0 76.0 siempre, encontrándose al cabo de un cuarto de hora fuera de la zona tempes-

230.0 1765.0 1210.0 74.0 tuosa, y por bajo de él continuaban las exhalaciones eléctricas como si fuera una

229.0 1801.0 1211.0 78.0 vasta corona de fuegos artificiales que colgara de la barquilla. El doctor con-

228.0 1840.0 771.0 52.0 sultó al barómetro que dió doce mil de elevacion.

287.0 1874.0 1151.0 72.0 A las cuatro de la mañana el sol se elevó y disipó las nubes, al par que un

228.0 1905.0 1209.0 80.0 viento agradable refrescó la atmósfera; el globo, corriendo bordadas, apenas se

226.0 1945.0 1212.0 75.0 habia inclinado á ningun lado, el doctor le hizo descender á unos mil piés, donde

225.0 1981.0 1208.0 73.0 encontró una corriente que con mediana velocidad les condujo al Noroeste.

226.0 2018.0 1211.0 72.0 Antes de mucho los viajeros se hallaron en el límite de una inmensa pradera

225.0 2054.0 1211.0 74.0 natural, sin que en toda ella se descubriese vestigio alguno de habitacion; de-

219.0 2091.0 1218.0 85.0 terminaron bajar á tierra para proveerse de agua y caza, y al efecto dejaron
