1700 2289
710.0 166.0 171.0 22.0 —13—

183.0 184.0 1212.0 56.0 bia. Mucha fué su inquietud al creer que distinguia varias sombras agitándose y

181.0 228.0 1217.0 46.0 departiendo silenciosamente; despertó á sus compañeros y les comunicó sus

180.0 261.0 1219.0 46.0 temores, por lo que se levantaron al instante, decidiendo Kennedy y Juan bajar

183.0 306.0 1216.0 39.0 al árbol para observar mas de cerca lo que pudiera ocurrir. En efecto, pro-

185.0 338.0 1214.0 49.0 vistos de sus carabinas y rewolvers, se deslizaron por la escala, logrando des-

184.0 372.0 914.0 46.0 cansar en las gruesas ramas de aquel bosque de una pieza.

237.0 406.0 1162.0 51.0 No hacia mucho que estaban observando, cuando vieron aparecer dos ca-

184.0 445.0 1216.0 50.0 bezas á nivel de las ramas donde descansaban.—Son negros, dijo Juan.—Sin

184.0 483.0 1218.0 43.0 otros muchos que se sienten, aunque no se ven, observó Kennedy; pero cazemos

187.0 516.0 1215.0 47.0 á estos: ¡atencion! ¡Fuego! Dos disparos resonaron apagándose en medio de

187.0 556.0 1215.0 48.0 gritos de dolor; pero en medio de los alaridos una voz humana gritó en francés

185.0 592.0 441.0 48.0 estas palabras: ¡A mí, á mí!

241.0 624.0 1163.0 49.0 Kennedy y Juan volvieron á la barquilla lo mas pronto posible; Fergusson

188.0 663.0 1218.0 47.0 tambien habia oido aquel lamento, y en su vista determinaron aclarar aquel

187.0 696.0 1215.0 49.0 misterio, y dar socorro al que parecia necesitarlo. Al efecto, convinieron que

185.0 740.0 1217.0 45.0 para salvar al prisionero bastaria descender con el globo hasta el suelo, disper-

188.0 771.0 1211.0 49.0 sar los salvajes á balazos y apoderarse de él sin dificultad; para ascender,

185.0 810.0 1218.0 44.0 bastaria arrojar las doscientas libras que llevaban de lastre, peso mas que sufi-

187.0 843.0 1216.0 52.0 ciente al del francés, que por lo regular estaria estenuado. Parecióles buena la

188.0 883.0 1218.0 41.0 idea, aunque faltaba que allanar algunas dificultades, no siendo la menor la

185.0 916.0 1219.0 51.0 falta de luz; pero con hombres del temple de nuestro doctor, poco importan los

188.0 957.0 319.0 42.0 mayores obstáculos.

237.0 986.0 1167.0 47.0 Por lo pronto juntó los manos en forma de bocina, y con toda su fuerza

184.0 1022.0 1219.0 55.0 gritó en francés: ¡Tened confianza! ¡pronto os socorreremos! Despues ordenó á

185.0 1061.0 1214.0 49.0 sus compañeros preparar bien las armas, y que estuviesen prontos, Kennedy

187.0 1103.0 1215.0 45.0 para apoderarse del prisionero, y Juan para espantar á los salvajes; los sacos

185.0 1133.0 1221.0 52.0 del lastre los colocaron en el borde de la barquilla; entre tanto Samuel tomó de

187.0 1171.0 1215.0 44.0 su saco de viaje dos pedazos cónicos de carbon y aplicándolos á los conductores

187.0 1209.0 1146.0 43.0 de la pila eléctrica, tomó un estremo en cada mano y aproximó las puntas.

240.0 1241.0 1162.0 51.0 Deslumbradora luz de irresistible brillo brotó instantáneamente entre las dos

184.0 1283.0 1216.0 49.0 puntas de carbon, y un inmenso haz de luz eléctrica disipó la oscuridad de la

185.0 1325.0 120.0 44.0 noche.

237.0 1346.0 1165.0 52.0 Fergusson proyectó en diferentes direcciones su poderoso rayo de luz, de-

184.0 1391.0 1218.0 43.0 teniéndole en un sitio en que oyeron voces de espanto. El paisaje que se des-

184.0 1426.0 1219.0 45.0 cubria era el siguiente: entre dos praderas de sésamo y cañas de azúcar se

187.0 1458.0 1217.0 51.0 veian unas cincuenta grutas, en derredor de los cuales hormigueaba una tríbu

185.0 1496.0 1215.0 47.0 numerosa; junto á un poste yacia un bombre de raza europea, como de treinta

184.0 1532.0 1218.0 47.0 años, largos cabellos, medio desnudo, lleno de heridas y con la cabeza inclinada

185.0 1571.0 251.0 52.0 sobre el pecho.

239.0 1598.0 1163.0 53.0 Los negros al ver el globo quedaron aterrados; el prisionero levantó la ca-

183.0 1636.0 1217.0 57.0 beza, brillaron sus ojos con rápida esperanza, y sin comprender bien lo que ocur-

183.0 1676.0 1220.0 48.0 ria, tendió las manos hácia sus inesperados salvadores.—¡Vive! ¡Vive! esclamó

184.0 1710.0 1216.0 49.0 Fergusson. ¡Le salvaremos! Juan, apaga el mechero. Esta órden fué ejecutada

183.0 1751.0 174.0 52.0 en el acto.

237.0 1773.0 1166.0 63.0 Imperceptible brisa llevaba al Victoria sobre el prisionero, sin dejar de des-

183.0 1819.0 1217.0 50.0 cender, efecto del enfriamiento y contraccion del gas; el doctor dirigia á la

181.0 1847.0 1219.0 59.0 horda los rayos de luz, y sobrecogidos los negros de terror desaparecieron en

183.0 1883.0 1217.0 55.0 sus cabañas, dejando solo al prisionero. No pudiendo permanecer en pié el

183.0 1922.0 1216.0 63.0 sacerdote, pues tal era su estado, estaba de rodillas y suelto, porque su debi-

181.0 1965.0 523.0 65.0 lidad hacia inútiles las ligaduras.
