1709 2165
817.0 223.0 163.0 54.0 —22—

280.0 293.0 1219.0 28.0 despues recayó la conversacion en el buen acuerdo de construir dos globos con-

281.0 310.0 1219.0 48.0 céntricos, á lo cual dijo Samuel:—Teneis razon, amigos mios: solo que no estoy

281.0 348.0 1220.0 45.0 completamente satisfecho del nuevo Victoria. Sea porque el tafetan haya sufrido

282.0 383.0 1221.0 48.0 mucho, ó porque la guttapercha se haya fundido por el calor del mechero. he ad-

275.0 419.0 1225.0 56.0 vertido que se pierde cierta cantidad de gas; el globo tiende á bajar, y para sos-

281.0 461.0 1220.0 42.0 tenerlo á la altura en que estamos me veo precisado á aumentar la dilatacion

282.0 493.0 1218.0 45.0 del hidrógeno. La cosa no tiene remedio, y por ello haremos bien en apresu-

281.0 530.0 691.0 43.0 rarnos, no haciendo ni las paradas de noche.

273.0 559.0 1228.0 56.0 En aquel momento, como si el viento quisiera ayudar las intenciones de los

275.0 600.0 1224.0 49.0 viajeros, principió á soplar de Levante con aspecto huracanado, sin decaer un

275.0 638.0 1225.0 51.0 momento por espacio de cinco dias; en esta rápida travesía dejaron atrás los 20

281.0 674.0 1218.0 50.0 grados que median entre el Tchad y la cuenca del Niger, es decir, 400 leguas

279.0 709.0 1221.0 47.0 El 23 de Mayo calmó el viento á las nueve de la mañana y el país se presentó

273.0 750.0 1225.0 42.0 bajo un nuevo aspecto: las estensas llanuras se iban cambiando en colinas que

275.0 786.0 1219.0 46.0 hacian presagiar próximas montañas.—Si no me engaño, dijo Kennedy, se

279.0 819.0 1219.0 47.0 divisa una cordillera bastante elevada.—Sí, contesto Samuel, es la cordillera que

276.0 853.0 1222.0 50.0 separa la cuenca del Niger de la del Senegal; pero temo que el globo no pueda

271.0 896.0 1224.0 45.0 franquearlas, pues cada vez va descendiendo mas. Descender aquí es imposible,

275.0 932.0 1222.0 48.0 pues los árabes de esta region son los mas crueles y sanguinarios; en último

278.0 967.0 1066.0 44.0 estremo sacrificaremos cuanto no sea absolutamente indispensable.

329.0 1003.0 1165.0 44.0 En tal concepto arrojaron la tienda, las cajas del agua y de las provisiones y

270.0 1036.0 1227.0 47.0 las mantas: pero aunque ascendió algó, le dominaban las crestas de las montañas

271.0 1077.0 1224.0 46.0 en mas de doscientos pies.—¡Que nos acercamos! gritó Juan. La situacion era

273.0 1110.0 1221.0 48.0 espantosa: el Victoria corria con suma rapidez y quedaria destrozado; Juan

273.0 1151.0 1221.0 44.0 cogió algunos sacos de municiones y los arrojó; el globo subió á mas altura que

269.0 1188.0 1225.0 42.0 la de la peligrosa cima; su polo superior se iluminó con los rayos del sol; pero

273.0 1219.0 1219.0 46.0 la barquilla se encontraba aun mas baja que los últimos peñascos contra los que

270.0 1255.0 1219.0 48.0 iba á romperse inevitablemente.—¡Kennedy!¡Kennedy! arroja tus armas, ó

271.0 1292.0 1182.0 50.0 estamos perdidos, gritó el doctor.—¡Esperad, señor Kennedy! dijo Juan,

267.0 1332.0 1222.0 49.0 volviéndose el cazador, le vió desaparecer de la barquilla. —¡Juan! ¡Juan! gritó.

273.0 1367.0 566.0 51.0 —¡Desgraciado! esclamó el doctor.

322.0 1398.0 1167.0 54.0 La meseta de la montaña tenia en aquel sitio unos veinte pies de estension:

267.0 1436.0 1220.0 51.0 la barquilla llegó á la meseta y pasó rozando los quijarros.—¡Pasamos! ¡pasamos!

268.0 1472.0 1223.0 54.0 ¡hemos pasado! esclamó una voz que hizo palpitar el corazon del doctor. EI

265.0 1511.0 1223.0 51.0 intrépido jóven se mantenia cogido á la barquilla y corria sobre la cumbre de la

263.0 1546.0 1224.0 48.0 montaña, aligerando el globo de este modo. Cuando llegó á la vertiente opuesta

265.0 1582.0 1218.0 54.0 y ante él se presentó el abismo, con vigoroso esfuerzo se cogió á las cuerdas y

264.0 1617.0 1217.0 56.0 subió al lado de sus compañeros.—¡Valiente Juan! dijo el doctor con efusion.—

265.0 1656.0 690.0 53.0 Usted me favorece, contestó el muchacho.

687.0 1728.0 367.0 83.0 CAPITULO VIII.

261.0 1836.0 1221.0 63.0 Ataque inesperado.—El monte salvador.—El aire caliente.—Muerte

612.0 1878.0 478.0 83.0 del Victoria.—Conclusion.

291.0 1966.0 1186.0 64.0 El Victoria empezó de nuevo á bajar y pronto se encontró á doscientos piés

256.0 2014.0 1220.0 54.0 del suelo; la noche llegó rápidamente, por lo que determinó el doctor soltar un

256.0 2054.0 1224.0 61.0 ancla, que á poco quedó agarrada á un frondoso sicomoro. Hallabanse en aquel
