1711 2365
852.0 270.0 120.0 65.0 —16—

747.0 388.0 306.0 70.0 CAPÍTULO V.

302.0 480.0 1221.0 81.0 Las últimas gotas de agua.—Conato de suicidio.—El Simoun.—El Oasis.

303.0 545.0 1221.0 60.0 —Aventuras en Kernak.—El Lago Tchad.—Batalla extraordinaria.—

752.0 589.0 317.0 74.0 Sacrificio heróico.

358.0 709.0 1167.0 29.0 Cuatro dias pasaron los viajeros con la escasa provision de agua que reser-

310.0 727.0 1215.0 53.0 varon á la salvacion del mártir, aguardando confiadamente que el viento los

307.0 765.0 1220.0 48.0 trasladase á regiones mas benignas; pero al cabo de este tiempo los encontra-

307.0 800.0 1217.0 54.0 mos con solo una media botella de agua, el mechero estinguiéndose, y traspor-

310.0 844.0 1215.0 44.0 tados al interior de ese mar de arena que se llama desierto africano.El viento

307.0 875.0 1217.0 51.0 decaia poco á poco, y no pudiendo funcionar el calorífero por la falta de agua,

308.0 914.0 1219.0 51.0 era de temer, si se prolongaba la calma, que falleciesen en aquellos apartados

308.0 944.0 141.0 55.0 parajes.

364.0 978.0 1163.0 52.0 Samuel soportaba con admirable paciencia el doble tormento de la sed y el

310.0 1023.0 1217.0 46.0 calor; pero sus compañeros y Kennedy sobre todo, efecto de su robustez, pade-

308.0 1057.0 1219.0 47.0 cian mas atrozmente tan prolongado tormento. Para alivio de penas el mechero

311.0 1093.0 1216.0 50.0 se estinguió al cesar el último soplo de viento, y el Victoria descendió perpen-

310.0 1133.0 1014.0 44.0 dicularmente descansando su barquilla en aquel suelo movedizo.

364.0 1162.0 1163.0 48.0 A los dos dias de esta calma forzosa, Juan fué acometido por un principio de

308.0 1200.0 1219.0 52.0 locura. Aquel desierto de arena le parecia un inmenso estanque de aguas cris-

311.0 1238.0 1213.0 48.0 talinas, y mas de una vez se arrojó sobre aquel suelo abrasador como para beber,

311.0 1273.0 1217.0 50.0 levantándose con la boca llena de polvo.—¡Maldicion! esclamaba. ¡Es agua

311.0 1311.0 1218.0 46.0 salada! Mientras Fergusson y Kennedy yacian sin movimiento, el pobre jóven

312.0 1349.0 1216.0 43.0 sucumbió á la tentacion de consumir las gotas de agua reservadas, se dirigió

312.0 1383.0 1221.0 47.0 hácia la barquilla, cubrió con una codiciosa mirada la botella y convulsivamente

310.0 1422.0 369.0 42.0 la acercó á sus labios.

361.0 1453.0 1171.0 55.0 En aquel momento oyó muy cerca una voz desgarradora que decia:—¡A

311.0 1492.0 1221.0 46.0 beber, á beber! Era Kennedy que se arrastraba hácia él, estendiendo las manos

310.0 1531.0 1217.0 45.0 en ademan suplicante y llorando. Juan, llorando tambien, le alargó la botella y

310.0 1566.0 813.0 46.0 el infeliz apuró hasta la última gota de su contenido.

364.0 1596.0 1165.0 55.0 ¿Qué pasó durante aquella terrible noche? Se ignora. Por la mañana, bajo

312.0 1637.0 1220.0 53.0 los rayos de fuego que despedia el sol, los desgraciados sintieron que sus miem-

311.0 1679.0 1221.0 43.0 bros empezaban á abrasarse. Juan se quiso levantar, pero no pudo; dirigió una

310.0 1709.0 1222.0 48.0 mirada en derredor y vió al doctor en la barquilla con los brazos cruzados mi-

311.0 1748.0 1216.0 50.0 rando fijamente con espresion de idiotismo un punto imaginario en el espacio.

312.0 1781.0 1222.0 50.0 Kennedy ofrecia un aspecto horrible, meneando la cabeza á derecha é izquierda

311.0 1824.0 1223.0 46.0 como una fiera encerrada; de repente sus ojos se fijaron en la carabina que

315.0 1857.0 573.0 48.0 asomaba por el borde de la barquilla.

342.0 1894.0 1192.0 51.0 —¡Ah! esclamó, y se arrojó sobre el arma cuyo cañon introdujo en su boca.—

312.0 1927.0 1225.0 50.0 ¡Señor! ¡senor! gritó Juan precipitándose sobre él.—¡Vete de aquí! ¡Déjame ó

310.0 1968.0 1226.0 48.0 te mato! gritó colérico el escocés; pero Juan se abrazó á él pugnando por qui-

307.0 2006.0 924.0 43.0 tarle el arma: esta cayó al suelo disparándose con el golpe.

365.0 2043.0 1171.0 46.0 A la detonacion, el doctor se puso en pié, sus ojos se animaron y estendien-

311.0 2072.0 1229.0 53.0 do una mano hácia el horizonte esclamó con voz estentórea:—¡Allá! ¡allá abajo!

369.0 2111.0 1171.0 60.0 Juan y Kennedy miraron al sitio indicado; lo que vieron les aterró.La llanura
