1679 2350
840.0 160.0 136.0 58.0 — 4 —

301.0 233.0 1193.0 47.0 que el jóven Samuel cobrase una aficion decidida á los estudios y descubrimien

302.0 250.0 1209.0 67.0 tos geográficos. Al morir su padre, nuestro héroe tenía 22 años, y tanto para

302.0 285.0 1209.0 64.0 calmar su sentimiento, cuanto para satisfacer su sed de descubrimientos y aven-

301.0 321.0 1209.0 68.0 turas, se alistó en un cuerpo de ingenieros; en la milicia adquirió la amistad de

301.0 359.0 1206.0 61.0 otro jóven llamado Dick Kennedy, con quien á pesar de la diferencia de constitu-

300.0 395.0 1206.0 60.0 cion y caractéres, simpatizó desde luego, uniéndolos para en lo sucesivo una

300.0 433.0 1207.0 61.0 amistad inalterable y verdadera. Fergusson, retirado pronto del servicio, solo

300.0 468.0 1206.0 63.0 se ocupó de exploraciones, atravesando la península indiana desde Calcutta á

300.0 505.0 1207.0 59.0 Surate; visitó ademas la Australia, con la mayor parte de la Oceanía, y despues

301.0 541.0 1206.0 63.0 las regiones mas septentrionales, costeando el continente americano, desde el

301.0 575.0 1171.0 67.0 estrecho de Behring al cabo Farewel, estrecho de Davis y bahía de Hudson.

353.0 613.0 1154.0 61.0 En todas estas espediciones iba acompañado de un fiel criado, Juan Wil-

300.0 651.0 1207.0 60.0 son, persona escelente y adieto por completo á su amo, cuyos deseos adi-

300.0 689.0 1207.0 59.0 vinaba, ejecutando sus órdenes con el mayor acierto; á estas preciosas condi-

298.0 729.0 1209.0 50.0 ciones reunia una agilidad estraordinaria, siendo para él un verdadero juego

298.0 762.0 1206.0 60.0 saltar, trepar y ejecutar los ejercicios mas peligrosos de cualquier volatinero;

297.0 799.0 1204.0 57.0 en cuanto á natacion muchos cetáceos envidiarian su agilidad, y por último,

297.0 836.0 1207.0 58.0 ponia el sello á todas estas preciosas cualidades un alcance de vista maravilloso.

296.0 870.0 1209.0 55.0 No es pues estraño que el doctor pensase desde luego hacer de su amigo Dick

298.0 908.0 1208.0 59.0 y de su criado Juan los dos compañeros de sus aventuras; en cuanto á éste no

295.0 943.0 1207.0 60.0 opuso obstáculo alguno, ni mucho menos dudó ni un momento ser fácil la reali-

296.0 980.0 941.0 57.0 zacion de la empresa: tanta era la fé que su amo le inspiraba.

348.0 1017.0 1157.0 54.0 Kennedy estaba fuera cuando Samuel dió á luz su proyecto; mas en el ins-

295.0 1061.0 1210.0 48.0 tante que lo supo volvió á Lóndres y se encaminó en derechura casa de su ami-

295.0 1088.0 1209.0 62.0 go.—¿Es cierto lo que dice este periódico?le preguntó, enseñándole uno en el que

293.0 1131.0 1209.0 51.0 aparecia la noticia con todos sus detalles.—Sí, Dick; ¿de qué te sorprendes? veo

293.0 1165.0 1209.0 57.0 que se adelanta poco en los descubrimientos y quiero llevar á cabo una empresa

296.0 1203.0 1205.0 55.0 digna del siglo en que vivimos: por lo tanto prevente, porque antes de cuatro

295.0 1240.0 1199.0 49.0 meses iremos á visitar esa region tan misteriosa, y te aseguro, por quien soy,

293.0 1280.0 1208.0 50.0 que para nosotros dejará de serlo, pues hemos de escudriñar á nuestro sabor

295.0 1312.0 1203.0 54.0 sus mas ignoradas regiones.—Pero ¡desgraciado! contestó Rennedy, hablas de

295.0 1353.0 1206.0 43.0 esponer tu existencia tan sériamente que cualquiera creeria que era cosa deci-

293.0 1389.0 1208.0 44.0 dida; mas bien puedes suponer que mi vuelta tan apresurada solo tiene por ob-

293.0 1425.0 1205.0 50.0 jeto impedirte llevar á efecto tal idea: en cuanto á mí, ni por asomo deseo ter-

296.0 1467.0 1204.0 42.0 minar mi vida de un modo tan trágico.—No te canses, Dick, que es cosa resuelta:

293.0 1496.0 1203.0 53.0 por lo demás en vez de ser esto causa de tu muerte, será mas bien ocasion de

293.0 1532.0 1205.0 47.0 que te eleves á un puesto que muchos codician, pues son infinitas las instancias

293.0 1571.0 1207.0 47.0 que he tenido que desatender; por otra parte, es imposible consientas quedarte

292.0 1603.0 1205.0 55.0 cuando sepas que vamos á atravesar los paises de la caza mas estraordinaria y

293.0 1643.0 1205.0 50.0 abundante: desde luego te aseguro que por delante de tu carabina han de pasar

297.0 1677.0 718.0 50.0 los animales mas raros y bellos de la creacion

348.0 1715.0 1152.0 51.0 Seducido Dick por tan encantadora perspectiva y mucho mas por no dejar so-

291.0 1749.0 1209.0 53.0 lo á su amigo, cesó en sus objeciones y dejó hacer cuanto Samuel propuso. Los

289.0 1786.0 1211.0 49.0 trabajos adelantaban rápidamente, encontrandose el 10 de Febrero el globo balan-

291.0 1827.0 1206.0 45.0 ceándose graciosamente sobre la barquilla y dispuesto á desempeñar su comision.

345.0 1859.0 1152.0 54.0 Por mas que algunos de nuestros lectores no estén muy al corriente en las

291.0 1891.0 1073.0 58.0 artes mecánicas, será bien detenernos uun poco en ciertos pormenores.

343.0 1930.0 1155.0 53.0 Fergusson mandó construir dos globos de designal tamaño y encerrado uno

289.0 1967.0 1203.0 55.0 dentro de otro; el globo exterior tenia de diámetro horizontal cincuenta piés, y

287.0 2005.0 1210.0 65.0 el vertical setenta y cinco, resultando un esferoide de 90 mil piés cúbicos: den-
