1678 2332
400.0 300.0 718.0 126.0 VIAJE POR LOS AIRES.

704.0 452.0 112.0 71.0 Ó SEA

269.0 541.0 965.0 99.0 AVENTURAS DE TRES INGIESES EN ÁFRICA.

500.0 807.0 499.0 84.0 CAPITULO PRIMERO.

206.0 940.0 1085.0 97.0 Proyetos.—Los dos amigos y el criado.—Camino de Zanzibar.

187.0 1070.0 1170.0 63.0 Mediaba el mes de Enero de 1862, cuando una noticia comunicada por el

138.0 1123.0 1216.0 52.0 telégrafo y mas tarde por los periódicos puso en espectativa al mundo científico,

141.0 1169.0 1215.0 42.0 pues se trataba de obtener á un mismo tiempo la solucion de dos problemas,

137.0 1195.0 1219.0 50.0 hasta entonces ambos considerados por irrealizables; en efecto, la esploracion

138.0 1233.0 1217.0 49.0 del interior del Africa y la navegacion aérea habian sido empresas causantes de

136.0 1272.0 1219.0 52.0 la muerte de mas de cuatro mártires de la ciencia de los descubrimientos. De

136.0 1303.0 1216.0 53.0 aquí que la proposicion presentada por el presidente de la Real Sociedad Geo-

137.0 1342.0 1218.0 52.0 gráfica de Lóndres, en la sesion del 14 del citado mes, hubiese causado tan

136.0 1378.0 1219.0 49.0 honda sensacion: el honorable presidente hizo presente á la respetable asamblea

134.0 1414.0 1221.0 55.0 que por el doctor Samuel Fergusson se trataba de atravesar el Africa en Globo

137.0 1456.0 1214.0 50.0 y unir los descubrimientos de los infinitos sábios, que tomando por punto de

134.0 1488.0 1218.0 56.0 partida la parte Este ó la Oeste no habian podido, sin embargo, atravesar el co-

134.0 1532.0 763.0 42.0 razon de esa todavía misteriosa parte del mundo.

186.0 1559.0 1166.0 50.0 Idea tan estraordinaria y atrevida encontró fácil acogida entre los sabios

134.0 1602.0 1217.0 44.0 ingleses, entusiastas admiradores de las ideas escéntricas y estraordinarias; sin

134.0 1636.0 1218.0 50.0 embargo, esta no debió parecerles tan descabellada cuando en el acto se abrió

134.0 1675.0 1217.0 49.0 una suscricion para ayuda de la empresa, y en menos de una semana llegaron

133.0 1715.0 897.0 44.0 á reunirse 2.500 libras, equivalentes á unos 12 mil duros.

138.0 1750.0 1213.0 45.0 Muchos mecánicos propusieron al célebre doctor sus sistemas y métodos

132.0 1786.0 1218.0 45.0 para dar direccion á los globos; pero él ninguno aceptaba, é igual éxito obtenian

132.0 1822.0 1216.0 50.0 los animosos que le proponian acompañarle en su espedicion: ya que del doctor

130.0 1852.0 862.0 55.0 hablamos, será bien decir cuatro palabras sobre él.

185.0 1894.0 1161.0 50.0 Samuel Fergusson, era un hombre de cuarenta años, de estatura regular y

128.0 1932.0 1219.0 47.0 complexion sanguínea; su juventud la habia pasado al lado de su padre, bravo

129.0 1966.0 1213.0 52.0 capitan de la marina inglesa, acostumbrándose de este modo á los peligros y

128.0 2005.0 1219.0 61.0 situaciones mas comprometidas, esto no impidió, sino que contribuyó mucho á
