1707 2415
805.0 249.0 145.0 47.0 — 8—

265.0 289.0 1217.0 63.0 andado aquel dia unas cincuenta leguas. Dividieron la noche en tres guardias

265.0 335.0 1216.0 55.0 para que velase uno por su turno, y despues de haber cenado se envolvieron en

272.0 372.0 511.0 50.0 las mantas y trataron de dormir.

316.0 407.0 1162.0 54.0 La noche se pasó bien: pero á la mañana siguiente Kennedy tenia calentura;

265.0 437.0 1215.0 55.0 Samuel no tomó por ello cuidado, y ordenó á Juan bajar á desenganchar el an-

265.0 476.0 1216.0 57.0 cla; hecho esto elevó la temperatura y prometió á Dick que iba á darle un medi-

264.0 517.0 1214.0 46.0 camento que lo pondria bueno al momento; efectivamente, apenas subieron al-

264.0 548.0 1214.0 53.0 gunos centenares de pies, saliendo de aquella atmósfera mal sana, y cuando el

264.0 587.0 1212.0 55.0 sol con sus rayos les dió alegría y calor, la fiebre desapareció como por encanto,

261.0 619.0 1219.0 54.0 de lo que el paciente y Juan quedaron no poco maravillados.—¡Excelente me-

263.0 660.0 1211.0 56.0 dicamento! exclamó Juan.—Hago lo que los médicos de Europa, repuso el doctor;

263.0 689.0 845.0 62.0 le mudo de aires, y sus resultados ya los habeis visto.

315.0 727.0 1159.0 63.0 El globo marchaba á regular velocidad, cuando al cabo de un rato llegaron

261.0 762.0 1215.0 60.0 á un claro donde no se distinguia ni aun señales de habitacion, aunque habia

261.0 800.0 1215.0 62.0 bastante frondosidad: el doctor propuso á sus compañeros detenerse y probar

261.0 835.0 1215.0 55.0 fortuna en la caza, mientras que él arreglaba sus notas de viaje. Aprobado el

261.0 876.0 1213.0 55.0 pensamiento dejaron colgadas las anclas, que bien pronto hicieron presa en las

261.0 913.0 1212.0 58.0 ramas de un gran sicomoro. El doctor encargó á sus amigos mucha prudencia

260.0 951.0 1214.0 55.0 mientras estuvieron en tierra, al paso que ellos le recomendaron no se echase

260.0 982.0 133.0 52.0 á volar.

312.0 1016.0 1161.0 62.0 A la media hora de marcha, penetraron Dick y Juan en un bosque de gome-

257.0 1053.0 1216.0 57.0 ros, llevando el dedo en el gatillo y atenta la vista.—¡Qué agradable es andar!

256.0 1088.0 1216.0 60.0 dijo Juan, al tiempo que daba un soberbio tropezon; mas Kennedy le hizo señas

256.0 1125.0 1214.0 58.0 de que callara, pues por un claro acababa de ver un rebaño de diez antílopes be-

254.0 1160.0 1218.0 66.0 biendo agua en un torrente; aquellos graciosos animales presentian el peligro

259.0 1203.0 1209.0 56.0 y levantaban la cabeza, aspirando el aire del lado de los cazadores. Kennedy

256.0 1235.0 1217.0 58.0 rodeó un bosquecillo, logrando ponerse á tiro y disparó. El rebaño desapareció

253.0 1270.0 1219.0 58.0 instantáneamente menos una res que cayó muerta. Los cazadores no se precipi-

254.0 1308.0 1218.0 57.0 taron á ella, alegrándose infinito al examinar tan buena presa; su piel era de co-

253.0 1341.0 1213.0 63.0 lor azul claro, el vientre gris, y el interior de las patas blanco como la nieve.

250.0 1376.0 1216.0 59.0 Le desollaron con presteza y con los solomillos hicieron un magnífico asado; en

250.0 1415.0 1219.0 60.0 el interín dijo Juan: ¡Qué bonita cara pondriamos si al ir á buscar al señor Fer-

250.0 1455.0 1222.0 55.0 gusson hubiese volado el globo!—Poco probable es tu idea, pues ademas de

249.0 1486.0 1220.0 60.0 Samuel ser incapaz de abandonarnos, maneja el Victoria con una facilidad

248.0 1526.0 1220.0 61.0 admirable.—Pues, sin embargo, no sé qué secreto presentimiento me anuncia

246.0 1564.0 1219.0 64.0 una desgracia.—Vuelve el asado, Juan, y dejémonos de suposiciones poco pro-

245.0 1587.0 125.0 59.0 bables.

300.0 1616.0 1170.0 79.0 En aquel momento sonó un tiro del lado donde estaba el globo; inmediata-

244.0 1669.0 1225.0 59.0 mente recogieron la carne del antílope y emprendieron la marcha hácia el Vic-

241.0 1705.0 1224.0 59.0 toria, cuando á poco rato sonó otro disparo. Precipitadamente llegaron al lin-

241.0 1738.0 1220.0 66.0 dero del bosque desde donde distinguieron el globo sobre el árbol; mas por su

241.0 1776.0 1233.0 59.0 tronco trepaban una veintena de negros, ó que tal parecian, por lo que consi-

240.0 1811.0 1228.0 63.0 deraron perdido á Samuel, sin embargo, se preparaban á atacarlos, cuando

240.0 1846.0 1220.0 64.0 Fergusson haciendo otro disparo echó á rodar uno de aquellos individuos; mas

237.0 1890.0 1221.0 60.0 nuestros amigos se quedaron no poco admirados al ver que se quedó suspendi-

238.0 1925.0 1220.0 63.0 do de una rama, con los brazos y las piernas colgando. Entonces conocieron que

234.0 1956.0 1227.0 63.0 solo tenian que habérselas con una turba de monos enormes, los que ahuyentaron

233.0 1996.0 1225.0 63.0 con unos cuantos disparos. En un instante se vieron dentro del Victoria, que

233.0 2035.0 1227.0 66.0 desenganchada el ancla se elevó en el aire, é impulsado por un viento regular

230.0 2063.0 387.0 80.0 se dirigió hacia el Éste.
