1716 2363
726.0 319.0 137.0 30.0 —15—

186.0 326.0 1201.0 67.0 y dijo:—Poco sufrirá ya; su muerte será un sueño tranquilo. Entretanto el mo-

179.0 371.0 1032.0 51.0 ribundo murmuraba:—¡Dios mio! ¡Dios mio! ¡Tened piedad de mí!

236.0 408.0 1157.0 52.0 Su rostro se iluminó, en medio del camino del cielo, al que se elevaba como

181.0 443.0 1213.0 62.0 en milagrosa ascension, parecia que ya gozaba de vida sobrenatural. Su último

183.0 481.0 1211.0 54.0 movimiento fué una bendicion suprema para sus amigos de un dia, cayendo á

183.0 518.0 1111.0 58.0 seguida en brazos de Kennedy, cuyo rostro surcaban gruesas lágrimas.

216.0 556.0 918.0 53.0 —¡Ha muerto! dijo el doctor acercándose á él. ¡Ha muerto!

245.0 594.0 861.0 47.0 Y los tres amigos cayeron de rodillas orando en silencio.

237.0 623.0 1158.0 58.0 Cumplieron con el cadáver del mártir los últimos deberes que la caridad

185.0 664.0 1209.0 55.0 exige, y decidieron bajar y depositarlo en aquella tierra, regada con su sangre.

238.0 701.0 1157.0 52.0 Las once de la mañana serian cuando el globo tocaba en el suelo; los via-

185.0 736.0 1211.0 56.0 jeros pusieron en la barquilla piedras mas que suficientes á la equivalencia de

187.0 779.0 837.0 45.0 su peso, y procedieron á seguida á abrir la sepultura.

238.0 808.0 1157.0 58.0 Las cualidades mineralógicas de los guijarros llamaron la atencion del doc-

186.0 846.0 1210.0 58.0 tor tan profundamente que sus compañeros lo advirtieron y le preguntaron la

186.0 890.0 1208.0 43.0 causa.—Pienso, respondió Samuel, en los estraños contrastes de este mundo;

187.0 920.0 1208.0 51.0 sabed, pues, que este sacerdote que habia hecho voto de pobreza, descansa

185.0 958.0 1209.0 48.0 sobre una mina de oro.—¡Sobre una mina de oro! esclamaron Kennedy y Juan.

187.0 991.0 1208.0 60.0 —Sí, amigos mios, esas piedras que mirais con tanta indiferencia son mine-

186.0 1029.0 1210.0 59.0 rales de la mayor pureza; no se registrarian mucho sus hendiduras sin encon-

186.0 1067.0 1208.0 50.0 trar grandes pepitas. Juan se precipitó como un loco sobre aquellos guijarros,

183.0 1104.0 1212.0 52.0 diciendo que puesto que la fortuna los habia favorecido, no dejaria pasar aque-

191.0 1143.0 512.0 52.0 lla ocasion sin aprovecharla.

233.0 1174.0 1165.0 56.0 En vano su amo le hacia ver que el objeto del viaje era científico, y no

186.0 1211.0 1210.0 55.0 especulativo; nada le convencia, y fué preciso dejarlo colocar en la barquilla

186.0 1253.0 1210.0 50.0 cuanto mineral quiso. Samuel le dejaba hacer, y cuando hubo concluido les

185.0 1286.0 1209.0 56.0 preguntó: ¿Marchamos?—Andando, dijo Kennedy. Entraron en la barquilla y

187.0 1323.0 1209.0 52.0 el doctor encendió el mechero, hinchándose el globo á poco rato; pero los via-

187.0 1363.0 1209.0 49.0 jeros no ascendian.—¿Se ha discolado el aparato? preguntó Juan: parece que

185.0 1402.0 1213.0 49.0 no subimos.—¿Y cómo hemos de ascender? replicó el doctor; necesitamos nada

187.0 1433.0 1208.0 53.0 mas que doscientas libras de lastre y habrás acumulado mas de mil quinientas.

186.0 1471.0 1209.0 51.0 Imposible seria pintar los estremos del sirviente por tener que desprenderse de

187.0 1509.0 1208.0 53.0 aquel cuarzo que sin duda alguna representaba una fabulosa cantidad; su amo,

187.0 1541.0 1212.0 55.0 para en parte consolarlo, le dijo:—He tomado con toda exactitud la situacion

186.0 1580.0 1210.0 53.0 de estos parajes, resultando que se encuentra á 22o 23' de longitud, y á los

189.0 1616.0 1209.0 56.0 4o 55' de latitud septentrional; si á nuestra llegada á Europa lo quieres, puedes

187.0 1652.0 1030.0 55.0 organizar otra espedicion terrestre y apoderarte de estas riquezas.

245.0 1688.0 1153.0 51.0 Ya en el aire, continuó el doctor:—Otra cosa y no la falta de ese oro debe

186.0 1726.0 1212.0 50.0 entristecernos: el desierto está á la puerta y nuestra provision de agua es

187.0 1761.0 1211.0 54.0 bien escasa; si la Providencia no hace un milagro en nuestro obsequio, sufriremos

186.0 1797.0 1213.0 55.0 la mas horrible de las muertes. Por lo pronto economicemos el gasto de tan pre-

187.0 1835.0 1212.0 54.0 cioso liquido, suframos la sed todo lo posible, con tal de que tengamos para ali-

185.0 1874.0 802.0 53.0 mentar el mechero y trasladarnos á otras regiones.

245.0 1908.0 1155.0 55.0 Y efectivamente, se pusieron á una muy corta racion de agua, á pesar de lo

185.0 1944.0 1215.0 56.0 cual contaban con provisiones para solo tres dias; mas lo peor era que para el

186.0 1982.0 1213.0 55.0 calor tropical que sufrian eran menos que suficientes las cortas gotas del agua

186.0 2017.0 1213.0 55.0 recalentada de que podian disponer, por lo que principiaron á sufrir la tortura

186.0 2053.0 1213.0 57.0 de la sed; aunque mayores tormentos les aguardaban, pues como decimos, solo,

185.0 2086.0 407.0 93.0 habian empezado á sufrir.
