1860 2629
144.0 280.0 524.0 61.0 ni 'ls valgués lo nou istil

144.0 322.0 402.0 61.0 del matrimoni civil.

149.0 365.0 495.0 62.0 Mireuse be 'ls resultats

140.0 409.0 616.0 79.0 al poch temps que son casats.

149.0 453.0 572.0 61.0 Y si a cás tenen criaturas...

146.0 499.0 621.0 70.0 ¡San Blay, quinas amarguras!!

138.0 547.0 585.0 68.0 tan goig que feyan fadrinas,

138.0 587.0 603.0 74.0 y después, semblan tunyinas,

135.0 635.0 599.0 72.0 no 's pantinan, tot son polls;

135.0 681.0 571.0 63.0 lus surten deu mil penjolls.

138.0 720.0 489.0 75.0 Fadrinas anavan macas,

138.0 766.0 484.0 75.0 y ara tot ellas son tacas.

138.0 814.0 467.0 62.0 Las sabatetas ab flochs

140.0 852.0 656.0 90.0 se han tornat garrichs garrochs,

133.0 893.0 555.0 79.0 son pit que era ben format

146.0 942.0 503.0 72.0 lo veuren tot desbrotxat,

138.0 994.0 612.0 64.0 tan monas que eran sus caras,

129.0 1029.0 518.0 81.0 y ara brutas de mascaras

140.0 1084.0 447.0 59.0 veureu al pobre marit

131.0 1123.0 509.0 68.0 que 's ven tot repenedit:

131.0 1165.0 419.0 66.0 no para de blasfemá

125.0 1209.0 462.0 70.0 del dia que 's va casá.

127.0 1259.0 506.0 62.0 de qui li va da entenent,

125.0 1301.0 543.0 81.0 de formá aquell casament;

125.0 1349.0 482.0 66.0 y apurat fins dal al coll

127.0 1391.0 465.0 59.0 no para may lo suróll.

120.0 1437.0 592.0 72.0 Lo mes dolen y 'l mes plaga

116.0 1483.0 607.0 87.0 en cuan ell se queda en vaga,

120.0 1531.0 419.0 63.0 y la quitxalla vol pá

122.0 1570.0 487.0 70.0 y no 'ls hi poden doná.

125.0 1612.0 552.0 79.0 Vaiga: ¿No ya matrimonis?

118.0 1654.0 588.0 74.0 Lo que es avúy: francament,

118.0 1702.0 548.0 68.0 ho sento di en molta gent,

118.0 1750.0 634.0 66.0 que hasta el que está ben casat

116.0 1792.0 585.0 68.0 li sembla que está enganyat.

120.0 1835.0 660.0 95.0 Y ara us vull fe una altre gracia:

118.0 1886.0 513.0 63.0 parlém de la aristocracia.

114.0 1930.0 693.0 63.0 De aquets que 'n diuhen los richs

114.0 1969.0 590.0 72.0 que sempre son tan bonichs,

114.0 2019.0 636.0 71.0 que van tots plens de postisus.

118.0 2063.0 656.0 86.0 ¿Que us penseu que son felisus?

114.0 2105.0 570.0 88.0 Ca barret, ca noy, ni mena;

114.0 2149.0 465.0 72.0 ja passan la seva pena

114.0 2195.0 565.0 109.0 Com que forman casaments

1022.0 297.0 660.0 73.0 perque 'ls pervinguin mes bens,

1019.0 343.0 509.0 77.0 en fí, ya sabeu lo que és

1024.0 383.0 449.0 68.0 casarse per lo interés.

1022.0 425.0 535.0 83.0 Molts se casan ab tal sórt

1026.0 477.0 489.0 64.0 sense sabé que es amor.

1028.0 514.0 522.0 77.0 Ni que tingan tans dinés,

1019.0 571.0 577.0 84.0 tenen cuestions de alló mes.

1028.0 620.0 566.0 76.0 No si posan pochs de tiesus

1019.0 666.0 582.0 83.0 cuan es cuestió de interesus.

1024.0 712.0 423.0 72.0 Tenin tan de dineral

1017.0 755.0 568.0 81.0 tan sols per valor de un ral.

1015.0 808.0 476.0 68.0 una senyora mol curra

1017.0 847.0 487.0 66.0 se deixá pega una surra.

1044.0 889.0 574.0 77.0 ¡ Valgam Déu y santa Clara...

1015.0 933.0 491.0 70.0 quina dona mes avara...!

1015.0 983.0 555.0 77.0 Y, cregueume, que 'n tenía

1013.0 1025.0 419.0 70.0 de música y sinfonía.

1011.0 1075.0 513.0 72.0 Y per cuestió de amorios

1008.0 1108.0 573.0 83.0 los senyors, ja son bons tios

1011.0 1172.0 614.0 70.0 Ja mols de élls si no hu sabeu,

1008.0 1215.0 540.0 64.0 no están contens ab lo seu.

1015.0 1257.0 570.0 75.0 També ja 'ls seus embulichs

1006.0 1301.0 544.0 68.0 fen veure que son amichs.

1006.0 1353.0 511.0 60.0 Jo se que alguna vegada

1002.0 1397.0 531.0 68.0 també corra la trompada,

1004.0 1441.0 551.0 61.0 y al véurels tan ben posats

1000.0 1485.0 568.0 77.0 diréu que no trencan plats.

1006.0 1529.0 560.0 70.0 Y ellas tan serias y ufanas..

997.0 1583.0 496.0 60.0 y no ja pas tantas ranas

995.0 1625.0 489.0 72.0 com ellas fan en un any

995.0 1671.0 514.0 66.0 a las voras de un estany;

993.0 1717.0 531.0 79.0 de modu, que 'l mon está

993.0 1759.0 469.0 68.0 casi a punt de rebentá,

995.0 1803.0 571.0 74.0 y un dia fará un estruendo,

995.0 1849.0 575.0 74.0 tan terrible y tan tremendo,

993.0 1897.0 527.0 63.0 que no quedará ni un gat

989.0 1934.0 539.0 83.0 que no quedi esquelebrat.

991.0 1982.0 489.0 77.0 Sols quedará vensedora

989.0 2028.0 449.0 68.0 aquesta gran estisora,

991.0 2074.0 382.0 59.0 pera pugué retallá

987.0 2114.0 528.0 72.0 an aquell que se escapará.

991.0 2160.0 493.0 85.0 Perdoneume si aixó cou

989.0 2221.0 469.0 83.0 per avuy ja ni ha prou.

629.0 2383.0 540.0 97.0 Imps. Hospital, 19, (El Abanico)
