1860 2629
282.0 205.0 1338.0 198.0 CARTA DE LA DESDICHADA

688.0 385.0 538.0 90.0 Coruña 20 de Julio de 1911

425.0 552.0 1055.0 74.0 Dejo esta memoria escrita para los que tengan hijos

728.0 606.0 456.0 152.0 y para tomen ejemplo:

647.0 817.0 978.0 81.0 Mis padres han sido muy crueles para mí Yo te-

269.0 876.0 1343.0 74.0 nía relaciones con un joven de una familla muy rica que se llama-

276.0 939.0 1349.0 86.0 ba Rogelio; y ¡era tanto lo que nos queriamos y lo que fermentaba

271.0 996.0 1347.0 90.0 nuestro amor!..... Me engañó, diciéndome: «Que si sobrevenia al-

269.0 1060.0 919.0 94.0 gún accídente del amor, se casaría conmigo»

403.0 1134.0 1217.0 64.0 Luego mis padres al verme en el estado en que me hallaba,

271.0 1194.0 1080.0 89.0 en vez de ocultar mi desnonra, me echaron á la calle.

403.0 1255.0 1220.0 79.0 Entonces yo al verme desamparada, fuí á casa de mi madri-

269.0 1321.0 1354.0 72.0 na, la cual me recegió y que estaba con ella nadie lo sabía y allí dí

274.0 1373.0 1349.0 97.0 luz á un niño. Cuando ya tenía nueve meses sin estár bautizado,

269.0 1454.0 1354.0 62.0 fué cuando me determiné de mandar una postal á Rogelio; citándole

269.0 1507.0 1356.0 87.0 en un bosque para que reconociera á su hijo, á lo teual él se negó

269.0 1568.0 1347.0 75.0 maldiciendo de su nacimiento; y al oir yo estas palabras, me aca-

274.0 1619.0 1349.0 109.0 loré y de tal manera qne le disparé un tiro; cayendo muerto en el

276.0 1713.0 121.0 79.0 acto.

405.0 1770.0 1222.0 48.0 Ectonces yo y mi hijo nos fuimos á la Coruña para librarnos

269.0 1807.0 1351.0 61.0 de las manos de la justicia y allí me embarqué para la Habana, ya

276.0 1851.0 1241.0 105.0 con intención de suicidarnos los dos, que así pienso realizarlo.

1037.0 1936.0 452.0 79.0 CARMEN MONTERO

500.0 2109.0 901.0 68.0 ¡A dios, hasta la Eternidad si logro mi deseo!

579.0 2313.0 734.0 50.0 Imprenta Rakú de Manuel García

484.0 2374.0 915.0 60.0 La mas económica en toda clase de impresos

274.0 2407.0 1342.0 88.0 27, S. Gerónimo, 27. (Cerca de la calle San Pablo).—BARCELONA
