1753 2480
28.0 332.0 472.0 66.0 Al verse desamparada

10.0 384.0 513.0 72.0 fué á casa de su madrina;

12.0 434.0 380.0 62.0 y la cual la recojió

6.0 471.0 432.0 68.0 como si fuera su hija.

0.0 522.0 403.0 58.0 Allí nada la faltaba

2.0 558.0 535.0 72.0 y siempre estaba llorando,

2 615 498 58 pensando en el porvenir

0.0 659.0 562.0 78.0 que se la estaba esperando.

39.0 816.0 471.0 60.0 Por fin dió luz un niño

8 872 434 55 hermoso como un sol;

2.0 917.0 475.0 48.0 se lo criaba ella misma

4.0 958.0 444.0 50.0 por guardar su honor.

4.0 996.0 448.0 55.0 Tenía ya nueve meses

6.0 1041.0 465.0 64.0 y aún no era cristiano;

4.0 1082.0 508.0 69.0 para ocultar su deshonra

4.0 1138.0 448.0 54.0 no lo había bautizado.

39.0 1289.0 463.0 64.0 Ella entonces escribió

4.0 1341.0 448.0 64.0 una postál á su novio;

6.0 1395.0 446.0 51.0 que le decía en el sitio

8.0 1428.0 562.0 66.0 de encontrarse los dos solos:

6.0 1477.0 337.0 58.0 Él acudió la cita

8.0 1508.0 539.0 75.0 que Carmen le habìa dado;

10.0 1566.0 510.0 62.0 y la encontró con su hijo

8.0 1620.0 455.0 64.0 recostada en un árbol.

37.0 1756.0 572.0 85.0 Con la sonrisa en los labios

8.0 1810.0 473.0 78.0 Carmen le dijo: soy yo,

8.0 1862.0 337.0 55.0 acércate y verás

6.0 1895.0 510.0 76.0 el fruto de nuestro amor.

6.0 1950.0 359.0 60.0 Rogelio se acercó

8.0 1990.0 477.0 72.0 y dió un beso á su hijo;

8.0 2033.0 537.0 77.0 diciendo: ¡que desgraciado

6.0 2085.0 434.0 82.0 será este pobre niño!

915.0 341.0 548.0 53.0 Tus palabras mo amargan

874.0 390.0 409.0 52.0 adentro del corazón

874.0 429.0 529.0 54.0 en vez de mimar á tu hijo

874.0 465.0 434.0 62.0 le das una maldición

878.0 516.0 449.0 58.0 Ne seas tonto Rogelio,

876.0 564.0 430.0 53.0 no maldigas á tu hijo

876.0 599.0 523.0 70.0 antes piensa el juramento

880.0 657.0 418.0 74.0 que hiciste conmigo,

919.0 803.0 459.0 71.0 ¿A donde está el amor

878.0 853.0 554.0 64.0 que antes me demostrabas?

882.0 909.0 484.0 52.0 hoy te niegas á casarte;

882.0 948.0 548.0 56.0 y me ofenden tus palabras.

880.0 992.0 428.0 59.0 La entrevista espera

884.0 1041.0 558.0 52.0 que reconozcas á este niño;

884.0 1082.0 503.0 62.0 porque tú eres su padre:

884.0 1130.0 494.0 66.0 y es todo lo que te pido.

924.0 1283.0 547.0 68.0 Lo que acabas de decirme

880.0 1343.0 443.0 49.0 todo ha sido en vano:

882.0 1386.0 474.0 58.0 tu te arreglarás con él,

880.0 1428.0 546.0 57.0 que yo me lavo las manos.

882.0 1475.0 503.0 56.0 Se despídió á la francesa

884.0 1514.0 532.0 62.0 y Carmen le pegó un tiro;

882.0 1564.0 523.0 54.0 cayendo muerto en elacto

886.0 1603.0 478.0 73.0 y ella huyó con su hijo.

928.0 1750.0 506.0 76.0 Nadie sabía que Carmen

886.0 1808.0 451.0 58.0 vivía con su madrina,

886.0 1847.0 558.0 66.0 desde el dia que la echaron

886.0 1905.0 453.0 50.0 los autores de su vida

888.0 1946.0 476.0 54.0 Por esto nadie pensaba

888.0 1986.0 499.0 62.0 que fuera ella la autora;

888.0 2023.0 587.0 82.0 quién había muerto á Rogelio

890.0 2079.0 513.0 80.0 para vengar su deshonra.

405.0 2242.0 725.0 56.0 Imprenta Rakú de Manuel García

308.0 2287.0 913.0 75.0 La mas económica en toda clase de impresos.

95.0 2335.0 1341.0 93.0 27, S. Gerónimo, 27. (Cerca de la calle San Pablo).—BARCELONA
