1753 2480
1488 37 70 84 5

68.0 99.0 537.0 70.0 Rectó. Que es prudencia?

66.0 148.0 744.0 69.0 Sald. Prudencia? es una cosa... com

115.0 200.0 695.0 72.0 li esplicaré jo ara?... es un home

119.0 254.0 335.0 62.0 que es prudent?

70.0 303.0 475.0 64.0 Rectó. Qué es justicia?

76.0 353.0 734.0 70.0 Sald. Massa que ho sé al que es jus-

121.0 405.0 685.0 70.0 ticia. Ni may que ni hagués. Son

119.0 458.0 670.0 75.0 el batlle, als regidors, al jutge y

121.0 506.0 255.0 64.0 als aguasils.

76.0 560.0 517.0 64.0 Rectó. Qué es fortaleza?

74.0 605.0 736.0 74.0 Sald. Fortaleza, es Monjuich, las

126.0 659.0 682.0 76.0 Adrasanas, Ciutadela, al Fortu

132.0 710.0 147.0 77.0 pillu....

78.0 762.0 546.0 72.0 Rectó. Que es templanza?

78.0 816.0 742.0 70.0 Sald. Señó Rectó, aixó no es de la

126.0 878.0 194.0 58.0 doctrina.

78.0 930.0 459.0 57.0 Rectó. Si que ho es.

78.0 971.0 610.0 64.0 Sald. Doncas jo no ho se pas.

82.0 1020.0 703.0 67.0 Rectó. Ben dit. Cuans Deus hi ha?

82.0 1072.0 749.0 79.0 Sald. No als hi contat may. Ni deu

128.0 1126.0 506.0 70.0 habé un á cada iglesia.

80.0 1186.0 751.0 64.0 Rectó. Cuantas son las obras de Mi-

136.0 1229.0 213.0 64.0 sericordia?

86.0 1281.0 437.0 72.0 Sald. Son cremadas.

86.0 1330.0 683.0 71.0 Rectó. Que es lo que es cremat?

88.0 1382.0 730.0 68.0 Sald. Al poble van dir que á la Mi-

134.0 1436.0 692.0 64.0 sericordia si va ficar foch, y tot

136.0 1488.0 293.0 70.0 se va cremá.

93.0 1537.0 733.0 72.0 Rectó. Va abia. (cridan.) Sabeu lo

138.0 1589.0 682.0 78.0 que us diré; que aquet xicot no

140.0 1645.0 635.0 60.0 an sab un borrall de doctrina.

93.0 1694.0 731.0 77.0 Abia. Idós, Saldoni, no deyas que

140.0 1750.0 211.0 58.0 la sabias?

88.0 1804.0 736.0 60.0 Sald. Si no se de que am parla; ja

142.0 1845.0 684.0 77.0 ho veurá, que am pregunti mes

144.0 1909.0 195.0 56.0 doctrina.

95.0 1946.0 733.0 83.0 Rectó. Cuantas son las personas de

144.0 2002.0 453.0 70.0 la Santísima Trinitat.

99.0 2062.0 328.0 60.0 Sald. Vinti sis.

101.0 2105.0 467.0 71.0 Rectó. Com vint sis?

99.0 2157.0 734.0 110.0 Sald. Te rahó; son vinti cinch; que

882.0 99.0 486.0 68.0 as va morí frara Pera.

831.0 146.0 659.0 75.0 Rectó. No hu veyeu lo que diu?

835.0 198.0 729.0 64.0 Sald. Ay jot flich; als frares de la

888.0 248.0 678.0 76.0 Trinitat no son vinti cinch? Miri

888.0 303.0 676.0 69.0 que als hi contat cuatre vegadas.

841.0 353.0 717.0 74.0 Rectó. Sembla que gateixém; aixó

888.0 417.0 683.0 58.0 as pot pendre per una comedia.

886.0 456.0 683.0 68.0 Home, digas que es lo que sabs

890.0 508.0 325.0 64.0 de la doctrina?

843.0 555.0 726.0 71.0 Sald. Jo se tota la doctrina menos

888.0 611.0 681.0 68.0 aixó que am pregunta, fins se la

893.0 659.0 169.0 72.0 lletania.

849.0 708.0 645.0 83.0 Rectó. Doncas digas la lletania.

845.0 764.0 604.0 64.0 Sald. Vusté ha de comensá.

831.0 814.0 678.0 74.0 Rectó. Pero no dius que la saps?

847.0 868.0 717.0 66.0 Sald. Si señó, vusté digui, y jo res-

901.0 923.0 498.0 69.0 pondré: Ora pron obis.

849.0 969.0 726.0 68.0 Abia. Doncas, com quedém, señó

895.0 1025.0 531.0 60.0 Rectó? Cuan als casarém?

835.0 1074.0 736.0 75.0 Rectó. (cridan.) Pero si no sap lo que

903.0 1134.0 188.0 58.0 as pesca.

853.0 1173.0 718.0 69.0 Sald. Si vusté am pregunta unas co-

901.0 1237.0 676.0 62.0 sas tan intrincadas, que vol que

903.0 1285.0 674.0 68.0 li responga? Cuans Deus hi ha? Que

901.0 1330.0 674.0 79.0 hu se jo? portils aqui que als con-

901.0 1388.0 145.0 58.0 tarém.

849.0 1440.0 722.0 74.0 Rectó. Y la noya an sab de doc-

901.0 1488.0 126.0 66.0 trina?

859.0 1537.0 716.0 72.0 Abia. No an sab tan com an Saldo-

899.0 1591.0 601.0 68.0 ni, pero no sen falta gaire.

859.0 1645.0 726.0 70.0 Recto. Si que an sabrá poch. Donchs

901.0 1698.0 680.0 71.0 cuantas cosas son necesarias per

909.0 1746.0 391.0 68.0 anar á combregar?

859.0 1791.0 716.0 71.0 Margarida. Sortir de casa ben de-

907.0 1853.0 577.0 69.0 mati, y portar la cara neta.

866.0 1899.0 721.0 64.0 Recto. Tan ne tenim com ne tenian.

911.0 1950.0 678.0 77.0 Bon parell de baligas balagas. Qui

913.0 2000.0 170.0 68.0 es Deu?

872.0 2058.0 719.0 66.0 Marg. Jo al voldria coneixe; perque

915.0 2108.0 627.0 78.0 temps ha que an sento parlá,

915.0 2167.0 501.0 122.0 ningú an sab dar rahó.
