1753 2480
199.0 83.0 47.0 0.0 6

163.0 88.0 713.0 81.0 Sald. Ja ho diré jo per tu, Marga-

206.0 146.0 676.0 77.0 rida; es un home gros y gran com

204.0 192.0 662.0 84.0 un jegant, que sab fe de tot  y

198.0 254.0 213.0 64.0 no menja.

155.0 291.0 727.0 85.0 Recto. No se qui am fa tenir tanta

202.0 343.0 674.0 86.0 paciencia, sino que estich ocupat,

198.0 405.0 676.0 76.0 ho podria pendrer per diversió.

194.0 444.0 661.0 85.0 Noya digas lo crech en un Deu.

146.0 496.0 728.0 84.0 Marg. Jo al se de un altre manera.

144.0 553.0 593.0 69.0 Recto. Dígaslo com al saps.

146.0 603.0 728.0 79.0 Marg. Jo crech ab an Saldoni, que

190.0 651.0 678.0 82.0 es al noy mes graciós del cel y

190.0 702.0 678.0 93.0 de la terra, que ha de ser lo unich

192.0 768.0 266.0 50.0 marit meu....

140.0 799.0 715.0 91.0 Sald. Que no an saps mes, Marga-

183.0 865.0 596.0 73.0 rida? Quin credo tan bonich?

138.0 911.0 740.0 81.0 Recto. Quin casament! Qui as va en-

181.0 973.0 135.0 50.0 carná?

138.0 1006.0 730.0 87.0 Marg. Tots los de casa el dia de

181.0 1068.0 678.0 85.0 la festa major. Van matá dos chays,

179.0 1120.0 598.0 72.0 un porcell, y un marrinxó.

134.0 1161.0 725.0 85.0 Recto. Pero noya, respon be, que

177.0 1225.0 682.0 77.0 si no sabs doctrina, no at podrás

181.0 1273.0 120.0 62.0 casar.

132.0 1326.0 721.0 79.0 Marg. Señó Rectó, als que son ca-

175.0 1380.0 676.0 64.0 sats, que tiran un tros de doctri-

175.0 1421.0 432.0 73.0 na al olla cada dia?

132.0 1475.0 583.0 79.0 Recto. Vaya una proposició.

128.0 1525.0 721.0 74.0 Sald. Señó Rectó, jo diria que fe-

171.0 1578.0 686.0 71.0 sim una cosa; casemnos tots dos?

126.0 1624.0 725.0 89.0 Recto. Ab aqui at vols casar? ab mi.

126.0 1678.0 725.0 76.0 Sald. No parlo de vusté; ab la Mar-

171.0 1736.0 686.0 78.0 garida, ans podria casar á proba,

173.0 1783.0 680.0 83.0 y si de aqui nou ó deu mesos no

169.0 1845.0 686.0 72.0 som bons per casats que sen tor-

165.0 1891.0 490.0 70.0 ni cada hu á casa seba.

121.0 1934.0 701.0 78.0 Recto. Aquet xicot es boitj ó el fa.

173.0 1984.0 674.0 90.0 Veyen ab quina pata de gall surt.

169.0 2039.0 672.0 89.0 (cridan.) Mireu, abia, per ara veitj

165.0 2093.0 684.0 87.0 que no farem re, perque ni lo un

169.0 2147.0 679.0 113.0 ni lo altre saben lo que as pescan,

973.0 115.0 676.0 66.0 y lo que jo veitj que no están ab

967.0 161.0 680.0 70.0 disposició de apendrer encara que

967.0 206.0 676.0 81.0 visquesin cent añs; pero no obs-

965.0 264.0 682.0 64.0 tan farém una cosa; que tornian

959.0 320.0 688.0 68.0 de aqui á un mes, y que vejin de

961.0 367.0 682.0 69.0 férsela enseñar per un home doc-

961.0 407.0 684.0 82.0 te; y allaboras parlarém de casar.

907.0 460.0 738.0 77.0 Sald. Doncas, señó Rectó, que no

955.0 518.0 682.0 66.0 fem res ab aixó de casá á proba?

913.0 570.0 730.0 76.0 Recto. No tonto, que no sápigas de

955.0 620.0 609.0 72.0 doctrina no at podrás casar.

888.0 671.0 745.0 81.0 Sald. Doncas es dir que tinch de po-

946.0 717.0 540.0 74.0 sá el bacallá en remull....

907.0 770.0 728.0 77.0 Recto. Posal allá ahont vulgas, men-

946.0 822.0 680.0 81.0 tres me surtiu de devant, que jo

950.0 876.0 633.0 72.0 no vull carrechs de conciencia.

904.0 923.0 727.0 75.0 Sald. Es que jo am vull casar, si se-

950.0 989.0 678.0 56.0 ñó, y no me entench de doctri-

946.0 1025.0 682.0 72.0 nas, que ab la doctrina jo no puch

946.0 1078.0 678.0 81.0 menjar ni divertirme: y ab la do-

948.0 1138.0 680.0 71.0 na.... es un altre cosa y despues

944.0 1180.0 676.0 70.0 que per criá la canalla, no es ne-

940.0 1233.0 684.0 75.0 cesita pas la doctrina, que sense

944.0 1289.0 662.0 79.0 doctrina també están ben bons y

940.0 1347.0 682.0 66.0 grasos: y jo no baitx pas de anar

940.0 1390.0 471.0 75.0 á enfonsar cap trona.

899.0 1442.0 719.0 77.0 Recto. Calleu, calleu; aneu, aneu;

940.0 1496.0 678.0 78.0 torneu de aqui á quinse dias, que

940.0 1543.0 432.0 75.0 us duré la llicencia.

882.0 1589.0 711.0 85.0 Sald. Y ans tirará las municions: y

932.0 1649.0 686.0 72.0 cuan serán tiradas, ja ans podrem

932.0 1702.0 682.0 69.0 casar tot de seguida. No es aixo?

886.0 1744.0 709.0 87.0 Recto. Si, aneusen, que es tart, y

938.0 1802.0 368.0 68.0 jo tinch de resar.

874.0 1847.0 736.0 81.0 Abia. Que ja están llestos señó Rectó.

886.0 1905.0 724.0 76.0 Recto. (cridan.) Ni lo un ni lo altre

930.0 1950.0 678.0 79.0 saben lo que es doctrina; abaixó

932.0 2010.0 645.0 79.0 he determinat que la estudien, y

932.0 2066.0 674.0 70.0 que tornian de aqui á quinse dias.

876.0 2114.0 726.0 76.0 Abia. Vol dir que no han saben prou?

892.0 2161.0 548.0 114.0 Recto. Per ara, encara no.
