2148 3034
361.0 1370.0 1435.0 177.0 CHISTE ALEGRE Y DIVERTIDO

354.0 1539.0 1470.0 119.0 del chasco que le ha pasado á un comerciante

394.0 1625.0 1392.0 117.0 en Madrid con una señora de gran polisón

652.0 1704.0 876.0 103.0 con un billete de la loteria.

660.0 1838.0 45.0 116.0 1.ª

366.0 1913.0 362.0 81.0 A todo el auditorio

326.0 1969.0 344.0 76.0 Les voy á advertir

326.0 2010.0 425.0 75.0 De que presten silencio

326.0 2073.0 276.0 58.0 Si quieren oir,

323.0 2103.0 344.0 73.0 Digo á los casados

326.0 2136.0 567.0 83.0 Los que suelen ser aficionados

328.0 2202.0 365.0 63.0 A buscar contrarios

328.0 2229.0 605.0 102.0 En las casas y aún en los prados,

333.0 2288.0 266.0 68.0 Deben atender

323.0 2328.0 491.0 94.0 Lo que pasa, y es á saber:

331.0 2381.0 304.0 101.0 En esos cupidos

1128.0 1853.0 663.0 93.0 Que al instante prestan sus bolsillos

1133.0 1929.0 377.0 65.0 A aquellas madamas

1135.0 1969.0 704.0 73.0 Que en vestir y en andar son preciadas

1141.0 2015.0 422.0 60.0 Ya sus mujeres olvidan

1141.0 2058.0 334.0 65.0 Por estos placeres,

1138.0 2103.0 337.0 61.0 Y á costarles viene

1133.0 2141.0 589.0 73.0 Cuando el mal remedio no tiene

1148.0 2192.0 316.0 58.0 Y dicen con gana

1141.0 2237.0 422.0 76.0 Quien pudiera quitarse

1146.0 2285.0 329.0 76.0 La red del ala.

1472.0 2303.0 58.0 81.0 2.ª

1189.0 2343.0 660.0 101.0 Aquellas señoritas, que son casadas
