1753 2480
186.0 82.0 1424.0 155.0 JUAN PORTELA

527.0 194.0 787.0 107.0 SEGUNDA PARTE EN DÉCIMAS GLOSADAS

225.0 372.0 496.0 78.0 A dar pienso a mi caballo,

202.0 419.0 507.0 72.0 ¡ay de mí! que soy perdido

190.0 465.0 457.0 55.0 en una casa de campo,

196.0 498.0 436.0 76.0 veinte pasos del camino.

229.0 549.0 451.0 89.0 A este punto destinado

196.0 601.0 331.0 66.0 precipitado llegué,

200.0 638.0 387.0 62.0 por el amo pregunté

198.0 671.0 463.0 58.0 quedaron todos turbados.

204.0 696.0 513.0 66.0 —¿Qué se ofrece caballero?

200.0 737.0 529.0 71.0 respondió luego un anciano.

214.0 772.0 521.0 58.0 —¿Esta gente que hace aquí?

206.0 779.0 631.0 99.0 —Tres hombres que están cenando

204.0 849.0 453.0 58.0 —Aquí teneis a Portela,

200.0 876.0 540.0 89.0 darle un pienso a mi caballo.

237.0 946.0 515.0 70.0 Uno de ellos dió un suspiró

202.0 981.0 473.0 62.0 de los tales que cenaban

204.0 1020.0 455.0 65.0 sus lágrimas derramaba

208.0 1056.0 459.0 55.0 cuando a Portela le dijo :

206.0 1085.0 507.0 62.0 Qué suerte tan desgraciada

210.0 1124.0 430.0 60.0 dónde vas desconocido?

210.0 1155.0 507.0 66.0 tu padre me dió esta carta,

212.0 1198.0 501.0 60.0 advierte que soy tu amigo

214.0 1229.0 435.0 62.0 a las manos de Portela.

221.0 1256.0 514.0 95.0 ¡ay de mí que soy perdido!

252.0 1322.0 432.0 66.0 Y leyendo con cuidado

214.0 1374.0 395.0 58.0 estas palabras decía :

221.0 1401.0 442.0 62.0 «Te van a quitar la vida

223.0 1444.0 434.0 54.0 »hijo mío lo he pensado,

221.0 1467.0 539.0 64.0 »que te marches de la España

221.0 1510.0 506.0 62.0 »no cometas más estragos,

223.0 1545.0 504.0 54.0 »que en Córdoba tu cabeza

223.0 1576.0 459.0 58.0 »ayer triste pregonaron».

231.0 1614.0 442.0 66.0 ¡Oh! qué noticia recibo

219.0 1651.0 432.0 68.0 en esta casa de campo.

260.0 1713.0 434.0 60.0 Un año justo y seguido

225.0 1752.0 455.0 60.0 del ladrón más afamado

233.0 1785.0 488.0 66.0 mi vida ya he despreciado

229.0 1822.0 457.0 64.0 que para nada la estimo ;

229.0 1860.0 434.0 53.0 capones y más gallinas

264.0 1888.0 411.0 67.0 a cenar todos conmigo

231.0 1919.0 490.0 71.0 y después venga fandango

237.0 1965.0 465.0 60.0 y buenos tragos de vino :

233.0 1998.0 469.0 56.0 que este gasto yo lo pago

235.0 2033.0 443.0 72.0 veinte pasos del camino.

272.0 2087.0 430.0 70.0 A mirada me acobarda,

237.0 2130.0 434.0 64.0 me llaman el temerario,

239.0 2165.0 453.0 67.0 fascineroso en mi planta

239.0 2203.0 474.0 64.0 cuando el trabuco disparo.

270.0 2256.0 451.0 71.0 Cuando llegó la mañana

252.0 2312.0 436.0 85.0 le dije a mi compañero :

988.0 351.0 471.0 74.0 como amigo te lo entrego

992.0 405.0 452.0 66.0 cuando llegues a mi casa

994.0 444.0 424.0 56.0 a mi padre con secreto

996.0 483.0 442.0 52.0 le entregarás esta carta,

994.0 516.0 455.0 54.0 los dineros y el bolsillo,

996.0 537.0 535.0 72.0 porque a mí no me hace falta

998.0 582.0 438.0 64.0 y vivir todos tranquilos

994.0 607.0 535.0 97.0 que a mí nada me acobarda.

1031.0 675.0 515.0 66.0 Bien montado en mi caballo

1000.0 721.0 426.0 60.0 de la casa me despido

998.0 754.0 407.0 62.0 me tiraron cinco tiros

1002.0 797.0 473.0 54.0 al subir por un barranco

1002.0 828.0 399.0 62.0 aquí te quiero Perela;

1006.0 859.0 517.0 56.0 y amparándome en un árbol

1006.0 894.0 505.0 60.0 dos heridos van por tierra

1006.0 930.0 496.0 57.0 de un tremendo trabucazo

1023.0 967.0 436.0 58.0 quedó el león guerrero

1006.0 1006.0 428.0 66.0 me llaman el temerario.

1046.0 1039.0 382.0 81.0 Una partida de capa

1010.0 1074.0 602.0 89.0 diez hombres muy bien armados.

1012.0 1136.0 468.0 54.0 del gobierno son pagados,

1021.0 1169.0 512.0 62.0 y a agarrarme se adelantan,

1012.0 1206.0 426.0 52.0 todos somos andaluces

1012.0 1231.0 499.0 66.0 fanfarrones no me bastan,

1019.0 1273.0 492.0 64.0 y al salirme de unos pinos

1015.0 1308.0 429.0 53.0 me tiran otra descarga,

1017.0 1345.0 411.0 60.0 me mataron al caballo

1019.0 1382.0 461.0 68.0 fascineroso en mi planta.

1050.0 1415.0 479.0 77.0 Cuando me vi desmontado

1019.0 1473.0 413.0 54.0 de sentimiento lloraba

1021.0 1512.0 397.0 50.0 a unas peñas retiraba

1021.0 1533.0 488.0 66.0 cuando todos me cercaron.

1023.0 1572.0 463.0 62.0 dáte, dáte, Juan Portela,

1025.0 1614.0 455.0 53.0 ocho tiros me arrojaron

1025.0 1649.0 519.0 58.0 los que hirieron al valiente

1025.0 1686.0 448.0 56.0 de la cabeza y un brazo,

1027.0 1719.0 461.0 54.0 de sangre bañado estaba

1027.0 1754.0 488.0 64.0 cuando el trabuco disparo.

1066.0 1804.0 443.0 62.0 Yo perdí las esperanzas,

1029.0 1847.0 442.0 56.0 de mis padres el honor,

1031.0 1888.0 447.0 50.0 las fuerzas me faltan ya,

1033.0 1924.0 442.0 62.0 del cielo baje el perdón.

1070.0 1965.0 482.0 68.0 La sangre que derramaba

1035.0 2017.0 399.0 60.0 me cubría el corazón,

1037.0 2052.0 447.0 56.0 no siento mi muerte, no,

1037.0 2081.0 453.0 58.0 van a pagar tus hazañas :

1037.0 2122.0 418.0 52.0 me agarran entre dos

1039.0 2147.0 519.0 66.0 y con cordeles me amarran,

1037.0 2190.0 517.0 52.0 cuando llegó el comandante

1041.0 2227.0 490.0 52.0 todos ocho me acompañan,

1043.0 2260.0 449.0 58.0 y me llevan a un bagaje

1043.0 2294.0 441.0 88.0 ya perdí las esperanzas.
