1753 2480
103.0 88.0 548.0 67.0 Sus quejas llegué a entender

72.0 130.0 422.0 56.0 de una pícara traidora

78.0 165.0 451.0 58.0 que tan falsa vino a ser

78.0 202.0 476.0 58.0 pensaba a todas las horas

74.0 237.0 451.0 73.0 siempre por esta mujer.

111.0 289.0 455.0 70.0 Pronto a perder mi vida

78.0 341.0 424.0 57.0 mi fiero valor mostré,

80.0 369.0 474.0 71.0 y al lograr lo que quería

80.0 409.0 405.0 58.0 una noche me marché

82.0 452.0 424.0 66.0 más al ver su tiranía.

109.0 496.0 469.0 74.0 Con mi trabuco me entré

80.0 551.0 438.0 58.0 a la casa donde amaba

84.0 591.0 405.0 57.0 y su marido encontré

84.0 613.0 558.0 73.0 que los dos cenando esbaban

84.0 661.0 370.0 72.0 venganza determiné.

121.0 713.0 459.0 66.0 Vengo a quitarte la vida

82.0 762.0 399.0 52.0 delante de tu marido,

90.0 799.0 383.0 56.0 y pagaré con la mía

84.0 828.0 461.0 75.0 si acaso algún atrevido.

121.0 884.0 391.0 70.0 Lloraba la peregrina

90.0 930.0 457.0 64.0 al sentir estas palabras,

90.0 975.0 395.0 54.0 detente traidor tu ira

93.0 1012.0 423.0 46.0 le dí cinco puñaladas

93.0 1043.0 467.0 70.0 vengo a quitarte la vida.

128.0 1087.0 473.0 82.0 Su esposo quedó rendido

93.0 1147.0 419.0 53.0 me miraba como fiera

95.0 1173.0 454.0 69.0 sin color y sin sentidos,

97.0 1219.0 454.0 64.0 cuando ella cayó muerta

99.0 1254.0 407.0 70.0 delante de su marido.

132.0 1314.0 432.0 62.0 Aquí acabó mi alegría

103.0 1366.0 426.0 57.0 dije luego, soy perdido,

103.0 1403.0 388.0 49.0 sin decir Ave María,

103.0 1430.0 496.0 64.0 de un tiro maté al marido

105.0 1471.0 403.0 70.0 yo pagaré con la mía.

134.0 1527.0 436.0 78.0 Salí con mi trabuquillo

107.0 1583.0 521.0 60.0 y un gran grupo que decía :

115.0 1618.0 403.0 56.0 Alto y justicia le p do

115.0 1651.0 439.0 62.0 y yo mis pasos seguia

107.0 1680.0 444.0 64.0 si acaso algún atrevido.

140.0 1744.0 449.0 70.0 Giré un poco mi cabeza

107.0 1795.0 486.0 54.0 con mi trabuco apuntando

111.0 1835.0 459.0 58.0 que disparé a toda prisa,

113.0 1864.0 480.0 86.0 cuatro muertos he dejaao.

903.0 31.0 492.0 101.0 Me escapé por una puerta

872.0 105.0 521.0 66.0 aquella noche me buscaron,

874.0 142.0 494.0 58.0 en Córdoba Juan Portela

874.0 179.0 459.0 62.0 seis personas ha matado

876.0 212.0 451.0 67.0 giré un poco mi cabeza.

901.0 258.0 442.0 83.0 Caminaba con cuidado

878.0 307.0 484.0 62.0 y al romper su claro día

876.0 338.0 537.0 79.0 junto a las Ventas del Carpio

880.0 390.0 345.0 58.0 un caballero venía

876.0 415.0 506.0 87.0 con mi trabuco apuntando.

915.0 469.0 430.0 74.0 Dije alto : si te meneas

882.0 527.0 438.0 59.0 tu caballo y tus dineros

882.0 566.0 397.0 49.0 entregarás a Portela,

884.0 595.0 418.0 58.0 y sino dirás el Credo

884.0 634.0 434.0 74.0 que lo disparo deprisa.

921.0 679.0 488.0 75.0 Se marchó el pobre pelado

884.0 735.0 395.0 66.0 como si fuera patena

888.0 768.0 422.0 64.0 yo piré con su caballo

888.0 789.0 598.0 79.0 porque en las puertas de Utrera

884.0 834.0 476.0 79.0 cuatro muertos ha dejado.

921.0 890.0 503.0 81.0 Las partidas me persiguen,

888.0 942.0 556.0 64.0 van detrás de mi que vuelan

890.0 979.0 433.0 64.0 pero tego  o un caballo

895.0 1012.0 527.0 73.0 que en metiéndole la espuela.

932.0 1070.0 386.0 70.0 A mi trabuco le dije

901.0 1118.0 450.0 60.0 tu te llamas boca negra,

895.0 1153.0 473.0 56.0 que disparando pie firme

899.0 1194.0 374.0 52.0 necesito una docena,

901.0 1219.0 490.0 70.0 las partidas me persiguen.

936.0 1262.0 511.0 87.0 En los montes de Antequera

901.0 1333.0 347.0 49.0 una mañana robé

907.0 1351.0 496.0 66.0 a un coche y a una galera

903.0 1403.0 461.0 51.0 seiscientos machos choré

903.0 1436.0 541.0 64.0 van detrás de mí que vu lan

936.0 1490.0 486.0 66.0 He matado seis soldados,

907.0 1541.0 459.0 50.0 de civiles una escuadra,

905.0 1572.0 428.0 54.0 disparé seis trabucazos

909.0 1609.0 459.0 62.0 y a Portela no le agarra

907.0 1640.0 523.0 75.0 porque tengo yo un caballo.

942.0 1692.0 376.0 75.0 Arriba jaca morena

913.0 1729.0 542.0 71.0 que nos queda el comandante

915.0 1783.0 434.0 52.0 vuelve cara boca negra

909.0 1816.0 519.0 60.0 de un tiro cayó al instante

917.0 1853.0 447.0 87.0 y metiéndole la espuela.

537.0 1992.0 707.0 194.0 FIN DE LA PRIMERA PARTE
