1753 2480
816 142 145 72 = 6 =

186 200 642 81 que én el vientre de su Madre

192 256 498 74 puso Dios tal asistencia,

192 293 577 79 que adormeciendo la culpa,

190 345 593 76 le dió el don de gracia plena.

190 394 504 79 Esta es la virgen María,

194 442 566 76 que en aqueste tiempo era

194 496 417 74 esposa de San José,

196 547 519 68 con juramento y protesta,

196 589 517 74 su virginidad guardando,

206 636 536 68 y no cayó mancha en ella.

206 694 455 66 Y viviendo en Nazaret

200 735 413 73 un lugar de Galilea

202 779 550 76 á veinte y cinco de Marzo,

204 834 575 77 á tiempo que estaba puesta

204 888 463 68 en alta contemplacion

210 932 499 66 de las mas altas esferas

210 977 544 72 bajó el ángel San Gabriel,

225 1029 438 72 y la palabra primera,

210 1074 532 70 fué decirle Dios te salve

214 1128 497 70 Maria, de Gracia llena.

219 1167 595 77 Sabe, que el Señor me envia

219 1227 504 68 á que concedas licencia,

225 1273 465 72 para que baje su Hijo

229 1308 571 91 y en tu dulce vientre tenga

221 1370 516 64 su morada nueve meses;

231 1415 418 77 y su nacimiento sea

225 1457 539 80 total remedio del mundo.

229 1514 556 69 Aunque llena de vergüenza,

227 1564 566 68 responde; ¿Cómo es posible,

231 1614 484 66 si tengo hecha promesa

233 1655 434 66 á Dios de virginidad?

237 1709 536 64 Y el ángel dijo: no temas,

237 1756 556 68 que es disposicion de Dios,

241 1806 513 64 y la obra es suya mesma.

241 1849 480 70 Fijó en el cielo la vista

245 1903 455 70 y las rodillas en tierra,

248 1948 518 77 y con profunda humildad,

243 2000 554 68 dijo estas palabras mesmas:

245 2048 412 70 Altísimo Señor mio,

248 2085 607 87 aquí está una esclava vuestra,

245 2143 499 72 en mí vuestra voluntad

248 2186 618 118 cúmplase en muy hora buena.

901 183 432 71 El ángel se despidió

905 229 511 81 á tiempo que la doncella

905 283 531 74 otorgó el consentimiento,

907 328 500 75 del Santo Espirítu llena,

913 376 476 76 y con profundo respeto,

913 419 494 72 con humilde reverencia,

917 475 501 70 se bebió por boca y ojos

917 522 439 67 la divinidad suprema.

924 572 512 72 Yerro es creer que Maria

926 617 483 79 puso en esto diligencia;

921 655 619 80 siendo asi que un Dios amante

924 713 502 72 busca la cándida prenda:

926 768 475 69 fué misterio venerable,

928 814 426 66 legitíma dependencia

928 853 504 74 del Sacro Espíritu Santo

932 894 641 100 que es un fuego que no quema

940 956 436 77 y lleno de luz divina

934 1004 426 70 el farol de su pureza.

938 1045 465 79 Cayó María el misterio,

940 1103 519 79 y á los montes de Judéa

936 1147 515 80 con su esposo San José,

948 1200 523 77 pasó á dar la enhorabuena

938 1248 513 68 á Santa Isabel su prima,

940 1293 612 81 que aunque era estéril y vieja

942 1345 600 74 concibió á San Juan Bautista,

948 1395 530 76 y hallándose las dos cerca

946 1440 496 70 se reciben con abrazos,

952 1492 538 72 y el Bautista le hizo fiesta,

946 1533 585 72 dando brincos en el vientre.

952 1585 457 70 Isabel, sin ser profeta,

955 1628 487 81 bendice el fruto bendito

955 1674 580 76 de el vientre de su parienta,

963 1736 388 70 y Zacarías tambien

955 1775 583 76 le dá el parabien por señas.

961 1831 494 70 Detuviéronse tres meses

965 1870 519 76 aguardando á que naciera

963 1924 533 70 San Juan Bautista que fué

963 1969 498 74 tan celebrada su lengua

965 2017 566 78 que fué la voz del desierto,

967 2070 480 71 que predicó penitencia,

973 2122 428 66 Volvieron á Nazaret,

971 2163 531 118 y como ya daba muestras
