1860 2629
176 236 494 72 Llevó á la triste señora

184 292 469 67 á su cabaña, y llegando

184 347 511 56 se la entregó á su esposa,

185 388 538 63 para que con gran cuidado

185 433 485 62 la asista, cuide y regale,

187 483 591 64 que está muy débil del parto:

187 528 416 63 recogieron la señora,

192 576 455 66 y á su hijo acariciando

189 626 564 64 dió en sus pechos alimento

187 673 578 70 dándole el pastor su amparo.

794 179 96 68 — 5 —

867 240 478 68 En el segundo romance

867 289 485 68 se prosigue este fracaso,

870 338 494 70 donde allí verá el curioso

870 388 411 67 este caso tan estraño

870 436 481 64 que sucedió con el niño

870 484 465 65 que la osa está criando,

872 531 454 64 y cómo fué descubierto

870 579 402 62 este testimonio falso,

869 629 399 61 castigada la maldad,

867 676 525 67 y en lo cierto el desengaño.

648 813 404 82 SEGUNDA PARTE.

238 936 494 83 Ya dice el primer romace

184 1007 464 65 cómo quedó la cabaña

182 1053 418 61 recojida esta señora,

182 1110 380 52 asistida y regalada

182 1150 512 57 de los humildes pastores;

185 1197 567 61 y volvamos á que esta estaba

181 1250 562 57 con muy grande sentimiento

179 1292 539 64 don Claudio de ver la falta

179 1342 434 55 de su bella Margarita,

181 1391 562 62 la cual, con ánsias sobradas,

179 1440 496 55 se acordaba por instantes

179 1486 449 60 del esposo de su alma,

181 1536 499 56 y de aquel infante tierno

179 1590 535 50 que nació de sus entrañas,

178 1632 419 59 el que se llevó la osa

176 1686 468 53 á la cueva y la crianza

176 1729 588 63 que tuvo, fué entre animales,

176 1776 538 64 entre bosques y montañas;

182 1822 488 56 vestido andaba de pieles

175 1872 495 55 de animales, y era tanta

175 1920 608 66 su monstruidad, que asombra

178 1967 466 55 con lo feroz de su cara,

179 2017 406 54 pues una clava traia

185 2068 628 64 en sus hombros, que por armas

178 2113 435 63 de defensa le servia,

179 2160 583 58 asombrando á cuantos pasan;

179 2206 574 66 los que le ven se amedrentan,

176 2258 455 58 los pastores se recatan,

179 2307 494 86 pues en viéndole le dejan

867 939 559 89 solo el ganado que guardan.

866 1004 470 59 Llegó á París la noticia,

870 1054 535 66 y don Claudio se aprestaba

869 1104 421 57 para salir á buscarle;

866 1150 412 65 toma recado de caza,

870 1203 515 55 y partió con los monteros,

864 1248 521 65 llevándose en su compaña

864 1296 453 60 criados y mayordomos,

866 1340 516 72 y de esta suerte les habla:

866 1393 434 55 voy á buscar esta fiera

864 1444 566 57 que tanto asombra y espanta.

863 1486 567 65 Dando ya vista á los montes,

863 1536 500 61 permitió Dios que llegara

863 1587 530 61 á donde encontró al pastor

863 1634 527 69 que el ganado apacentaba.

864 1682 386 70 Saludóle cortesano,

864 1743 452 50 y atento le preguntaba,

862 1783 507 61 que si por ventura habria

860 1828 455 61 alguna choza ó cabaña,

860 1876 504 62 donde tuviesen albergue,

859 1926 504 53 que la noche se acercaba.

862 1973 499 65 Dijo el pastor: caballeros,

860 2021 430 61 aquella pobre cabaña

856 2069 437 63 donde yo habito, será

863 2119 416 60 de ustedes la posada.

860 2164 490 66 Suban por aquel collado,

864 2215 560 66 y en lo hondo, en la bajada,

862 2260 489 66 hallarán mi pobre choza,

859 2310 482 76 donde penitencia hagan.
