1860 2629
883 265 152 85 — 2 —

292 343 494 55 por las tapias del jardin,

290 379 513 69 hizo avance, y reparando

293 427 466 60 era alfombrado el suelo

295 474 575 62 de aqueste hechizo descanso,

295 525 521 60 con las flechas de Cupido,

295 573 518 60 aunque no sin sobresalto,

296 628 481 58 con fino amor atropella

298 668 470 68 los términos del recato.

299 715 573 66 Entró en su cuarto, y apenas

302 768 485 54 vió el sol tan á su salvo,

300 816 465 57 con halagos la acaricia,

299 860 549 61 con finezas la ha templado.

302 911 489 57 Dijo entonces la señora,

305 956 530 63 con semblante demudado:

308 1003 537 77 ¿qué es aquesto, caballero?

305 1061 608 65 mucho aquesta accion extraño;

306 1110 464 61 si buscais retraimiento

306 1155 500 58 el motivo es mi cuidado,

306 1200 541 69 siendo la ocasion disculpa

309 1250 585 58 todo está á vuestro mandato.

309 1292 532 75 Dijo el caballero entonces:

308 1348 495 68 señora, vengo buscando

308 1396 451 66 todo mi total remedio,

311 1437 656 74 cuando en fino amor me abraso,

314 1491 511 74 y no se admire de que yo

309 1539 572 70 haga aqueste esceso, cuando

312 1593 517 61 solo pido á vuestras luces

314 1637 593 67 me mantengan con sus rayos.

312 1684 475 68 Bien sabeis mi calidad,

318 1733 497 70 y que en el estrecho lazo

317 1781 539 65 del matrimonio, se igualan

317 1825 581 75 las cualidades de emtrambos.

319 1879 564 63 Si os hizo Dios tan hermosa

321 1927 560 69 no estrañeis que mi cuidado

319 1974 515 66 se anticipe de esta suerte,

321 2025 527 67 no puedo mas remediarlo.

322 2076 417 62 Díjole así la señora:

324 2114 536 78 pues bajo de este contrato,

322 2158 661 91 (ya que habeis hecho este arrojo)

324 2218 533 61 á vuestro gusto me allano.

322 2262 534 70 Estos fueron los principios

330 2320 504 66 para que en estrecho lazo

327 2366 494 70 lograran del matrimonio

325 2412 417 89 el efecto consumado,

978 331 480 53 siendo de los dos testigo

980 373 396 53 un soberano retrato

981 410 471 71 de la Vírgen de la Paz,

983 468 554 54 Madre del Verbo encarnado.

983 511 467 60 Se efectuaron las bodas,

981 560 468 68 con el rumbo y aparato

984 603 551 73 que en tal caso corresponde

986 652 564 63 segun el porte de entrambos.

990 709 447 68 Ya fenecidas las bodas,

987 756 569 63 por mayordomo han tomado

990 804 504 63 un mozo de gran despejo,

987 848 504 72 que Alberto era llamado:

987 901 439 67 demonio debió de ser,

990 944 589 74 pues que entre los dos casados

992 994 474 69 con su dañada intencion

992 1048 420 62 introdujo tal estrago.

993 1089 545 66 En este tiempo don Claudio

993 1145 506 51 le fué preciso ausentarse,

993 1184 514 67 dejando su esposa y casa,

995 1235 543 69 segun el rey lo ha mandado.

996 1282 549 73 Dejó en casa al mayordomo,

997 1332 462 67 juntamente dos criados,

999 1383 546 70 para que á su esposa asistan

999 1428 444 66 y estén á su mandato;

999 1481 488 65 tambien algunas criadas,

1000 1523 566 74 y á una dueña, que á su lado,

1000 1574 452 64 no le falte á la señora,

1000 1622 504 67 que es de virtud dechado.

1005 1669 454 69 Quedó la noble señora

1005 1717 570 73 con mucha pena y quebranto

1005 1770 567 65 por la ausencia de su esposo,

1005 1816 479 68 á quien estimaba tanto.

1006 1863 453 69 Doblemos aquí la hoja,

1012 1911 484 69 y vamos á que arrestado

1008 1957 524 67 el traidor del mayordomo,

1008 2006 505 65 con pecho falso y dañado,

1011 2065 501 54 en lascivos pensamientos

1011 2103 520 73 quiso emplear su cuidado,

1008 2147 565 80 que quien tiene mala sangre

1012 2199 554 63 obra al fin como un villano,

1015 2244 584 70 Inventó (¡gran desvergüenza!)

1015 2291 621 88 manchar (¡accion de inhumano),

1014 2350 412 62 el honor á la señora,

1015 2395 473 80 su respeto atropellando.
