1860 2629
745 257 98 76 — 7 —

106 337 422 71 y sin que sea sentido,

106 373 536 81 mas á escuchar se aplicaba.

109 427 495 71 Estando en tal confusion,

111 479 490 67 vió que al corral entraba

112 528 449 67 aquel mozo, Valentin,

115 562 539 92 y de esta suerte le hablaba:

115 614 551 79 madre mia ¿qué es aquesto,

119 661 553 79 que veo en vos tal mudanza

119 706 583 84 despues que vino esta gente?

125 760 544 82 que es razon sepa la causa.

125 798 650 98 Respondió aumentando el llanto:

127 863 426 76 hijo mio de mi alma,

131 899 527 91 ¿qué ha de tener una triste

132 950 526 82 que aquí se vé desterrada?

134 999 543 89 no muerta por gran piedad,

140 1051 501 76 viva, sí, mas desgraciada.

138 1105 389 76 Ese noble caballero

141 1152 485 79 que vino á posar á casa,

143 1197 498 78 es tu padre y mi marido,

160 1245 522 82 y no puedo hablar palabra.

149 1295 526 82 Aquel traidor que le asiste

149 1342 545 77 mayordomo allá en mi casa,

149 1391 480 79 en ausencia de tu padre,

151 1441 540 85 quiso que le diese entrada;

159 1494 402 76 y por no darle lugar

157 1536 537 82 tomó una infame venganza:

156 1586 511 71 me levantó una calumnia

157 1632 459 81 con un paje de la casa,

160 1678 539 80 diciendo estaba conmigo...

165 1724 527 79 le dió muerte á puñaladas.

173 1777 544 74 Tu padre que aquesto supo,

169 1819 527 79 dando crédito á la infamia,

172 1866 533 86 mandó luego á dos criados

175 1920 538 73 me traigan á esta montaña,

178 1967 499 83 donde me quiten la vida,

187 2005 569 87 y ellos me la dan por gracia.

184 2065 531 73 Naciste tú en estos montes

187 2101 623 94 con otro hermano en compaña,

188 2158 520 83 el cual me llevó una fiera,

191 2209 489 82 sin que yo lo remediara;

197 2262 431 70 y de todas estas penas

192 2306 488 79 se ha refrescado la llaga.

197 2344 548 93 Quedó el mozo enternecido,

206 2399 485 108 y á su madre consolaba;

783 315 581 68 pero oyendo esto don Claudio

783 343 447 79 de puro gozo lloraba;

786 391 458 77 disimuló cuanto pudo;

794 433 519 85 y viendo traicion tan clara

791 493 464 67 del infame mayordomo,

794 541 509 69 solo aspira á la venganza.

800 582 510 81 Valentin se sale al campo,

799 635 472 74 al mayordomo buscaba,

799 682 410 74 el cual venia rendido

800 725 525 88 de andar buscando la caza;

806 777 384 78 y llegando hácia él

806 822 490 80 le ha dado una puñalada

809 869 535 81 que cayó á sus piés rendido

812 918 527 83 sin saber qué fué la causa.

813 971 455 73 Confiesa, dice, traidor,

818 1015 475 78 la calumnia ó la infamia

818 1063 498 82 que á la ilustre Margarita

822 1115 463 75 levantaste tú sin causa;

826 1155 525 85 ya vas á dar cuenta á Dios,

829 1207 518 82 mira, traidor, por tu alma

835 1267 447 67 Todos se llegan por ver

832 1314 382 67 esta maravilla rara,

838 1349 456 86 y cuando los vió juntos

837 1402 469 79 ha dicho estas palabras:

844 1450 452 74 Yo, señores, soy aquel

840 1495 504 86 que imputando de liviana

845 1555 360 66 á mi señora, maté

847 1589 516 84 al paje que estaba en casa:

847 1647 488 76 fué esto un falso testigo,

851 1691 487 79 solo por tomar venganza

853 1739 514 75 de aquella noble matrona,

857 1776 642 97 que es honesta, honrada y casta.

862 1840 406 71 A todos pido perdon

862 1875 549 93 por Dios y la vírgen Santa;

866 1932 453 80 así lo alcancen de Dios

876 1981 433 78 y su Madre Soberana.

872 2019 554 92 Quiso acabarlo don Claudio,

870 2072 553 85 mas todos se lo embarazan,

873 2126 484 72 diciendo que le perdone

879 2174 500 82 porque descanse su alma.

881 2217 539 77 Despues de haber espirado,

882 2269 476 82 los esposos se miraban,

889 2320 478 75 y del gozo y sentimiento

886 2357 576 111 no aciertan á hablar palabra,
