1860 2629
886 236 162 92 — 8 —

315 299 576 92 y prorumpiendo don Claudio,

308 373 479 57 la dice: esposa del alma,

306 425 503 52 ó es encanto cuanto miro,

309 471 542 70 ó es sueño lo que nos pasa;

308 521 419 64 sin poderse contener

311 569 486 63 estrechamente la abraza;

312 617 501 56 y volviendo sobre acuerdo

311 660 483 67 pretenden con vigilancia

311 705 574 72 buscar á aquel mónstruo que

311 765 577 58 tanto horror y espanto causa.

312 809 456 62 Les previene Margarita

311 858 543 60 que si acaso lo encontraban

309 904 501 64 no le hagan mal ninguno,

311 962 532 53 que le da impulsos el alma

311 1001 540 65 que aquel ha de ser su hijo

318 1053 549 57 y que así el Cielo lo guarda.

314 1098 445 60 Y recorrieron el monte,

308 1149 485 64 no dejan cerro ó cabaña

308 1200 501 54 que no la midan á pasos,

308 1247 546 52 hasta que entre unas ramas

306 1292 507 56 don Claudio lo descubrió

314 1334 583 78 y vió que es persona humana;

306 1387 526 67 él mismo se fué á su padre,

308 1438 504 69 que la sangre lo llamaba.

315 1485 526 79 Viendo tan grande prodigio

306 1536 407 64 lo acaricia y agasaja,

305 1583 524 65 ni entiende lo que le dicen,

306 1631 523 86 ni acierta á hablar palabra;

990 308 485 77 iba siguiendo á su padre

992 375 511 51 hasta entrar en la cabaña,

993 417 529 64 se fué derecho á su madre,

999 464 510 67 y de ella no se estrañaba.

993 512 586 63 La osa que lo echó de menos,

993 563 538 59 como una ovejuela mansa,

995 617 542 51 hasta entrar dentro de París

993 658 519 67 fué siguiendo sus pisadas.

995 711 431 55 Hizo el caso tal ruido,

993 756 536 67 que conmovida la Francia,

996 804 536 70 van á ver tan gran prodigio,

997 857 445 60 y es un jubileo la casa.

993 901 422 60 Enseñáronle á hablar

995 952 433 63 y la doctrina cristiana

990 999 509 67 despues que lo bautizaron

999 1050 522 61 y desde entonces le llaman

997 1104 518 60 Ventura Osson, y su padre

990 1152 468 55 inmediatamente manda

990 1197 498 60 que á la Vírgen de la Paz,

989 1251 501 53 en hacimiento de gracias

989 1294 387 61 de este suceso feliz,

989 1343 457 56 una lámpara se le haga

989 1391 480 63 que pese cuarenta libras

987 1438 446 59 de plata sobre-dorada,

996 1488 494 66 y á los criados mil pesos.

997 1535 529 59 Y aquí la historia se acaba;

984 1588 478 61 pidiendo ahora el poeta

991 1634 520 103 perdon de todas sus faltas.

920 1974 102 69 FIN.

352 2295 1211 141 MADRID.— Despacho : Sucesores de Hernendo, Arenal, 11.
