1860 2629
1127 205 219 110 (Núm. 9)

338 289 952 84 DON CLAUDIO Y DONA MARGARITA.

292 1283 1031 126 ADMIRABLE Y CURIOSA RELACION

140 1413 1347 100 en la que se refiere un suceso muy extraordinario acaecido a estos

638 1485 335 63 nobles señores.

505 1780 608 99 PRIMERA PARTE.

176 1987 541 82 Hoy señores, hoy se alienta

130 2046 488 63 m¡ discurso por un rato,

128 2097 424 60 á referir las mayores

127 2145 511 67 penas, congojas, trabajos,

125 2193 481 66 de una principal señora,

125 2239 547 64 la cual en un reino extraño

128 2291 509 69 vino á vivir de tal suerte,

122 2341 468 52 que de su vida y estado

125 2388 479 87 de padecer fué la causa,

821 1986 461 70 como lo iré declarando.

822 2046 504 60 Estaba, pues, en la corte,

824 2098 505 57 siendo grande de palacio,

822 2136 573 63 en Francia un gran caballero

821 2190 612 60 cuyo nombre era don Claudio:

822 2240 495 54 rendido de la hermosura

821 2285 564 59 de esta señora, ha intentado

821 2336 569 57 por lograr su estrecho amor

818 2383 548 114 entrar en su mismo cuarto
