1860 2629
699 236 167 73 — 3 —

121 321 536 52 Rompió el silencio una voz

122 363 507 64 un dia que salió al campo

124 408 488 62 por divertir sus pasiones

132 455 490 70 y dar treguas al cuidado.

125 502 523 66 Con la ocasion de asistirla

125 555 514 58 el mayordomo ha llegado,

132 613 446 53 y con cifradas razones

130 648 526 60 su maldad fué declarando,

130 701 460 55 hasta que dijo: señora,

130 753 574 54 en fuego de amor me abraso,

130 796 451 65 gocemos de la ocasion

132 845 551 63 con la ausencia de mi amo.

132 895 505 63 Era mjer muy prudente,

138 944 482 60 y con disimulo estraño,

134 993 465 54 sin ser de nadie notada

134 1036 522 65 ésta respuesta le ha dado:

137 1083 551 62 vive Dios, hombre atrevido,

135 1137 469 59 si lo que dices, villano,

137 1184 576 57 no entendiera que era chanza

140 1226 526 70 y que es lisonja del prado,

138 1276 580 70 yo misma os diera la muerte,

146 1326 602 73 yo, sí, os hiciera pedazos.

135 1381 388 67 reprime tu fantasía

140 1437 448 54 y agradece no lo hago

138 1472 497 71 por solo escusar la nota,

140 1521 536 66 contigo un esceso estraño.

141 1567 564 73 Quedó Alberto muy corrido,

140 1622 498 63 suspenso y avergonzado,

140 1666 514 66 discurriendo en la ocasion

146 1720 451 58 vengarse como tirano.

146 1765 483 59 Trazó una gran traicion

141 1815 484 54 con un testimonio falso,

143 1854 591 78 que el gusto volvió en veneno

150 1908 504 69 y en rigor trocó el halago.

144 1955 583 67 Cumplió el amo su campaña,

150 2006 586 69 y en su esposa contemplando,

149 2056 391 64 anhelaba por llegar

150 2103 495 64 á su casa, y con halagos,

150 2155 406 59 bajó la noble señora

153 2203 489 59 por recibir en los brazos

153 2260 472 54 su muy querido esposo,

153 2295 549 60 con la servidumbre al lado.

151 2348 510 60 Bajaba tambien un paje,

153 2395 539 83 que desde niño han criado,

809 322 406 40 y delante de su ama

805 344 607 69 con una antorcha alumbrando

807 388 484 74 bajaba Alberto tambien,

809 441 468 68 y del demonio incitado,

809 496 451 64 quiso lograr la ocasion

809 531 653 82 que el tiempo le está brindando.

812 595 410 59 Se juntaron en el pié

812 633 501 69 de la escalera, y sacando

813 690 526 57 un puñal, le dió la muerte

812 739 514 65 al paje que va nombrado;

813 788 481 67 quedó la señora inmóvil

821 839 499 51 viendo tan noble estrago,

816 883 519 59 al tiempo que el caballero

818 927 456 73 ya subia á su descanso.

816 971 624 82 ¿Qué es esto, dice, qué es esto?

821 1025 496 68 y el traidor, disimulando,

818 1072 495 71 ha dicho: aqueste traidor

819 1127 459 61 en este sitio ha violado

819 1171 526 67 tu honor, y yo soy testigo;

826 1226 521 63 y así he querido vengarlo.

824 1270 505 57 La noble señora, entonces

819 1318 523 57 aumentando el sobresalto,

821 1364 327 64 amortecida cayó

824 1413 526 66 á los piés de este malvado.

825 1463 434 63 Entonces el caballero,

824 1513 429 67 afligido y angustiado,

824 1561 507 60 lloraba su infausta suerte

826 1605 505 70 por el hecho confirmado.

828 1656 454 73 ¡Ay, Margarita! la dice,

825 1704 532 69 cómo lo que estoy mirando

826 1754 532 67 con tanta evidencia, juzgo

831 1800 570 63 que no es capaz de tu estado.

831 1849 621 64 Si en tí no hay culpa, desdicen

831 1903 451 57 los efectos inhumanos;

831 1948 453 64 pero no tiene remedio,

829 1999 483 61 el Cielo te dé sa amparo.

832 2044 428 63 Dejóla, y al retirarse,

831 2101 482 59 el corazon quebrantado,

837 2149 539 56 le ofrece el amor disculpas,

835 2187 509 63 que no admite el honrado.

840 2233 643 62 Vuelta su esposa en su acuerdo,

835 2287 455 61 su pena va duplicando,

840 2332 648 73 viendo que en su esposo obraban

837 2386 451 72 los efectos del agravio.
