<?xml version="1.0" encoding="UTF-8"?>
<alto xmlns:xsi="http://www.w3.org/2001/XMLSchema-instance"
      xmlns="http://www.loc.gov/standards/alto/ns-v4#"
      xsi:schemaLocation="http://www.loc.gov/standards/alto/ns-v4# http://www.loc.gov/standards/alto/v4/alto-4-2.xsd">
  <Description>
    <MeasurementUnit>pixel</MeasurementUnit>
    <sourceImageInformation>
      <fileName>Varios_296_4.jpg</fileName>
      
    </sourceImageInformation>
  </Description>
  
  <Tags>
    <OtherTag ID="BT221" LABEL="CustomZone:impresorNum" DESCRIPTION="block type CustomZone:impresorNum"/><OtherTag ID="BT222" LABEL="CustomZone:numero_pliego" DESCRIPTION="block type CustomZone:numero_pliego"/><OtherTag ID="BT223" LABEL="CustomZone:title" DESCRIPTION="block type CustomZone:title"/><OtherTag ID="BT224" LABEL="GraphicZone:illustration" DESCRIPTION="block type GraphicZone:illustration"/><OtherTag ID="BT225" LABEL="GraphicZone:ornamentation" DESCRIPTION="block type GraphicZone:ornamentation"/><OtherTag ID="BT226" LABEL="MainZone" DESCRIPTION="block type MainZone"/><OtherTag ID="BT227" LABEL="MainZone:columns" DESCRIPTION="block type MainZone:columns"/><OtherTag ID="BT228" LABEL="MarginTextZone:colophon" DESCRIPTION="block type MarginTextZone:colophon"/><OtherTag ID="BT229" LABEL="MarginTextZone:note" DESCRIPTION="block type MarginTextZone:note"/><OtherTag ID="BT230" LABEL="MusicZone" DESCRIPTION="block type MusicZone"/><OtherTag ID="BT231" LABEL="NumberingZone:page" DESCRIPTION="block type NumberingZone:page"/><OtherTag ID="BT232" LABEL="QuireMarksZone:catchwords" DESCRIPTION="block type QuireMarksZone:catchwords"/><OtherTag ID="BT233" LABEL="QuireMarksZone:signature" DESCRIPTION="block type QuireMarksZone:signature"/><OtherTag ID="BT234" LABEL="RunningTitleZone" DESCRIPTION="block type RunningTitleZone"/>
    <OtherTag ID="LT81" LABEL="CustomLine:propriedad" DESCRIPTION="line type CustomLine:propriedad"/><OtherTag ID="LT82" LABEL="CustomLine:trailer" DESCRIPTION="line type CustomLine:trailer"/><OtherTag ID="LT83" LABEL="DefaultLine" DESCRIPTION="line type DefaultLine"/><OtherTag ID="LT84" LABEL="HeadingLine" DESCRIPTION="line type HeadingLine"/>
  </Tags>
  
  <Layout>
    <Page WIDTH="1860"
          HEIGHT="2629"
          PHYSICAL_IMG_NR="227"
          ID="eSc_dummypage_">
      <PrintSpace HPOS="0"
                  VPOS="0"
                  WIDTH="1860"
                  HEIGHT="2629">
        
        <TextBlock HPOS="236.0"
                   VPOS="156.0"
                   WIDTH="84.0"
                   HEIGHT="73.0"
                   ID="eSc_textblock_7acff56c"
                   TAGREFS="BT231">
          <Shape><Polygon POINTS="236 156 236 229 320 229 320 156"/></Shape>
          
          
          <TextLine ID="eSc_line_466f07a2"
                    TAGREFS="LT83"
                    BASELINE="244 208 311 207" 
                    HPOS="243.0"
                    VPOS="157.0"
                    WIDTH="66.0"
                    HEIGHT="88.0">
            <Shape><Polygon POINTS="243 230 269 245 271 245 274 245 276 245 309 232 309 205 307 157 243 157 243 205"/></Shape>
	    <String CONTENT="64"
                    HPOS="243.0"
                    VPOS="157.0"
                    WIDTH="66.0"
                    HEIGHT="88.0"></String>
          </TextLine>

          
        </TextBlock>
        
        <TextBlock HPOS="654.0"
                   VPOS="228.0"
                   WIDTH="678.0"
                   HEIGHT="150.0"
                   ID="eSc_textblock_651f828d"
                   TAGREFS="BT223">
          <Shape><Polygon POINTS="654 228 658 378 1332 378 1332 228"/></Shape>
          
          
          <TextLine ID="eSc_line_59d5d400"
                    TAGREFS="LT84"
                    BASELINE="736 339 827 353 1305 350" 
                    HPOS="732.0"
                    VPOS="256.0"
                    WIDTH="570.0"
                    HEIGHT="120.0">
            <Shape><Polygon POINTS="734 337 734 363 818 363 820 365 831 374 831 376 833 376 835 376 837 376 840 376 877 365 879 365 886 365 956 374 958 374 960 374 962 374 971 365 976 363 989 365 1028 376 1030 376 1033 376 1300 368 1302 348 1298 262 1230 256 1228 256 1188 262 1153 271 1142 265 1133 256 1131 256 1129 256 1127 256 923 267 905 256 903 256 901 256 899 256 897 256 866 269 824 256 822 256 820 256 818 256 815 256 815 258 802 271 732 271 734 337"/></Shape>
	    <String CONTENT="51 LA SONRISA."
                    HPOS="732.0"
                    VPOS="256.0"
                    WIDTH="570.0"
                    HEIGHT="120.0"></String>
          </TextLine>

          
        </TextBlock>
        
        <TextBlock HPOS="439.0"
                   VPOS="395.0"
                   WIDTH="928.0"
                   HEIGHT="872.0"
                   ID="eSc_textblock_abfada3a"
                   TAGREFS="BT226">
          <Shape><Polygon POINTS="439 1267 439 399 1367 395 1367 1049 1230 1049 1230 1151 1227 1151 1227 1267"/></Shape>
          
          
          <TextLine ID="eSc_line_4a059fb5"
                    TAGREFS="LT83"
                    BASELINE="511 455 1335 460" 
                    HPOS="506.0"
                    VPOS="396.0"
                    WIDTH="827.0"
                    HEIGHT="75.0">
            <Shape><Polygon POINTS="881 396 879 396 877 396 824 409 813 400 813 398 811 398 809 398 807 398 633 409 618 409 611 409 548 396 546 396 543 396 508 407 508 453 506 471 1331 471 1333 457 1331 414 1272 414 1272 411 1259 400 1259 398 1256 398 1254 398 1252 398 1151 411 1149 411 1136 400 1136 398 1133 398 1131 398 1015 398 1013 398 932 411 923 411 919 411 883 396 881 396"/></Shape>
	    <String CONTENT="¡Cuánto de abril la noche es seductora"
                    HPOS="506.0"
                    VPOS="396.0"
                    WIDTH="827.0"
                    HEIGHT="75.0"></String>
          </TextLine>

          
          
          <TextLine ID="eSc_line_d99c30fc"
                    TAGREFS="LT83"
                    BASELINE="456 508 1077 517" 
                    HPOS="451.0"
                    VPOS="453.0"
                    WIDTH="625.0"
                    HEIGHT="79.0">
            <Shape><Polygon POINTS="607 455 605 455 585 455 508 464 454 453 454 506 451 525 1072 532 1076 514 1076 473 754 457 752 457 712 460 640 466 616 457 609 455 607 455"/></Shape>
	    <String CONTENT="Si camina Diana lentamente,"
                    HPOS="451.0"
                    VPOS="453.0"
                    WIDTH="625.0"
                    HEIGHT="79.0"></String>
          </TextLine>

          
          
          <TextLine ID="eSc_line_87333baa"
                    TAGREFS="LT83"
                    BASELINE="460 571 1195 578" 
                    HPOS="458.0"
                    VPOS="517.0"
                    WIDTH="737.0"
                    HEIGHT="81.0">
            <Shape><Polygon POINTS="460 552 460 571 458 587 936 587 945 587 1013 598 1015 598 1193 587 1195 578 1193 534 1120 521 1118 521 811 530 800 521 800 519 798 519 796 519 794 519 708 530 706 530 704 530 649 517 647 517 644 517 471 527 460 552"/></Shape>
	    <String CONTENT="Reflejando su disco en la corriente"
                    HPOS="458.0"
                    VPOS="517.0"
                    WIDTH="737.0"
                    HEIGHT="81.0"></String>
          </TextLine>

          
          
          <TextLine ID="eSc_line_a4eef602"
                    TAGREFS="LT83"
                    BASELINE="460 635 1355 639" 
                    HPOS="458.0"
                    VPOS="573.0"
                    WIDTH="897.0"
                    HEIGHT="90.0">
            <Shape><Polygon POINTS="1184 578 1166 578 1153 587 1151 587 1081 578 1074 578 1052 578 1050 578 1022 587 1019 587 1017 587 995 578 987 578 978 578 960 587 958 587 956 587 932 576 929 576 927 576 925 576 923 576 908 587 905 587 888 576 877 576 870 576 851 584 756 576 745 576 723 576 710 573 460 582 460 635 458 648 471 657 473 657 475 657 478 657 554 648 719 659 721 659 866 648 905 661 908 661 910 661 912 661 958 650 989 661 991 661 993 663 1153 663 1153 661 1155 661 1182 650 1193 661 1195 661 1197 661 1199 663 1294 663 1294 661 1353 648 1355 639 1355 589 1311 576 1309 576 1307 576 1212 587 1184 576 1184 578"/></Shape>
	    <String CONTENT="Que humilde baña el pié al pensil de Flora!"
                    HPOS="458.0"
                    VPOS="573.0"
                    WIDTH="897.0"
                    HEIGHT="90.0"></String>
          </TextLine>

          
          
          <TextLine ID="eSc_line_e4aa5a93"
                    TAGREFS="LT83"
                    BASELINE="511 692 1294 698" 
                    HPOS="508.0"
                    VPOS="641.0"
                    WIDTH="786.0"
                    HEIGHT="75.0">
            <Shape><Polygon POINTS="1278 674 1256 676 1234 679 1212 679 1191 681 1169 683 1147 683 1125 685 1103 687 1081 687 1059 690 1037 690 1015 681 993 674 969 694 947 694 925 694 903 694 881 694 866 650 862 648 862 646 859 646 857 646 855 646 853 646 840 652 820 663 791 650 774 644 772 644 769 644 741 648 721 652 511 641 511 692 508 709 1289 716 1294 698 1289 674 1278 674"/></Shape>
	    <String CONTENT="Bella es la rosa al despuntar la aurora"
                    HPOS="508.0"
                    VPOS="641.0"
                    WIDTH="786.0"
                    HEIGHT="75.0"></String>
          </TextLine>

          
          
          <TextLine ID="eSc_line_ed7f2d3f"
                    TAGREFS="LT83"
                    BASELINE="460 751 1125 755" 
                    HPOS="458.0"
                    VPOS="698.0"
                    WIDTH="667.0"
                    HEIGHT="79.0">
            <Shape><Polygon POINTS="853 751 833 744 811 744 789 744 767 744 745 744 723 744 699 751 679 749 658 749 636 747 614 744 596 705 594 703 590 701 590 698 587 698 585 698 583 698 460 698 460 751 458 764 1120 777 1125 755 1123 716 940 701 938 701 936 701 934 701 934 703 925 709 919 716 901 709 877 703 875 703 872 703 853 751"/></Shape>
	    <String CONTENT="Del céfiro mecida blandamente;"
                    HPOS="458.0"
                    VPOS="698.0"
                    WIDTH="667.0"
                    HEIGHT="79.0"></String>
          </TextLine>

          
          
          <TextLine ID="eSc_line_a83b1686"
                    TAGREFS="LT83"
                    BASELINE="462 814 1138 814" 
                    HPOS="462.0"
                    VPOS="775.0"
                    WIDTH="676.0"
                    HEIGHT="64.0">
            <Shape><Polygon POINTS="1120 806 1098 812 1076 797 1055 797 1033 797 1011 797 989 797 967 797 945 797 923 797 901 797 879 797 857 797 835 797 813 797 791 797 769 797 747 797 726 797 704 797 682 797 660 797 638 797 616 797 594 797 572 801 561 782 554 775 552 775 550 775 462 775 462 814 462 828 1136 839 1138 814 1136 799 1120 806"/></Shape>
	    <String CONTENT="Y del sol bella es la luz fulgente"
                    HPOS="462.0"
                    VPOS="775.0"
                    WIDTH="676.0"
                    HEIGHT="64.0"></String>
          </TextLine>

          
          
          <TextLine ID="eSc_line_a78496e2"
                    TAGREFS="LT83"
                    BASELINE="460 874 1289 878" 
                    HPOS="458.0"
                    VPOS="817.0"
                    WIDTH="831.0"
                    HEIGHT="76.0">
            <Shape><Polygon POINTS="1250 847 1228 854 1206 871 1186 834 1166 836 1125 830 1118 830 1096 830 1074 830 1057 819 1050 819 1048 819 1046 819 1044 819 1044 821 1035 828 1033 832 927 832 912 828 886 819 883 819 881 819 879 819 877 819 864 828 855 832 848 828 829 817 826 817 824 817 776 828 774 828 769 828 734 817 732 817 730 817 673 828 666 828 660 828 611 817 592 832 570 836 548 841 526 845 504 871 482 860 467 828 460 828 460 874 458 889 1285 893 1289 878 1285 830 1252 830 1250 847"/></Shape>
	    <String CONTENT="Que la alta cumbre de los montes dora."
                    HPOS="458.0"
                    VPOS="817.0"
                    WIDTH="831.0"
                    HEIGHT="76.0"></String>
          </TextLine>

          
          
          <TextLine ID="eSc_line_36017434"
                    TAGREFS="LT83"
                    BASELINE="502 928 1287 939" 
                    HPOS="500.0"
                    VPOS="878.0"
                    WIDTH="787.0"
                    HEIGHT="85.0">
            <Shape><Polygon POINTS="1248 926 1223 935 1204 904 1182 900 1169 887 1158 885 1155 885 1153 885 1151 885 1105 896 1063 882 1061 882 1059 882 1057 882 1011 896 1002 898 989 896 923 880 921 880 919 880 872 891 857 896 835 891 811 885 809 885 807 885 804 885 794 889 785 893 778 889 765 878 763 878 761 878 684 878 682 878 679 878 677 878 677 880 671 887 664 891 655 885 644 878 642 878 640 878 638 878 636 878 620 885 605 891 515 882 502 896 502 928 500 944 530 955 532 955 535 955 605 946 607 946 1283 963 1287 939 1261 926 1248 926"/></Shape>
	    <String CONTENT="Grato escuchar entre la selva umbría"
                    HPOS="500.0"
                    VPOS="878.0"
                    WIDTH="787.0"
                    HEIGHT="85.0"></String>
          </TextLine>

          
          
          <TextLine ID="eSc_line_251fa998"
                    TAGREFS="LT83"
                    BASELINE="464 992 1344 999" 
                    HPOS="462.0"
                    VPOS="937.0"
                    WIDTH="882.0"
                    HEIGHT="92.0">
            <Shape><Polygon POINTS="1252 994 1234 953 1234 955 1226 955 1223 955 1199 942 1197 942 1195 942 1193 942 1162 953 1147 942 1144 942 1142 942 1004 939 1002 939 1000 939 997 939 980 953 980 955 870 955 870 953 853 942 851 942 848 942 846 942 844 942 842 942 826 953 787 939 785 939 783 939 780 939 778 939 765 953 743 937 741 937 739 937 736 937 734 937 732 937 717 950 662 937 660 937 658 937 541 950 524 937 522 937 519 937 517 937 515 937 513 937 502 942 486 988 471 979 464 992 462 1009 568 1007 576 1014 583 1020 585 1020 587 1020 590 1020 592 1020 607 1016 631 1007 647 1016 653 1020 655 1020 658 1020 660 1020 684 1016 715 1012 736 1018 754 1023 756 1023 758 1023 802 1018 892 1009 916 1020 925 1025 927 1025 929 1025 932 1025 934 1025 938 1020 958 1009 1026 1023 1052 1027 1055 1027 1057 1027 1059 1027 1063 1023 1079 1012 1114 1023 1116 1023 1118 1023 1197 1012 1223 1027 1226 1027 1228 1027 1230 1029 1342 1029 1344 999 1344 955 1311 942 1309 942 1307 942 1272 946 1252 994"/></Shape>
	    <String CONTENT="Del ramaje el chocar que impele el viento;"
                    HPOS="462.0"
                    VPOS="937.0"
                    WIDTH="882.0"
                    HEIGHT="92.0"></String>
          </TextLine>

          
          
          <TextLine ID="eSc_line_265be063"
                    TAGREFS="LT83"
                    BASELINE="464 1053 1090 1053" 
                    HPOS="464.0"
                    VPOS="999.0"
                    WIDTH="626.0"
                    HEIGHT="78.0">
            <Shape><Polygon POINTS="508 1036 486 1049 464 1016 464 1016 464 1053 464 1077 1090 1077 1090 1053 1090 1016 945 999 943 999 940 999 938 999 916 1014 881 999 879 999 877 999 875 999 835 1014 789 999 787 999 785 999 783 999 739 1014 695 999 693 999 690 999 587 1014 541 999 539 999 537 999 535 999 532 999 524 1005 508 1036"/></Shape>
	    <String CONTENT="Dé las aves la célica armonía;"
                    HPOS="464.0"
                    VPOS="999.0"
                    WIDTH="626.0"
                    HEIGHT="78.0"></String>
          </TextLine>

          
          
          <TextLine ID="eSc_line_5cd34d7e"
                    TAGREFS="LT83"
                    BASELINE="471 1110 1127 1117" 
                    HPOS="469.0"
                    VPOS="1077.0"
                    WIDTH="658.0"
                    HEIGHT="68.0">
            <Shape><Polygon POINTS="1120 1086 978 1077 976 1084 954 1084 932 1086 910 1086 888 1086 866 1088 844 1088 822 1088 800 1091 778 1091 756 1093 734 1093 712 1093 690 1095 668 1095 647 1097 625 1097 603 1097 581 1099 559 1099 537 1099 515 1101 493 1108 478 1080 471 1080 471 1110 469 1134 679 1126 693 1134 701 1141 704 1141 706 1141 708 1143 831 1143 831 1141 833 1141 855 1132 866 1128 877 1132 905 1143 908 1143 910 1145 965 1145 965 1143 967 1143 969 1143 969 1141 980 1130 982 1130 989 1130 1081 1143 1083 1143 1085 1143 1125 1128 1127 1117 1125 1112 1120 1086"/></Shape>
	    <String CONTENT="Del huracan el hálito violento..."
                    HPOS="469.0"
                    VPOS="1077.0"
                    WIDTH="658.0"
                    HEIGHT="68.0"></String>
          </TextLine>

          
          
          <TextLine ID="eSc_line_1ed3092f"
                    TAGREFS="LT83"
                    BASELINE="508 1172 1180 1176" 
                    HPOS="506.0"
                    VPOS="1119.0"
                    WIDTH="674.0"
                    HEIGHT="72.0">
            <Shape><Polygon POINTS="1101 1152 1087 1132 984 1121 982 1121 980 1121 978 1121 962 1134 914 1123 912 1123 910 1123 868 1134 864 1134 857 1134 800 1119 798 1119 796 1119 794 1119 747 1132 695 1119 693 1119 690 1119 543 1128 530 1161 513 1130 508 1130 508 1172 506 1191 1177 1191 1180 1176 1180 1137 1149 1121 1147 1121 1144 1121 1142 1121 1116 1128 1101 1152"/></Shape>
	    <String CONTENT="Mas á mi corazon, tierna BELISA,"
                    HPOS="506.0"
                    VPOS="1119.0"
                    WIDTH="674.0"
                    HEIGHT="72.0"></String>
          </TextLine>

          
          
          <TextLine ID="eSc_line_6a5107f0"
                    TAGREFS="LT83"
                    BASELINE="489 1233 1186 1237" 
                    HPOS="486.0"
                    VPOS="1183.0"
                    WIDTH="700.0"
                    HEIGHT="124.0">
            <Shape><Polygon POINTS="1081 1207 1070 1191 919 1187 916 1187 914 1187 905 1189 870 1200 835 1189 824 1185 822 1185 820 1185 818 1185 815 1185 815 1187 813 1187 811 1187 796 1229 774 1233 752 1226 730 1222 708 1220 686 1215 664 1213 642 1209 620 1207 598 1202 587 1200 546 1200 511 1189 511 1189 508 1187 491 1183 489 1233 486 1290 686 1305 688 1305 690 1305 693 1305 719 1286 745 1268 818 1281 820 1281 943 1270 967 1281 1022 1307 1024 1307 1026 1307 1116 1290 1118 1290 1120 1290 1120 1288 1131 1279 1140 1270 1182 1277 1186 1237 1186 1196 1094 1191 1081 1207"/></Shape>
	    <String CONTENT="Mas grata le es tu angélica SONRISA."
                    HPOS="486.0"
                    VPOS="1183.0"
                    WIDTH="700.0"
                    HEIGHT="124.0"></String>
          </TextLine>

          
        </TextBlock>
        
        <TextBlock HPOS="1302.0"
                   VPOS="1219.0"
                   WIDTH="391.0"
                   HEIGHT="114.0"
                   ID="eSc_textblock_b3818e7b"
                   TAGREFS="BT226">
          <Shape><Polygon POINTS="1693 1333 1302 1333 1302 1219 1367 1219 1367 1240 1693 1240"/></Shape>
          
          
          <TextLine ID="eSc_line_d9537b3d"
                    TAGREFS="LT81"
                    BASELINE="1318 1303 1588 1303" 
                    HPOS="1316.0"
                    VPOS="1224.0"
                    WIDTH="269.0"
                    HEIGHT="134.0">
            <Shape><Polygon POINTS="1316 1340 1368 1334 1375 1340 1390 1353 1390 1356 1392 1356 1395 1356 1397 1356 1399 1356 1421 1345 1484 1358 1487 1358 1489 1358 1585 1332 1585 1301 1585 1244 1473 1224 1471 1224 1469 1224 1438 1237 1410 1229 1408 1229 1405 1229 1316 1242 1316 1301"/></Shape>
	    <String CONTENT="—J. A. C.—"
                    HPOS="1316.0"
                    VPOS="1224.0"
                    WIDTH="269.0"
                    HEIGHT="134.0"></String>
          </TextLine>

          
        </TextBlock>
        
        <TextBlock HPOS="1286.0"
                   VPOS="1839.0"
                   WIDTH="298.0"
                   HEIGHT="86.0"
                   ID="eSc_textblock_5b1a3642"
                   TAGREFS="BT226">
          <Shape><Polygon POINTS="1286 1839 1286 1925 1584 1925 1584 1839"/></Shape>
          
          
          <TextLine ID="eSc_line_3f1da2e3"
                    TAGREFS="LT81"
                    BASELINE="1312 1882 1575 1888" 
                    HPOS="1309.0"
                    VPOS="1792.0"
                    WIDTH="265.0"
                    HEIGHT="142.0">
            <Shape><Polygon POINTS="1309 1927 1423 1912 1441 1927 1441 1930 1443 1930 1445 1930 1447 1930 1449 1930 1491 1914 1524 1932 1528 1934 1530 1934 1533 1934 1572 1932 1574 1886 1572 1800 1476 1809 1471 1807 1447 1792 1445 1792 1443 1792 1441 1792 1438 1792 1436 1792 1436 1794 1419 1809 1311 1818 1311 1881"/></Shape>
	    <String CONTENT="(Es propiedad.)"
                    HPOS="1309.0"
                    VPOS="1792.0"
                    WIDTH="265.0"
                    HEIGHT="142.0"></String>
          </TextLine>

          
        </TextBlock>
        
        <TextBlock HPOS="322.0"
                   VPOS="2193.0"
                   WIDTH="1502.0"
                   HEIGHT="86.0"
                   ID="eSc_textblock_4b476877"
                   TAGREFS="BT228">
          <Shape><Polygon POINTS="322 2193 322 2279 1824 2279 1824 2193"/></Shape>
          
          
          <TextLine ID="eSc_line_caaf4d8e"
                    TAGREFS="LT83"
                    BASELINE="341 2236 1814 2254" 
                    HPOS="337.0"
                    VPOS="2157.0"
                    WIDTH="1476.0"
                    HEIGHT="132.0">
            <Shape><Polygon POINTS="339 2234 337 2249 403 2265 405 2265 600 2256 640 2276 642 2276 644 2276 697 2267 732 2278 734 2278 736 2280 844 2280 844 2278 846 2278 848 2278 872 2258 1074 2258 1116 2280 1118 2280 1120 2280 1123 2280 1125 2280 1155 2263 1206 2263 1256 2285 1259 2285 1261 2287 1353 2287 1353 2285 1355 2285 1357 2285 1375 2269 1392 2282 1392 2285 1395 2285 1397 2285 1680 2289 1682 2289 1811 2267 1813 2252 1809 2164 1774 2175 1699 2164 1684 2164 1682 2164 1680 2164 1677 2164 1677 2166 1656 2177 1515 2177 1489 2168 1458 2160 1456 2160 1454 2160 1373 2171 1344 2173 1329 2171 1272 2157 1269 2157 1182 2173 1177 2173 1155 2160 1153 2160 1151 2160 1149 2160 1147 2160 1144 2160 1125 2173 1109 2184 1087 2175 1083 2173 1081 2173 1079 2173 1076 2173 1074 2173 1074 2175 1055 2193 1008 2175 1002 2173 1000 2173 997 2173 995 2173 989 2175 954 2195 905 2195 866 2182 864 2182 862 2182 541 2188 535 2182 513 2162 513 2160 511 2160 508 2160 451 2157 449 2157 447 2157 445 2157 405 2184 401 2186 339 2186 339 2234"/></Shape>
	    <String CONTENT="Se halla de venta en casa Antonio Bosch, calle del Bou de la plaza Nueva, n.° 3."
                    HPOS="337.0"
                    VPOS="2157.0"
                    WIDTH="1476.0"
                    HEIGHT="132.0"></String>
          </TextLine>

          
        </TextBlock>
        
        <TextBlock HPOS="308.0"
                   VPOS="2450.0"
                   WIDTH="1382.0"
                   HEIGHT="113.0"
                   ID="eSc_textblock_b94ed082"
                   TAGREFS="BT228">
          <Shape><Polygon POINTS="308 2450 308 2563 1690 2563 1690 2450"/></Shape>
          
          
          <TextLine ID="eSc_line_e7a77082"
                    TAGREFS="LT83"
                    BASELINE="348 2506 1667 2512" 
                    HPOS="344.0"
                    VPOS="2416.0"
                    WIDTH="1322.0"
                    HEIGHT="149.0">
            <Shape><Polygon POINTS="346 2504 344 2558 524 2558 524 2556 526 2556 528 2556 528 2554 554 2530 666 2530 726 2558 728 2558 730 2561 772 2561 772 2558 774 2558 776 2558 809 2532 883 2539 899 2554 899 2556 901 2556 903 2556 905 2558 951 2558 951 2556 954 2556 956 2556 956 2554 967 2545 987 2556 989 2556 991 2556 993 2556 995 2556 997 2556 1022 2539 1041 2554 1044 2554 1046 2554 1048 2554 1050 2554 1079 2541 1131 2556 1133 2556 1136 2556 1138 2556 1206 2539 1230 2556 1232 2556 1234 2556 1237 2556 1239 2556 1280 2534 1322 2556 1324 2556 1327 2556 1329 2556 1401 2534 1484 2556 1487 2556 1489 2556 1491 2556 1493 2556 1522 2534 1583 2534 1625 2563 1627 2563 1629 2563 1631 2565 1664 2565 1666 2510 1666 2444 1642 2434 1640 2434 1638 2434 1487 2442 1438 2444 1434 2440 1425 2434 1425 2431 1423 2431 1421 2431 1309 2423 1307 2423 1305 2423 1265 2438 1243 2444 1232 2436 1223 2429 1221 2429 1219 2429 1217 2429 1215 2429 1195 2436 1175 2442 1160 2434 1144 2427 1142 2427 1140 2427 1109 2434 1068 2442 1055 2431 1048 2427 1048 2425 1046 2425 1044 2425 1041 2425 1004 2431 943 2442 930 2429 921 2423 921 2420 919 2420 916 2420 914 2420 912 2420 910 2420 899 2429 877 2442 837 2431 835 2431 833 2431 831 2431 787 2442 730 2442 712 2425 708 2420 708 2418 706 2418 704 2418 701 2418 699 2418 688 2423 655 2440 563 2420 550 2418 548 2418 546 2418 543 2418 543 2420 522 2442 489 2442 443 2418 440 2418 346 2416 346 2504"/></Shape>
	    <String CONTENT="Imprenta de Narciso Ramirez, calle de Escudillers, núm. 10, piso principal.—1862."
                    HPOS="344.0"
                    VPOS="2416.0"
                    WIDTH="1322.0"
                    HEIGHT="149.0"></String>
          </TextLine>

          
        </TextBlock>
        
        <TextBlock HPOS="482.0"
                   VPOS="1112.0"
                   WIDTH="59.0"
                   HEIGHT="7.0"
                   ID="eSc_textblock_e57a7983"
                   TAGREFS="BT226">
          <Shape><Polygon POINTS="541 1112 541 1119 482 1119 482 1112"/></Shape>
          
        </TextBlock>
        
        <TextBlock HPOS="482.0"
                   VPOS="1051.0"
                   WIDTH="24.0"
                   HEIGHT="7.0"
                   ID="eSc_textblock_53123c07"
                   TAGREFS="BT226">
          <Shape><Polygon POINTS="506 1051 506 1058 482 1058 482 1051"/></Shape>
          
        </TextBlock>
        

        
      </PrintSpace>
    </Page>
  </Layout>
</alto>
