1860 2629
650.0 1386.0 270.0 24.0 CANCION

350.0 1437.0 912.0 144.0 DEL PAJARITO.

106.0 1590.0 1404.0 102.0 Compuesta de una carta discreta y amorosa que dirige un galan á su

249.0 1667.0 1112.0 94.0 querida y la contestacion de ella despreciando su falso amor .

141.0 1781.0 358.0 51.0 Pajarito que volando

109.0 1819.0 364.0 51.0 surcas el viento ligero,

109.0 1862.0 411.0 49.0 aquí te estoy aguardando,

109.0 1895.0 441.0 47.0 que has de ser el mensajero

109.0 1923.0 475.0 61.0 de un alma que está penando.

147.0 1965.0 368.0 50.0 Este papel con cuidado

115.0 1995.0 365.0 57.0 has de llevar en el pico

116.0 2038.0 348.0 49.0 á mi dueño idolatrado,

118.0 2071.0 397.0 52.0 y advierte que te suplico

115.0 2110.0 327.0 44.0 se lo des disimulado.

149.0 2136.0 406.0 53.0 No te has de sobresaltar,

116.0 2183.0 339.0 42.0 sino con tu discrecion

116.0 2218.0 317.0 41.0 trátala de suavizar,

116.0 2244.0 351.0 60.0 dila que de mi pasion

118.0 2287.0 349.0 52.0 jamás llegue á dudar.

153.0 2314.0 413.0 57.0 Si la encontrares dormida

119.0 2355.0 430.0 54.0 no la interrumpas el sueño

119.0 2386.0 453.0 56.0 que aunque de dolor rendida

121.0 2424.0 409.0 53.0 es siempre el único dueño

121.0 2465.0 400.0 52.0 de mi alma y de mi vida.

156.0 2497.0 391.0 69.0 Llega rendido á sus piés,

863.0 1773.0 416.0 48.0 háblala con mucho tiento,

866.0 1809.0 340.0 53.0 y con tu vista cortés,

863.0 1847.0 392.0 42.0 observa los movimientos

862.0 1881.0 360.0 54.0 para que aviso me dés.

895.0 1907.0 441.0 58.0 Si pone alegre el semblante

863.0 1955.0 405.0 44.0 cuando le digas mi amor,

866.0 1984.0 397.0 57.0 vete volando al instante,

866.0 2021.0 399.0 50.0 no aguardas á mas favor,

864.0 2057.0 459.0 50.0 que esto para mí es bastante.

900.0 2091.0 431.0 57.0 Si demuestra algun enfado;

866.0 2132.0 332.0 44.0 ó la vieres desdeñosa,

869.0 2155.0 546.0 60.0 ¿ por qué he de ser yo el culpado ?

867.0 2198.0 471.0 52.0 ¿ por qué ha de estar rigurosa

866.0 2234.0 481.0 60.0 con quien motivo no ha dado ?

900.0 2272.0 379.0 50.0 Pero no, no se lo digas ;

866.0 2309.0 438.0 51.0 dila que de su mano espero,

867.0 2350.0 350.0 42.0 dila que tengo fatigas,

869.0 2377.0 387.0 48.0 en fin dila que la quiero

875.0 2420.0 385.0 49.0 y si es su gusto prosigas.

905.0 2446.0 411.0 57.0 Si muestra su indignacion

872.0 2491.0 364.0 63.0 porque con otra deidad
