2005 2624
382 255 536 68 Mas sossegada su pena,

328 291 635 89 que el tiempo todo lo acaba.

325 344 503 75 al jardin por divertirse,

322 402 491 68 salió como lo estilava.

370 443 534 80 Una tarde, ya tan tarde,

314 498 584 74 que la noche se explicava,

313 546 572 72 y el Sol en otro Emisferio

310 597 551 67 por entonces alumbrava,

355 648 575 73 Dando luz à otras Esferas;

307 693 532 75 y no con pequeña causa

307 743 594 82 pues temió que en el jardin

306 793 545 80 Doña Inés predominava.

358 842 585 80 Y discurriendo sus quadros

300 892 595 81 hermosas flores, y plantas,

300 946 636 70 llegó à dar vista á una fuente

297 994 531 74 de una fabrica tan rara,

344 1045 568 81 Que era taza de Alabastro

291 1093 506 77 con una taza de Plata,

288 1145 514 72 y al Espejo de sus ojos

293 1196 595 75 vió reclinando à las aguas,

344 1244 635 81 Que con los frigidos cristales

287 1290 449 74 al Espejo se mirava,

285 1344 623 78 llegó el Principe à la fuente

284 1395 684 87 porque el fuego busca el agua.

339 1444 538 77 Y al ver los ojos de Inés,

282 1494 536 76 quedó su vista abrasada,

284 1546 471 72 y à su cariñoso estilo

278 1596 567 68 bolvió Doña Inés la cara.

326 1642 585 82 Quedóse el Principe elado,

275 1696 563 75 y Doña Inés quedó elada,

272 1744 531 82 el muy fino enamorado,

271 1793 494 67 y ella fina enamorada.

314 1845 536 69 Se bebieron los alientos

263 1890 610 75 por los ojos, hasta el alma,

263 1941 549 76 el fuego venció la nieve,

262 1997 542 67 y derritiendose la causa,

307 2043 581 80 Que aprisionava la lengua

256 2091 567 76 rendido el Principe habla,

255 2142 551 73 palabra le dió de Esposo,

253 2195 509 70 prometiendo coronarla

303 2240 528 79 Por Reyna de Portugal,

252 2294 593 71 y Emperatriz de su Casa,

247 2351 591 86 y à tan heroycas promesas,

1106 278 487 66 Inés le recompensava.

1137 313 593 87 Con justo agradecimiento,

1103 371 563 67 y el candido jazmin saca:

1099 418 537 74 dióle la mano de Esposa

1095 467 625 81 y en fe de mano, y palabra.

1140 518 497 69 Se casaron en secreto

1089 564 567 80 con union tan voluntaria,

1057 619 611 73 que cumplieron el Adagio

1087 663 696 87 de ser dos cuerpos, y una alma.

1135 715 560 82 Y temiendo que su padre,

1083 768 535 76 esta union les estorvara,

1081 817 517 73 para que mas ocultasse

1080 865 532 75 del Real Palacio la saca.

1122 922 537 64 Aposentando su hechizo

1077 963 560 74 en una Quinta que estava

1074 1014 566 77 convecina del Mondego,

1070 1065 544 72 y su Padre que ignorava

1116 1115 597 76 Los lances que he referido,

1064 1157 541 80 trató luego con Navarra

1064 1212 494 75 atribuyendolo à dicha

1063 1266 558 64 el casarle con su Infanta.

1106 1307 610 82 Concedióle el Rey Navarro,

1061 1364 564 73 y la Infanta Doña Blanca,

1060 1414 453 65 en Lisboa amaneció

1058 1463 443 63 una infeliz mañana,

1099 1507 640 83 Llegó la nueva à Don Pedro,

1055 1567 585 70 quando con zozobra tanta,

1054 1609 481 70 fué à visitar su Padre,

1048 1654 701 72 el qual le ordena, y le manda,

1070 1709 711 84 Que pues que ha de ser su Esposa

1048 1756 481 73 visite à Doña Blanca:

1044 1807 514 70 obedecióle Don Pedro,

1042 1858 481 69 y recibiole la Infanta.

1084 1908 521 73 Con cariñosos cortejos,

1038 1956 491 70 y despues de saludarla

1036 2001 616 82 sentòse el Principe, y luego

1033 2055 560 73 le dixo aquestas palabras,

1080 2107 446 66 Ilustrissima Señora,

1029 2156 644 71 cierto me holgára en el alma

1028 2205 532 72 escusar vuestro disgusto

1028 2258 586 74 y el mio, por ser yo causa,

1070 2309 515 71 De los precisos pesares

1022 2367 584 89 en que os miro precisada;

1615 2418 98 70 mas
