1872 2621
117.0 1358.0 1534.0 157.0 LO CARRER DEL HOSPITAL DE BARCELONA

875.0 1524.0 59.0 61.0 ó

93.0 1600.0 1615.0 112.0 Relació que ha fet an Carnestoltas del bullici, impor-

155.0 1673.0 1520.0 144.0 tancia y fets notables que s' observan en eix Carrer.

155.0 1825.0 548.0 77.0 No creguias, lector amat,

102.0 1874.0 671.0 93.0 Que al parlar de aquest carrer,

107.0 1941.0 528.0 68.0 Pensia guanyar lo llorer

115.0 1981.0 562.0 83.0 Que mereix un bon lletrat.

113.0 2040.0 585.0 78.0 Puig no'm proposo res més

124.0 2090.0 607.0 89.0 Y veurem si ho puch lograr,

124.0 2147.0 577.0 76.0 Que d'ell sas glorias cantar

115.0 2212.0 514.0 72.0 Son bullici, son progrés.

170.0 2243.0 590.0 98.0 Sempre 'l carrer d' Hospital

122.0 2306.0 526.0 81.0 Ha sigut de gran renom,

137.0 2369.0 524.0 68.0 Y per totas parts, tothom

133.0 2422.0 502.0 78.0 La tingut per principal.

135.0 2463.0 607.0 107.0 En cara que no es molt dret,

976.0 1815.0 594.0 67.0 En cambi es ben empedrat,

985.0 1865.0 581.0 74.0 Y ahont está milló arreglat

982.0 1913.0 590.0 89.0 Es de cal Rius en lo indret.

982.0 1981.0 549.0 69.0 No hi ha cap altre carrer

985.0 2022.0 517.0 76.0 Dins de la ciutat condal

991.0 2072.0 614.0 92.0 Que hi passia tant animal....

991.0 2140.0 448.0 61.0 Ni tantíssim carreter.

991.0 2179.0 518.0 79.0 Axi que plou un xiquet,

991.0 2227.0 573.0 94.0 Se converteix en barranch

993.0 2282.0 664.0 96.0 Plantantshi mitx pam de fanch

1002.0 2354.0 588.0 72.0 Que's tarda molt en fer net.

998.0 2398.0 546.0 85.0 Si son clars los pantalons

1004.0 2452.0 507.0 99.0 Ab un instant son farcits,
