2148 3034
1047 160 173 55 — 5—

446 222 1356 72 ecibió con la mayor afabilidad, brindándonos á entrar en el

451 266 1339 79 templo á hacer oracion, como en efecto, por condescendencia, lo

450 321 1342 70 ejecutamos con aquella reverencia debida al religioso santuario:

450 370 1342 71 mas ¿cuál seria nuestra admiracion y sorpresa al observar alre-

440 414 1340 71 dedor de las paredes, puestos en forma natural, una porcion de

441 468 1347 69 esqueletos que manifestaban ser de grandes personajes! Por lo

443 517 1349 69 que suplicamos al ermitaño que nos acompañaba hiciese el favor

441 562 1351 75 de explicarnos la causa de permanecer allí semejantes cadáveres;

441 606 1357 74 á lo que nos contestó eran todos los reyes y príncipes que habian

441 653 1341 80 fallecido en aquel reino, que sólo allí era donde se depositaban,

441 709 1349 68 como panteon destinado al efecto. Nos instó para que entrásemos

441 756 1346 69 á descansar en el monasterio, lo que aceptamos con gusto, per-

441 804 1347 67 maneciendo allí dos dias, en los que nos obsequiaron y asistieron

443 852 1345 80 muy bien, sin permitir que á nuestra despedida se les hiciese la

443 896 629 86 menor expresion de gratitud.

959 1018 312 80 CAPITULO II.

445 1107 1343 101 Como el infante pasó á Noruega, á Babilonia y despues á la

982 1179 285 86 tierra Santa.

515 1291 1270 55 Muy complacidos nos despedimos de aquellos humildes ermi-

446 1321 1334 72 taños, quienes nos desearon un feliz viaje; é informados no distar

445 1377 1327 65 mas que seis millas de allí una poblacion, nos dirigimos á ella,

443 1424 1337 76 donde tomamos cuatro dromedarios y lo demás necesario para el

443 1474 1131 69 camino de Noruega, á donde pensaba pasar el infante.

515 1518 1260 74 Los dromedarios llevaban una especie de aguaderas anchas,

443 1564 1332 69 capaces de ir colocados en ellas á derecha é izquierda las catorce

445 1619 1327 64 personas de nuestra comitiva: en medio de las cargas se colocó

446 1667 1329 60 tambien la provision de víveres de boca para el viaje, y una gran

443 1715 1335 66 porcion de dátiles para manutencion de los dromedarios, cuyos

445 1763 1335 67 animales caminan sobre veinte y cinco leguas diarias, siendo su

445 1805 1333 71 rapidez tal cuando marchan, que es conveniente llevar los

445 1859 1333 65 oidos tapados con algodon para evitar el zumbido que hace el

446 1909 1334 63 aire con su velocidad: tambien es necesario ir bien sujetados á

448 1946 1325 80 las aguaderas para evitar una caida; pues al que, por desgracia,

448 1995 1143 73 llega á suceder esto, por milagro se libra de la muerte.

514 2042 1263 73 Ocho dias caminamos en esta conformidad, al cabo de los cuales

446 2091 1331 73 llegamos al reino de Noruega, cuyo terreno fértil abunda de

450 2144 1328 62 hermosos y frondosos árboles, que producen variedad de frutas

446 2194 1334 68 silvestres: es clima bastante sombrío y extremadamente frio á

448 2238 1329 66 causa de su situacion al Norte, y de no haber mas que seis horas

450 2285 1320 113 de dia y diez y ocho de noche: las cosechas son duplicadas al año,
