2148 3034
1139 176 184 73 — 16 —

563 288 1328 38 las artes y dirigen sus pueblos sin que hombre alguno se entro-

566 308 1327 67 meta en nada. Entramos en ésta ciudad, y pasamos á dar obe-

563 359 1328 67 diencia á la reina, la cual, así que nos vió, nos preguntó por el

573 402 1332 71 país de nuestra procedencia y á dónde caminábamos; á lo que

573 460 1328 67 respondió García Ramirez éramos vasallos del rey de Leon, y pa-

573 500 1325 74 sábamos á besar la mano al Preste Juan: á lo que replicó la rei-

571 554 1325 61 na, que si no sabíamos que en su tierra no podia penetrar hom-

571 598 1329 69 bre alguno sino en ciertos tiempos, y que el que entraba tenia

571 647 1330 65 pena de muerte; García Ruiz le dijo que nosotros ignorábamos

568 694 1333 64 aquellas leyes, pues á haberlas sabido nunca hubiéramos inten-

569 751 1331 58 tado quebrantarlas. Una de las camaristas de la reina nos infor-

566 790 1332 64 mó de todas sus costumbres, diciéndonos: sabed que entre nos-

566 837 1327 69 otras no hay hombres sino en los tres meses de Marzo, Abril y

566 886 1330 66 Mayo: en este tiempo, y no en otro, se juntan los hombres con

563 943 1337 56 nosotras para que no se acabe la generacion: pasado este tiempo

564 992 1334 64 nos separamos sin que por ningun motivo pueda quedar ningun

563 1033 1333 62 hombre entre nosotras, ni ninguna mujer irse con ellos; y si al-

563 1088 1332 56 guno ó alguna falta á esta ley, luego al momento se le da igno-

561 1127 1337 71 miniosa muerte. Al tiempo de retirarse los hombres, dejan cada

561 1186 1337 57 uno su nombre por escrito, como tambien el pueblo y sitio don-

558 1225 1340 71 de van á residir, recibiendo igualmente un papel de sus mujeres

563 1282 1332 54 para que se reconozcan y no haya confusion al tiempo de jun-

561 1329 1337 56 tarse. Luego que nacen las criaturas les ponemos en las espaldas

558 1378 1337 54 cinco cruces con un hierro encendido; si es varon, lo criamos tres

554 1424 1339 55 años y con los que vienen al año siguiente se le lleva su padre

558 1466 1338 66 para que lo crie y enseñe á trabajar; si es hembra, le cortamos el

554 1518 1341 63 pecho izquierdo para que pueda manejar el arco y flecha, y ésta

551 1565 1342 66 se queda entre nosotras, guardando los ritos y ceremonias ya ex-

551 1618 1335 60 presadas. Sin el auxilio de nadie defendemos nuestro territorio,

551 1665 1333 66 teniendo arregladas nuestras tropas; peleamos con arco y flecha,

551 1714 1337 59 sin hacernos falta para esto la ayuda de los hombres; y puesto

549 1761 1342 67 que os he informado de todo, ya os podeis retirar, y agradeced

547 1808 1341 76 que atendiendo á vuestra ignorancia no manda la reina mi se-

549 1860 804 59 nora que se os castigue severamente.

608 1904 1282 69 García Ramirez, con mucha cortesía y humildad, respondió

546 1956 1342 68 que luego al punto saldríamos de aquel país, estando reconocidos

547 2007 1341 62 al favor que se dignaba dispensarnos; esperando de la mucha

547 2051 1341 71 bondad y munificencia de su majestad nos facilitara algunos

546 2100 1335 69 recursos, porque ya no teníamos para poder costear el viaje y

547 2147 1337 57 pasar adelante. La reina mandó se nos diese la suma de mil do-

546 2187 1335 80 blones de oro, y con ellos salimos de aquella tierra para la Ju-

542 2243 1341 67 dea. Anduvimos por esta provincia ocho dias, al cabo de los

541 2290 1343 68 cuales llegamos á la ciudad de Cananea, la mayor que hay en

542 2339 1339 93 toda la Judea, en la que están los descendientes de las tribus de
