2148 3034
1020 303 175 54 — 20 —

500 362 1265 64 En cada iglesia asisten de continuo cuatro sacerdotes, los que

429 419 1336 64 alternan por semanas, y para salir los cuatro tienen que quedar

433 465 1333 57 otros en su lugar. Hay otros que tienen la obligacion de exhor-

431 514 1330 64 tar á los feligreses al cumplimiento de la iglesia todos los meses,

440 564 1323 63 y el que no lo hace cae en desgracia del Preste. Ningun sacer-

429 610 1334 64 dote puede tratar en nada de comercio, ni tener labor de campo,

429 652 1336 79 ganados, camellos, elefantes, ni otras grangerías, manteniéndo-

431 707 1334 58 se solamente con los diezmos y primicias, lo que se observa con

433 756 1332 59 tanto rigor, que al que se le justifica alguna falta en estos pre-

431 800 1334 69 ceptos, al momento sale desterrado de todos aquellos dominios,

433 856 1330 62 con cuya ley viven muy conformes y sumisos á sus obligacio-

433 896 1333 66 nes, y á imitacion de ellos siguen los seglares en la parte que

429 952 1336 66 les toca respecto á lo civil, viviendo todos en tanta paz y armo-

433 1007 850 56 nía, que apenas se advierte un disgusto.

504 1039 1264 68 Pocos dias antes de venirnos mandó el Preste á dos sacerdo-

433 1092 1332 69 tes que nos mostraran el cuerpo de Santo Tomás: fuimos á la

433 1139 1333 71 iglesia donde está el santo y le vimos: está colocado en el altar

431 1196 1334 59 mayor en pie derecho, y el brazo y mano que puso sobre el cos-

431 1235 1334 67 tado de Cristo Nuestro Señor, lo tiene tan natural y fresco como

428 1286 1335 65 si lo tuviera con vida. La víspera del dia del santo le ponen en

431 1336 1327 66 la mano un sarmiento seco, el cual se reverdece al instante,

428 1382 1333 65 echa hojas y tres racimos de uvas, que al toque de oracion

428 1431 1337 69 estan en agraz y cuando amanece ya están en sazon: de ellas

428 1476 1335 67 se hace mosto, y con él celebra misa el Preste aquel dia, el del

428 1533 1335 59 Corpus y el de Nuestra Señora, á 15 de Agosto, que son las tres

431 1582 1330 58 únicas que dice en todo el año. Visto el cuerpo del santo nos vol-

436 1623 1325 77 vimos á Palacio á dar las gracias al Preste por el favor que nos

431 1670 383 79 habia dispensado.

908 1763 376 75 CAPITULO VIII.

431 1842 1335 82 Del ceremonial que se observa para elegir al Preste Juan, y de

473 1904 1292 68 cmoó el infante D. Pedro y los suyos hicieron una excursion

473 1953 1292 73 por una tierra donde los hombres tienen el acento como el la-

473 2002 423 71 drido de los perros.

497 2064 1271 76 Inmediatamente que muere el Preste, como esta dignidad no

426 2118 1342 71 es hereditaria, se reunen en la ciudad todos los obispos y abades

426 2174 1344 62 del reino, y en solemne procesion se dirigen á la iglesia del

426 2219 1342 76 apóstol Santo Tomás, en la que con muchas oraciones y plega-

426 2272 1344 62 rias ruegan al santo designe al que debe ser el Preste; á cuya

424 2322 1341 68 reverente súplica el elegido es designado con una señal particu-

426 2371 1340 67 lar y solo conocida de todos los circunstantes allí convocados. En

424 2415 1344 64 seguida todos le dan la obediencia, pasando despues el que ha

423 2469 1343 93 sido electo á besar la mano al santo, y los demas prelados se la
