2148 3034
1141 198 182 64 - 4 -

546 300 1330 50 siéndonos admirable ver que tan famosa ciudad estuviera cons-

551 326 1330 70 truida con la mayor hermosura y uniformidad sobre islotes en

551 374 1333 70 medio del mar, por cuyas calles pasa el agua, y en las cuales se

551 423 1337 77 advertian varias góndolas que servian para transitar de unos

554 470 1339 72 edificios á otros. Esta ciudad está en los dominios de Italia, á

554 525 1336 75 quien perteneció en otro tiempo; luego despues se hizo indepen-

554 566 1339 86 diente con gobierno republicano. En el dia pertenece otra vez á

558 623 448 71 los Estados de Italia.

630 655 1260 79 A los nueve dias nos volvimos á embarcar en un navío ho-

558 709 1335 76 landés que salió para Chipre, á donde llegamos sin contratiempo

558 768 1332 62 alguno que sea de contar, despues de veinte y siete dias de na-

563 807 1330 74 vegacion. Nos dirigimos á la ciudad de Necaim, córte de este

559 859 1332 79 reino, eon el objeto de tomar el pase de aquel soberano; y pues-

563 908 1335 67 tos que estuvimos á su presencia, quiso enterarse de nuestra

563 952 1330 81 procedencia y del objeto del viaje que hacíamos; á lo cual res-

563 1001 1335 82 pondió nuestro intérprete que éramos vasallos del rey de Castilla

566 1050 1334 79 y de Leon, en España, y que el objeto que nos conducía por

561 1102 1335 74 aquellos paises, no era otro que el de ver mundo: mucho se ale-

563 1154 1259 73 gró de esto el rey y nos dió pase para poder seguir adelante.

630 1195 1271 72 Habiéndonos despedido, emprendimos el camino para Turquia

563 1242 1335 76 dirigiéndonos hácia Damasco, en donde entonces residia el prin-

566 1292 1335 71 cipal soberano, señor de la media luna ó de medio mundo, al cual

564 1343 1336 71 nos presentamos con el respeto y modestia debida, haciéndole

566 1397 1335 71 presente quiénes éramos y que ibamos peregrinando ; enterado,

566 1437 1335 71 de ello mandó pagásemos el tributo impuesto á todos los que

568 1488 1335 77 pasan por sus dominios, reducido á dos escudos de oro por cada

571 1538 1329 70 uno de nosotros, cuya cantidad fué satisfecha al momento y se

568 1581 1328 75 nos dió el salvo-conducto para poder transitar sus provincias,

568 1629 1335 75 acompañados de exeas ó genízaros, con los que pasamos á la

569 1678 1336 80 gran ciudad de Troya, que fué la mas populosa del mundo y su

569 1734 1336 66 fortaleza tan inexpugnable, que sería temeridad de un ejército

569 1778 1337 74 numeroso quererla reducir por la fuerza de las armas en el espa-

571 1828 1335 74 cio de diez años de sitio. Despues de haber entrado en tan dila-

573 1870 1333 76 tada poblacion, fuimos conducidos por nuestros guías á una po-

571 1919 1337 76 sada, á cuya dueña nos entregaron por su cuenta: allí permane-

571 1968 1337 74 cimos dos dias comiendo entre otros manjares carne de drome-

573 2015 1337 76 dario, que es la que allí se consume en vez de la vaca y del car-

573 2071 1333 71 nero, hasta que avisamos á los conductores queriamos marchar:

574 2112 1336 74 éstos de nuevo se volvieron á encargar de nosotros, y salimos de

573 2159 1332 81 la ciudad con direccion á Grecia por un desierto tan áspero,

576 2206 1334 88 yermo y solitario, que en catorce jornadas que hicimos no des-

573 2262 1015 75 cubrimos el menor indicio de poblacion alguna.

647 2305 1259 81 Al dia quince de nuestra marcha hallamos un monasterio,

573 2356 1338 115 cuya comunidad era de unos buenos ermitaños; el portero nos
