2148 3034
330 320 1342 71 mi mando; si así como son de grandes fueran belicosos y guer-

332 367 1338 74 reros, pudieran conquistar el mundo; pero son tan pacíficos, que

330 419 1339 73 solo se ocupan en labranza de tierra; sus antecesores fueron los

330 465 757 67 que formaron la torre de Babilonia.

401 507 1271 69 Cuando tenemos que salir á campaña no usamos otro estan-

328 559 1344 68 darte ni bandera que la Santa Cruz. Todos los años vamos á visi-

332 606 1338 73 tar el cuerpo del profeta David; y para pasar los desiertos arena-

330 660 1340 64 les de Babilonia, vamos en castillos de madera puestos sobre ele-

327 706 1345 71 fantes, para librarnos de las muchas serpientes, dragones y otros

327 760 1342 65 animales que hay con siete cabezas, los cuales son muy voraces.

396 804 1274 69 Cuatro meses en el año vivimos con nuestras mujeres, y pa-

328 852 1344 66 sados, nos separamos hasta otro año: esto se entiende los que so-

330 906 1337 66 mos sacerdotes, pues los seglares viven siempre juntos: en las

327 945 1343 69 festividades de la Natividad de Nuestro Señor Jesucristo, Pascua

325 1004 1347 57 de Resurreccion, Ascension y Natividad de Nuestra Señora, pre-

328 1045 1344 69 dicamos al pueblo en público, exhortándole al cumplimiento de

330 1092 1340 69 la divina Ley, y animándole á que resista las tentaciones del

330 1151 1339 67 comun enemigo. Administramos y guardamos muy recta, justi-

328 1193 1123 66 cia, castigando á los malos y premiando á los buenos.

402 1237 1270 69 En esta forma, caro y amado hermano, gobierno estas pro-

332 1287 1340 68 vincias y en la misma creo dirigís las vuestras: así lo cree del

330 1345 1163 77 celo cristiano con que os juzga poseido vuestro hermano

930 1395 644 76 El Preste Juan de las Indias.

844 1500 309 75 CAPITULO X.

325 1581 1342 87 De como el infante D. Pedro se despidió del Preste Juan y se

586 1646 821 76 vino á España con su acompañamiento.

397 1732 1270 63 Cuando el infante se hubo entregado de la carta y demás que

325 1774 1340 71 le habia dado el Preste Juan, á quien besó la mano, nos despe-

322 1825 1345 72 dimos de los arzobispos y obispos de palacio con muchas lágri-

323 1872 1339 74 mas y tiernos afectos, que á no haber sido por dejar al infante,

322 1921 1343 71 algunos de nosotros nos hubiéramos quedado por aquel país. Al

322 1970 1342 72 fin salimos de la córte guiados por los criados que nos proporcio-

323 2019 1346 67 naron, dando principio á nuestra jornada el dia primero de Abril

322 2068 1342 65 Seguimos juntos hasta los confines de aquellas provincias, donde

322 2122 1340 64 nos separamos de los criados, ellos para volverse á la córte y nos

320 2170 1344 61 otros para seguir nuestro camino. Llegamos á la ciudad de Capa-

316 2211 1332 77 docia, que pertenece á Turquía, en donde fuimos bien recibidos

318 2267 1344 62 descansando tres dias. De allí salimos para el mar Rojo, por don-

318 2319 1344 64 de pasaron los hijos de Israel cuando venian de Egipto, que fue-

316 2364 1346 68 ron seiscientos mil hombres sin las mujeres y niños. Desde aquel

316 2405 1346 106 punto tomamos el camino que habiamos llevado cuando fuimos
