2148 3034
1154 229 183 92 — 24 —

571 328 1340 66 hácia allí, por saber ya los pasos, costumbres y ceremonias de

576 384 1335 55 aquellos habitantes; pues aunque algunos de nuestra comitiva fue-

578 433 1333 55 ron de sentir nos volviésemos por otras provincias, García Rami-

574 480 1339 57 rez y otros con él dijeron que no convenia, porque ya nos cono-

578 529 1337 55 cian en las tierras por donde habíamos pasado, y no nos dejarian

579 576 1331 56 volver libremente sin exponernos á nuevos peligros. Pareció muy

579 621 1331 59 bien este dictámen al infante, y determinó que regresásemos

578 672 1330 61 por el camino que habiamos llevado, el que seguimos con tanta

576 721 1339 62 felicidad, que en ninguna de las provincias y reinos por donde

579 770 1331 55 pasábamos nos pusieron el menor impedimento en la marcha; la

576 817 1332 61 que continuamos sin suceso que de contar sea, embarcándonos en

564 864 1342 56 Alejandría hasta llegar á las costas de España. A nuestra arriba-

574 918 1334 52 da pasó el infante á ver á su primo el rey D. Juan, de quien des-

578 962 1323 62 pues de haberle entregado la carta del Preste Juan se despidió, y

579 1011 1331 59 pasamos á Portugal á besar la mano á su padre, al que contó

574 1060 1332 67 cuanto queda manifestado en tan dilatada y peligrosa jornada,

578 1102 890 67 gastando en ella tres años y cuatro meses.

650 1142 1260 76 Muy complacido quedó el rey de que su hijo hubiese vuelto

576 1201 1325 58 con felicidad: á todos los que le acompañamos mandó se nos die-

576 1252 1329 64 sen rentas con que poder mantenernos por los dias de nuestra vi-

576 1299 1270 84 da, con lo que nos retiramos cada uno á disfrutarlas en el seno

591 1348 371 147 nuestras familias.

1180 1747 128 108 FIN.
