2148 3034
1131 214 184 84 — 22 —

537 281 1344 93 á España: asimismo le dió una carta para el rey de Leon.

1036 401 339 89 CAPITULO IX

539 485 1345 83 Carta del Preste Juan de las Indias para el rey D. Juan el se-

585 547 1299 73 gundo de Castilla, en la que se le dá cuenta de los ritos y ce-

585 600 1299 72 remonias, de su reino, y costumbres de los habitantes que le

586 645 198 74 pueblan.

613 711 1271 81 Poderoso y cristianísimo rey D. Juan, salud en Nuestro Se-

541 775 1333 66 ñor Jesucristo. Os hago saber que nuestra ley es la de gracia,

542 832 1339 57 creyendo fiel y verdaderamente en Dios Padre, Hijo y Espíritu

542 878 1171 65 Santo, tres personas distintas y un solo Dios verdadero.

618 925 1263 62 Y por cuanto si apeteceis saber las particularidades de mis

542 977 1341 56 extensos dominios, os manifiesto que tengo bajo mi autori-

542 1028 1332 55 dad 64 reyes; me obedecen 12 arzobispos, 30 obispos y 4 patriar-

542 1073 1337 59 cas. El dominio de mis tierras se extiende á diez mil leguas

541 1117 1335 71 cuadradas, en las que tengo dos provincias muy importantes,

542 1166 1341 69 llamadas India mayor é India menor, en las que se crian mucha

546 1216 1335 70 variedad de animales y aves de tan grandes fuerzas, que sin

542 1267 1339 67 perder el vuelo arrebatan del suelo las reses y se las llevan al

542 1313 1342 64 nido para que coman sus hijuelos. Con los dromedarios, elefan-

546 1366 1330 68 tes, camellos y unicornios, se labran los campos y hacen las la-

547 1412 505 69 bores que necesitamos.

617 1449 1267 78 Tengo en mis Estados un territorio cuyos habitantes no tie-

542 1506 1339 69 nen mas de un ojo en medio de la frente; cuando muere alguno

544 1557 1337 67 se le comen entre sus parientes, á los cuales llaman gomeos; ha-

546 1609 1337 63 bitan entre dos sierras tan ásperas, que ni pueden llegar hasta

544 1655 1339 67 nosotros ni nosotros á ellos por la profundidad del valle en que

544 1704 1339 64 se crian: siendo en tanto número los que hay, que si Dios no hu-

547 1758 1332 59 biera permitido que estuvieran encerrados allí por la naturaleza,

546 1808 1337 62 podian cubrir mucha parte de la tierra; habiendo tradicion que

549 1859 1189 52 no saldrán de aquel sitio hasta que venga el Ante-Cristo.

618 1892 1266 68 Hay otra provincia con una clase de gentes que tienen los

546 1943 1337 67 piés redondos; son pacíficos, y se ocupan nada mas que en labrar

546 2004 1337 52 sus tierras. En otra isla tengo una generacion, cuyas gentes

547 2049 1334 56 son de la alzada de una vara, con corta diferencia, pero son muy

547 2095 1337 57 belicosos. En otra provincia hay unos cerros muy elevados, en

547 2142 1334 59 los que se cria gente que de cintura arriba son hombres y de

546 2192 1335 58 cintura abajo son caballos, y lo mismo las mujeres: estos pelean

546 2241 1337 58 fuertemente con los sagitarios, de los que hago traer algunos

546 2288 1338 58 á mi córte por curiosidad especial; los demás nunca salen de sus

546 2336 1340 60 montes. Tengo una provincia habitada por gigantes de la altu-

547 2376 1364 108 ra de dos hombres los que no me pagan tributo, aunque están á
