2148 3034
1052 343 193 73 — 12 —

477 443 1337 49 en esta misma forma, en cuyo tiempo le instruyó García Rami-

478 471 1332 66 rez de la grandeza del rey de Leon (á quién él llamaba su hijo),

483 517 1331 62 de los ritos, costumbres y demás pertenecientes á sus Estados, de

492 566 1330 69 lo que manifestó la mayor complacencia. En seguida y en nom-

492 613 1332 71 bre de todos, le pidió licencia para partirnos de allí, la cual con-

490 664 1334 64 cedió con mil doblas de oro y muchos ofrecimientos y amistades

494 718 864 57 para nuestro soberano, y nos despedimos.

563 753 1262 69 Nos dirigimos luego á la ciudad de Seta, y de ésta á la de

494 804 1331 69 Trasis, catorce leguas distante de Sodoma y Gomorra, cuyas dos

494 859 1333 69 poblaciones están convertidas en lagos de agua negra cubierta de

492 908 1335 62 carbones. Estas ciudades fueron algun dia de las mas importan-

494 955 1333 59 tes y ricas de aquella comarca; pero pervertidos en extremo sus

494 997 1333 73 habitantes, un fuego enviado del cielo los devoró y redujo á ce-

492 1053 1337 62 nizas. Tanta era la fertilidad de aquella tierra, que no obstante

492 1095 1337 68 el desastre sufrido, da aun señales de lo que fué: en cuyas inme-

492 1142 1337 64 diaciones se ven hermosos y frondosos árboles, y las frutas son las

495 1191 1334 68 mas vistosas de la tierra, pero por dentro se las advierte como

495 1248 1337 59 una especie de carbon ceniciento, de modo que ningun animal las

497 1289 1335 67 puede comer á causa de ser tan amargas como la hiel: hay tam-

497 1336 1337 68 bien muchedumbre de animales muy hermosos, mas de ningu-

495 1392 1334 67 na manera se puede hacer uso de sus carnes, por tener un sabor

494 1437 1340 71 fétido y sumamente desagradable. A la media legua de estos la-

495 1478 1342 79 gos está la mujer de Loth convertida en estátua de sal, en casti-

497 1535 1342 67 go de no haber obedecido al ángel, que al salir de la ciudad le

495 1582 1341 73 mandó marchar sin volver la cabeza atrás. Es del tamaño de una

495 1629 1341 70 mujer regular, y cuando crece la luna se hincha la estátua mas

495 1680 1339 59 de un palmo, y se disminuye cuando mengua: su postura es

499 1729 1338 59 vuelta la cabeza solamente, mirando á la parte que se le habia

499 1768 1338 70 vedado, en que hoy están los lagos, que ántes fueron las dos po-

499 1828 1333 58 blaciones referidas. Nos admiramos todos al ver aquel prodigio,

497 1872 1340 63 discurriendo cómo en tantos años que habian trascurrido permane-

500 1921 1337 62 cia como al principio, sin que los huracanes, agua del cielo y la

499 1963 1337 78 mala intemperie de aquellos climas hubiese podido borrar ni aun

499 2027 730 66 la mas mínima parte de la estátua.

1006 2110 325 81 CAPITULO V.

499 2160 1335 95 Como el infante D. Pedro y su compañía pasaron á la Arabia,

617 2246 1102 61 luego á Zagaur, monte Cálboe y despues al de Sinaí.

573 2283 1268 80 Tomamos al siguiente dia el camino de la ciudad de Sabá, en

502 2337 1339 75 la que existia un barrio ocupado por una generacion, cuyos

502 2390 1339 70 hombres tenian la cara á semejanza de perros, dándoles por los

502 2438 1337 66 demás habitantes el nombre de rusticanos, los cuales son muy

505 2484 1336 108 feroces y de malas propiedades; las mujeres de esta raza no ma-
