1411 2107
36 35 461 68 en el Golfo de Lepanto,

38 87 434 64 aquella Naval batalla.

87 129 448 71 En agua los marineros,

36 186 464 63 con navíos y fragatas

38 230 529 64 transportan las mercancias

45 275 506 79 por medio la mar salada.

96 323 587 77 Tambien verás que en la tierra

43 379 487 66 el trigo, avena y cebada

43 426 501 65 con el agua se alimentan,

43 474 561 73 tambien las flores y plantas.

100 526 525 72 Verás que muchas señoras,

47 579 478 68 apenas que se levantan,

47 628 481 70 con muchísimo cuydado,

49 675 499 72 van á limpiarse con agua

96 733 496 64 Las manos, para ponerse

49 774 532 67 á la hacienda que trabajan;

49 823 478 68 con agua guizan la olla,

49 872 492 67 con agua la carne lavan.

105 913 508 86 Con agua limpian la ropa,

54 974 539 72 con agua la harina amasan,

54 1020 546 77 con agua muelen el trigo,

61 1069 636 81 porque es de tanta importancia,

103 1121 568 85 Que el Sacerdote en la Misa,

56 1174 451 67 mírale atenta y repára,

59 1229 492 61 que si tiene el vino puro,

57 1272 438 64 no la dirá sin el agua.

115 1318 431 65 Y con el agua reciben

57 1369 491 72 la gran joya de la Gracia,

28 1422 492 73 los católicos cristianos;

61 1480 494 66 y en las lglesias sagradas,

107 1518 576 71 La primera accion que hacen

65 1566 449 75 toda la gente cristiana,

65 1620 511 70 es buscar agua y con ella

65 1676 516 67 se santiguan y dán gracias

110 1720 538 74 A Dios, que nos ha criado,

73 1773 469 65 por su piedad soberana,

65 1827 511 58 en esta tierra y que somos

66 1875 468 61 hijos de la lglesia santa.

121 1924 437 95 Verás que la Madalena

723 28 514 61 lavó sus culpas con agua,

725 68 464 67 vertida de sus dos ojos,

725 117 427 67 ante Dios arrodillada.

781 165 503 66 Ya habeis oído, bien mio,

725 221 490 65 de las virtudes del Agua

727 265 557 77 algunas porque son muchas,

727 316 524 80 y es imposible esplicarlas.

780 372 423 70 Pero confiansa tengo,

736 416 578 72 que alguna de ellas me valga,

739 468 482 76 para ablandar tu dureza,

738 519 551 76 pues me mojé por tu causa.

788 570 431 63 Y habeis de satisfacer,

734 616 381 67 hermosísima Diana,

732 667 501 66 las finezas que me debes,

732 725 510 54 no con oro, ni con plata,

785 765 559 65 Ni con perlas, ni diamantes,

736 814 516 76 sino con prenda mas alta,

739 860 599 79 que estimo mas que á mi vida,

743 916 511 74 y me muero por lograrla;

783 963 580 69 Que es tu persona, bien mio,

745 1013 509 73 que es joya mas estimada,

736 1065 525 64 que diamantes, ni zafiros,

739 1111 487 72 ni rubies, ni esmeraldas.

794 1164 490 63 Cesen ya vuestros enojos,

753 1213 466 67 perdonadme linda Dama,

741 1262 513 67 de lo que hubiese faltado,

750 1306 622 82 que estoy rendido á tus plantas.

792 1359 392 72 Hermosísima señora,

750 1409 464 69 quede de ahora firmada

748 1460 566 76 la paz y nunca haya guerra,

753 1513 438 69 que con esta confianza

794 1555 485 72 Me iré clavel encarnado;

757 1615 393 61 pero te llevo sellada

752 1655 485 70 en el papel de mi pecho,

759 1708 534 72 por donde quiera que vaya,

801 1754 381 66 Sin olvidarte jamás.

753 1806 433 67 A Dios Rosa colorada,

753 1854 496 63 á Dios Azucena hermosa,

755 1905 564 117 que dais al mundo fragancia.

1300 1964 53 58 Y
