1397 2112
31 42 631 72 pecho á pecho y brazo á brazo,

24 80 442 80 le cortaré la garganta.

79 132 525 77 Mas quien será el atrevido,

38 186 437 70 y villano que tal haga,

29 234 506 65 sabiendo que yo te adoro

31 283 624 77 mas que á mi vida y mi alma;

89 332 464 76 Y me guardan el decoro

35 385 467 74 los Jaquetones de fama?

38 434 494 69 Y si acaso no me quieres,

31 489 499 74 como no me desengañas?

82 533 592 84 Que me iré si es vuestro gusto

31 593 453 61 á vivir á las montañas,

35 633 502 85 solo porque no me veas

35 689 467 73 alguna vez descuydada,

91 730 486 77 Y te cause pesadumbre,

33 786 513 72 si es que estás enamorada

29 837 510 69 de otro galan mas brioso,

47 894 576 65 y que aun mas que yo te ama.

65 931 546 84 Pero es señora, imposible,

42 989 507 67 porque te llevo estampada

35 1036 445 60 en mi corazon señora;

38 1091 427 65 yendo toda la semana

84 1135 504 81 Midiéndola por momentos

35 1193 458 67 sin hacerme gozo nada,

33 1237 551 74 hasta el sábado, que vengo

35 1291 463 67 con fatiga y pena tanta

88 1339 569 63 A ver tu puerta, que en eso

35 1390 460 60 hallan alivio mis ansias,

36 1452 478 45 duélete de mis suspiros;

33 1488 532 66 no te muestres tan ingrata,

84 1527 588 71 Qne ablandan las duras peñas,

36 1585 518 74 y tu pecho no se ablanda,

44 1633 489 77 juzgo que será de bronce,

42 1679 585 82 pues no pueden mis palabras

84 1737 497 59 Ablandar vuestra dureza,

40 1786 483 65 que si miro tus pisadas,

38 1837 474 62 cuando de tu casa sales,

40 1883 433 72 á tierra los ojos bajas,

95 1939 496 77 Y te cubres con el manto

722 49 463 51 porque no vea tu cara;

709 80 439 74 cosa que jamas hacias

709 132 515 77 antes bien lugar me dabas

727 183 456 73 para que te acompañase

716 232 430 61 cuando salias de casa

769 265 529 95 Los Domingos y las fiestas,

727 336 518 74 de tarde ó por la mañana

722 388 516 71 como ahora me aborreces,

725 434 494 71 y te muestras tan ingrata

768 482 505 74 Para mi ; pues me decias,

736 533 477 70 cuando las noches pasaba

724 568 581 93 de claro en claro á tu puerta,

722 633 544 88 que á pesar de quien pesara

766 684 484 62 Habias de ser mi esposa;

722 728 502 74 como habido tal mudanza,

732 777 504 81 que faltais á lo tratado?

724 836 560 72 bien conozco que eran falsas

773 885 486 65 Las finezas que algun dia

715 931 542 65 con cariño me mostrabas.

718 982 606 63 Bien sabes que muchas noches,

708 1029 502 79 hasta que el Alva rayára,

773 1087 439 60 Esperando que salieses

725 1124 543 78 sentado á tu puerta estaba;

734 1182 469 62 y en ocasiones lloviendo,

729 1230 460 75 y no se me daba nada;

771 1281 442 70 Antes tenia gran gusto

716 1341 499 58 de mojarme por tu causa.

722 1374 560 76 Mas no os admireis que diga,

725 1427 376 72 hermosísima Zagala,

769 1476 557 72 Que el agua me diese gusto,

725 1522 617 76 porque es tan linda y tan clara,

729 1578 444 71 y tiene tantas virtudes,

731 1628 565 73 que es imposible contarlas.

778 1673 483 72 Y si me escuchas atenta,

724 1731 517 58 te diré en breves palabras,

734 1772 483 81 porque lo sepais señora

725 1825 467 70 sus virtudes soberanas.

773 1874 491 63 Sabrás que en agua ganó

725 1923 610 86 el insigne Don Juan de Austria,

1264 1987 48 56 en
