1888 2544
324 729 1133 135 COL-LOQUI DE QUATRE APRENENTS:

239 816 1284 123 UN TEIXIDOR, UN FORNER, UN SASTRE Y UN SABATER.

258 920 420 57 Confrares de la alegría

220 956 446 76 y devots del bon humor,

218 1004 524 77 si estau un poch de patxorra,

218 1060 363 61 escolteu ab atenció,

222 1089 520 89 que'us vull referir un cuento

224 1153 393 63 alegre, gustós y nou.

229 1189 451 74 Una tarde de estas festas

231 1238 409 84 passava jo desdel Born

235 1284 460 85 per la vora del gran rech

233 1333 505 74 dret á la plassa dels porchs,

235 1382 482 78 quant vegí sobre un pedrís

229 1422 515 93 dels que fan barana al pont,

239 1481 397 72 quatre canaris novells

243 1522 482 76 que estavan prenent lo sol,

252 1575 407 80 y que passavan lo cant

241 1617 442 72 ab molta gala y primor.

250 1668 460 70 Viu allí quatre aprenents,

252 1721 426 66 que formavan entre tots

250 1763 407 72 la mes pícara quatreta

254 1802 520 89 que se haja vist de minyons.

256 1857 554 76 Lo un se diu Climent Borruga,

254 1908 376 67 es natural de Ripoll,

258 1952 459 72 es fill de un pedrenyaler,

269 2003 407 80 y es aprenent teixidor.

267 2054 401 70 Altre que fa de forner,

260 2090 480 76 se anomena Blay Cendrós,

271 2145 505 81 y es fill de una pobre viuda

269 2194 416 74 de la vila de Riudoms.

271 2240 465 83 Lo ters es fill de un pagés

271 2293 490 117 que fou batlle de Puiggrós,

920 877 469 77 se diu Bernat Pastanaga,

924 949 393 51 fa cara de gran bribó,

929 970 555 90 y, segons diu, se ha fet sastre

937 1026 522 74 per no anar detras dels bous.

933 1070 498 87 Lo quart es lo mes vergant,

933 1121 441 70 e bè apareix un mussol,

941 1159 473 98 (que prou vegadas als fets

935 1216 407 81 la cara no correspon):

935 1263 426 68 es de la plana de Vich,

937 1316 333 66 batejat en Torelló,

941 1356 355 72 es aprenent sabater,

950 1407 392 70 y s' diu Celdoni Clicot.

941 1454 408 72 Estavan los quatre allí

944 1494 460 83 dihentse quatre mil mots,

950 1553 481 70 quant jo reparant la bulla,

954 1604 463 72 procurí acostarmehi prop,

952 1640 482 83 assentantme detras de ells,

954 1696 465 69 com qui no hi es per axó.

956 1751 478 70 En aquest temps lo forner,

965 1789 394 76 parlant ab lo teixidor,

956 1831 452 74 li deya: ¡Ay desditxat!

963 1880 449 83 No sé com fores tan boig,

965 1935 452 81 que prenguesses eix ofici

967 1977 428 75 en que serás un pobrot,

969 2018 507 91 un perdut, un mort de fam,

971 2077 431 68 desconegut, sense nom,

980 2109 566 100 puig lo mes que pots preténdrer

973 2175 407 65 es ser mestre teixidor.

975 2209 505 93 Si lo mestratge no alcansas,

977 2268 454 121 si no logras aqueix goig,
